4825 6175
165 4027 586 4106 symmystas
631 4026 699 4085 et
741 4041 970 4086 omnes
1014 4021 1278 4087 amicos.

200 408 302 476 381

196 588 453 678 peditus.
474 592 532 668 ⁴)
650 588 803 656 Non
867 596 1006 656 tam
1070 608 1180 654 me
1241 588 1500 656 iactura
1562 585 1872 654 movebat
1933 605 2132 671 quam

196 673 345 762 quod
386 695 574 740 meae
616 674 921 760 ignaviae
955 673 1026 740 id
1060 674 1489 758 imputabam.
1555 673 1844 740 Posthac
1877 671 2132 755 sapiam

193 765 361 830 ictus.
449 761 682 826 Mirati
717 754 945 828 sumus
988 781 1115 844 quo
1159 759 1434 826 consilio
1477 759 1915 843 suppresserit
1946 756 2131 823 Wen-

193 849 425 916 dazinus
488 845 836 931 epistolam
904 845 987 911 ad
1042 849 1162 913 v'os
1219 866 1439 912 meam
1502 845 1575 910 in
1626 843 1845 911 libello
1899 850 2131 909 contra

192 932 659 1019 Anabaptistas.
676 933 737 1016 ⁵)
866 932 1078 998 Missa
1154 931 1330 997 enim
1406 932 1624 998 fuerat
1699 950 1740 994 a
1822 929 2129 996 Gallasio.

189 1018 402 1086 Primo
447 1018 687 1084 nuncio
732 1018 932 1084 sciam
957 1040 1078 1084 cur
1111 1037 1260 1082 eam
1281 1025 1349 1082 et
1377 1016 1679 1082 'libellum
1701 1015 1782 1081 de
1801 1015 2130 1099 Reliquiis

191 1113 395 1171 teneat
439 1104 614 1190 apud
658 1124 747 1181 se,
787 1112 853 1168 et
894 1102 1152 1170 nullam
1195 1103 1595 1169 mentionem
1642 1103 1855 1168 faciat.
1879 1101 1935 1176 ⁶)

342 1189 643 1258 Iusseras
687 1211 774 1255 ne
819 1196 960 1256 otes
1003 1195 1151 1255 tuos
1174 1193 1226 1270 ⁷)
1269 1188 1352 1253 ad
1397 1201 1462 1256 te
1502 1187 1744 1254 reduci.
1833 1187 1966 1254 Hic
2010 1207 2129 1271 pro

186 1274 427 1341 duobus
491 1284 626 1342 tres
692 1277 781 1340 ha
825 1276 981 1342 ebis.
1083 1275 1483 1359 Magistrum
1549 1274 1744 1340 tertio
1811 1274 2128 1352 invenire,

182 1383 305 1427 non
348 1360 512 1450 adeo
554 1361 746 1428 facile
792 1370 982 1427 esset.
1071 1361 1512 1426 Tentaveram
1567 1360 2017 1437 nihilominus,
2062 1367 2131 1422 et

181 1446 644 1531 perrexissem,
706 1446 836 1512 nisi
891 1448 1064 1513 istuc
1122 1447 1448 1528 proficisci
1506 1466 1577 1511 se
1620 1445 1791 1511 velle
1835 1445 2128 1510 dixisset.

181 1533 320 1599 Non
376 1532 686 1611 dissuasi,
800 1533 927 1600 uod
990 1532 1218 1597 literas
1286 1531 1368 1596 ad
1427 1538 1493 1597 te
1551 1531 1832 1598 habebat
1897 1551 1937 1595 a
1993 1530 2130 1598 suis

178 1618 537 1686 avunculis.
605 1617 754 1701 Quo
842 1617 926 1684 ad
971 1639 1122 1683 eum
1158 1618 1444 1700 pertinet
1484 1638 1681 1701 quem
1722 1616 1884 1682 mihi
1928 1617 2132 1681 stater

178 1716 323 1770 tuus
363 1703 768 1770 Gaucherias
803 1703 1002 1772 simul
1037 1701 1554 1782 commendabat,
1599 1702 1895 1771 consului
1939 1700 2130 1766 initio

175 1798 242 1855 ut
283 1811 355 1857 se
399 1789 773 1856 'l'ononium
818 1791 1158 1856 conferret.
1225 1788 1372 1856 Illic
1415 1790 1590 1854 enim
1632 1789 1947 1873 putabam
1990 1808 2128 1852 me-

176 1876 384 1943 dicum
434 1875 809 1941 desiderari.
902 1874 1169 1960 (Nescio
1214 1896 1300 1940 an
1342 1877 1561 1941 iturus
1606 1875 1709 1939 sit.
1784 1873 1950 1940 Fuit
1990 1871 2132 1938 ludi

173 1963 595 2114 ffissffifflssstn
596 1960 1722 2128 ffiffisseffssssffimaffissss‘ffi
1725 1959 2133 2111 ‘³J1ltff'n‘1'Si‘1’1‘i

169 2132 510 2211 indicavit,
559 2133 884 2199 Textorem
917 2133 1065 2199 istic
1099 2152 1265 2216 quae
1299 2131 1662 2216 postulavit
1701 2130 1973 2197 minime
2005 2129 2132 2195 im-

169 2227 603 2304 petratnrum.
617 2220 675 2301 ⁹)
760 2219 998 2302 Itaque
1053 2218 1268 2284 locum
1325 2219 1465 2284 fore
1522 2237 1804 2284 vacuum
1857 2215 2132 2282 medico.

168 2305 273 2370 Ex
319 2302 608 2371 adverso
647 2303 1128 2385 christophorus
1170 2325 1320 2369 cum
1370 2303 1632 2369 rmore
1673 2324 1756 2369 ex
1879 2302 2135 2367 tulabat

168 2388 336 2474 quod
383 2391 470 2456 ab
509 2412 583 2455 eo
619 2389 809 2455 nihil.
875 2388 1063 2455 Haec
1105 2409 1240 2454 non
1285 2398 1672 2474 congruunt.
1737 2324 2133 2471 &32an

168 2497 248 2541 ne
289 2475 363 2541 id
410 2475 679 2559 quidem
722 2474 1020 2560 intelligo
1063 2473 1221 2559 quid
1265 2474 1389 2541 sibi
1432 2474 1596 2540 velit
1634 2473 2130 2556 Christophonae.

167 2560 323 2628 Misi
368 2562 554 2627 enim
596 2582 762 2645 quae
803 2560 1030 2627 Teaetor
1063 2562 1416 2645 scripserat
1457 2560 1842 2627 Matiscone.
1871 2564 1957 2636 ¹⁰)
2024 2558 2134 2625 Ad

43 2651 46 2706 ὃ
167 2669 240 2713 ea
283 2648 345 2712 si
389 2646 555 2732 quid
597 2646 801 2713 habes
819 2698 836 2725 ,
897 2645 1134 2714 curabo
1191 2654 1266 2712 ut
1322 2646 1546 2712 statim
1589 2646 1675 2713 ad
1719 2667 1876 2711 eum
1918 2645 2132 2731 perfe-

165 2740 370 2799 ratur.
479 2732 712 2798 Bonus
770 2735 875 2800 vir
931 2732 1068 2798 illic
1120 2733 1542 2816 conqueritur
1600 2752 1671 2798 se
1727 2732 1931 2797 fuisse
1984 2751 2134 2797 meo

165 2819 435 2885 consilio
497 2818 902 2884 destitutum.
994 2819 1087 2884 At
1139 2817 1487 2884 immerito.
1573 2817 1897 2883 Libenter
1954 2816 2133 2882 enim

39 2943 46 2980 3
164 2925 313 2970 eum
358 2904 821 2970 retinuissem:
885 2903 1221 2972 dissuasor
1261 2912 1484 2969 autem
1525 2903 1946 2986 profectionis
1989 2922 2134 2969 esse

166 2989 510 3072 nolebam,
564 3012 649 3056 ne
704 3012 889 3055 meae
944 2989 1388 3055 commoditati
1447 2989 1726 3055 viderer'
1761 2990 1972 3073 magis
2016 2988 2131 3054 ad·

165 3076 378 3145 dictus
425 3098 628 3160 quam
673 3075 864 3141 amici
902 3076 1187 3141 utilitati.
1258 3075 1511 3141 Verum
1557 3075 1719 3141 haec
1764 3082 1914 3159 post
1953 3072 2132 3141 illius

167 3162 457 3229 reditum
524 3161 981 3241 tractabimus,
1059 3170 1125 3227 et
1188 3162 1378 3227 facile
1458 3160 1851 3227 discutietur
1916 3161 2131 3227 omnis

41 3320 42 3323 Ἴ
164 3250 436 3315 offensa.

333 3333 547 3416 Quod
619 3333 829 3399 Vireto
886 3334 1234 3417 scripsisti,
1273 3340 1367 3419 'te
1435 3333 1657 3398 vereri
1733 3353 1816 3399 ne
1873 3332 1994 3398 tibi
2051 3333 2133 3399 ob

41 3434 42 3441 ’
162 3420 393 3488 literas
440 3420 815 3504 resignatas
859 3420 1193 3499 irascerer,
1241 3440 1361 3503 ego
1394 3440 1554 3484 vero
1590 3418 1708 3484 tibi
1753 3418 1928 3484 serio
1971 3419 2132 3485 iras·

164 3525 270 3571 cor
310 3506 480 3590 quia
526 3503 596 3569 id
639 3505 910 3571 vereris.
998 3505 1201 3571 Mene
1246 3504 1407 3570 adeo
1452 3502 1776 3588 duplicem
1822 3525 1967 3571 esse
2008 3525 2133 3587 pu-

162 3591 299 3657 tas?
396 3591 584 3657 Nam
625 3589 829 3656 semel
872 3599 1065 3674 atque
1120 3591 1364 3656 iterum
1420 3588 1730 3655 mandavi
1786 3599 1863 3656 ut
1902 3591 1998 3655 ita
2040 3590 2134 3655 fa-

41 3680 42 3689 ’
164 3697 360 3744 ceres.
429 3676 587 3743 Nisi
618 3676 887 3741 illorum
921 3677 1091 3742 forte
1124 3677 1385 3742 intersit
1418 3677 1533 3759 qui
1575 3676 1890 3755 scribunt,
1935 3675 2138 3741 velim

41 3816 42 3845 ¹
163 3762 279 3830 tibi
323 3782 602 3847 semper
643 3768 785 3843 e'sse
829 3761 1124 3828 liberum.
1191 3762 1307 3829 Me
1349 3761 1433 3828 ad
1474 3782 1593 3828 vos
1629 3769 1786 3828 ante
1829 3763 2139 3847 hyemem

167 3856 535 3915 venturum
575 3847 873 3914 nondum
909 3847 1201 3932 despero.
1259 3846 1439 3930 Vale,
1473 3848 1678 3913 frater
1710 3848 2138 3934 integerrime

164 3942 226 3999 et
280 3935 464 4001 mihi
539 3934 613 3999 in
669 3935 959 4001 Domino
1025 3933 1376 4001 carissime.
1490 3931 1723 4000 Saluta
1787 3933 2139 4018 diligenter

1365 4018 1695 4086 Dominus
1733 4018 1923 4085 vobis
1967 4017 2139 4085 adsit

164 4118 516 4192 perpetuo,
562 4126 683 4173 vos
725 4113 1008 4187 tueatur,
1053 4126 1173 4173 vos
1215 4116 1421 4191 regat,
1468 4105 1707 4172 vestris
1750 4107 1995 4172 sanctis
2028 4106 2137 4171 ·la-

166 4193 440 4260 boribus
487 4189 852 4258 benedicat.
944 4193 1182 4258 Amen.

1110 4277 1392 4344 Ioannes
1435 4274 1755 4343 Calvinus
1801 4284 1971 4343 tuus.

167 4567 229 4622 ae
372 4498 451 4620 4)l
461 4498 601 4623 ὀξέϊ
632 4501 1063 4622 ῖοοέηὲΐοηίανίιιε,
1097 4516 1218 4555 cum
1254 4515 1314 4555 eo
1347 4500 1411 4553 in
1437 4498 1583 4569 Eph.
1609 4498 1751 4553 Pla-¹.
1767 4505 1815 4553 et
1842 4496 1951 4553 002.
1988 4460 2138 4553 anub

231 4585 381 4623 num
678 4585 709 4622 ο
750 4586 771 4621 ι
819 4607 830 4620 .

373 4637 442 4703 5)
488 4637 574 4704 Of.
599 4584 860 4706 ffirokyq.
908 4635 966 4690 T.
1002 4634 1120 4690 Vll.
1156 4652 1209 4704 p.
1235 4634 1320 4690 26.
1390 4634 1482 4690 De
1518 4636 1802 4691 industria
1834 4635 1899 4690 id
1929 4635 2137 4702 factum

123 4740 138 4773 ,
169 4721 523 4777 nequaquam
559 4706 714 4761 cred·
809 4707 968 4774 imus,
1042 4706 1187 4760 oliae
1222 4720 1288 4759 em
1324 4706 1633 4761 oscitantia.

374 4773 443 4842 6)
482 4774 654 4829 Hanc
689 4792 724 4829 a
829 4792 917 4829 am
1012 4774 1202 4829 allas&
1233 4774 1691 4830 elucubrationem
1710 4772 1965 4829 Rooezius
1998 4789 2137 4828 nun·

121 4842 130 4849 ¹
172 4858 332 4913 quam
364 4846 533 4913 prelo
570 4859 671 4897 suo
704 4844 949 4914 subiecit,
981 4846 1246 4898 nescimus
1315 4906 1316 4909 Ἴ
1428 4842 1496 4898 de
1529 4858 1718 4898 caasa.
1773 4841 1994 4898 Prodat
2036 4841 2136 4897 Ge-

175 4928 337 4967 nevae
373 4929 430 4968 a.
474 4913 692 4966 demum
728 4911 880 4966 1548.
954 4912 1230 4979 (Proleqq.
1326 4910 1371 4969 1.
1400 4927 1461 4981 p.
1497 4910 1610 4980 27.)

381 4981 445 5045 7)
499 4979 612 5049 Qui
641 4981 749 5048 filii
781 4983 1039 5035 videntur
1068 4980 1245 5046 fuisse
1278 4978 1330 5035 1.
1354 4980 1405 5035 1.
1443 4979 1659 5037 Farelli
1688 4980 2144 5051 pharmacopolae

182 5046 541 5117 Gmevensis,
575 5064 752 5119 nuper
784 5055 847 5105 ut
879 5050 1097 5104 videtur
1132 5050 1393 5117 defuncti.

379 5117 447 5185 8)
489 5118 649 5172 Haec
683 5119 745 5173 in
777 5120 1043 5188 margine.

380 5187 448 5253 9)
505 5187 731 5242 Videtur
775 5187 974 5243 Textov-
1008 5187 1178 5242 alium
1223 5188 1332 5245 eibi
1374 5187 1549 5244 locam
1593 5189 1903 5258 quaesiisse,
1941 5186 2139 5242 Matis-

182 5270 358 5311 conem
393 5255 714 5311 relicturas.
858 5299 874 5315 .
913 5255 989 5313 N.
1022 5254 1141 5310 831.
1569 5316 1574 5325 ⁴

347 5324 445 5392 10)
485 5324 761 5380 Matisono
853 5368 865 5382 .

1856 404 2019 464 1546
2064 370 2523 466 ΒΕΡΤΕΕΒ.

4062 401 4195 492 382.

2407 585 2643 653 Subito
2670 590 2750 666 ¹¹)
2782 586 3132 656 consilium
3167 607 3470 672 ceperam
3506 588 3604 654 tui
3639 587 3914 656 visendi.
3982 588 4191 654 Eram

2233 672 2370 738 fere
2424 672 2559 738 iam
2615 674 2690 740 in
2745 673 2964 740 medio
3019 674 3272 740 itinere.
3378 672 3556 756 Quid
3613 696 3721 741 me
3774 673 4040 740 domum
4082 696 4195 740 re-.

2233 758 2513 825 traxerit
2553 757 2883 845 intelliges
2926 781 3010 825 ex
3065 758 3279 825 literis
3331 781 3497 844 quas
3550 759 3633 827 ad
3687 769 3756 826 te
3808 760 4018 825 mitto.
4108 758 4189 827 Si

2234 852 2495 910 tantum
2540 844 2620 910 de
2663 845 2861 912 rebus
2913 845 3138 930 magni
3191 846 3511 912 momenti
3563 844 3737 912 velle
3780 868 3850 912 se
3894 845 4190 913 conferre

2234 929 2528 1009 dixisset,
2675 939 2848 997 terat
2889 952 2967 997 ea
3010 932 3309 997 tractatio
3363 933 3435 996 in
3479 931 3727 1015 aliquot
3769 930 3907 998 dies
3951 932 4193 998 saltem

2235 1015 2504 1082 differri.
2588 952 2733 1083 1§ed
2777 1015 2933 1082 dum
2990 1017 3358 1083 maximum
3410 1018 3778 1102 periculum
3824 1039 4187 1083 summum-

2233 1123 2358 1185 que
2402 1101 2751 1169 discrimen
2799 1100 3059 1188 allegat,
3107 1125 3223 1169 nos
3259 1124 3486 1170 omnes
3529 1104 3903 1182 commovit,
3947 1113 4023 1169 ut
4065 1124 4188 1188 pu-

2233 1195 2522 1253 taremus
2568 1210 2710 1255 esse
2752 1190 2959 1255 satius
3014 1191 3239 1255 statim
3291 1188 3523 1255 redire.
3612 1189 3842 1272 Itaque
3884 1188 4070 1255 vides
4114 1197 4190 1255 ut

2232 1274 2457 1358 priver
2509 1282 2622 1339 tuo
2680 1282 2747 1339 et
2799 1275 3078 1340 fratrum
3136 1282 3523 1360 conspectu,
3591 1296 3782 1424 quem
3843 1283 4021 1340 certa
4072 1296 4188 1359 spe

2230 1360 2366 1425 iam
2398 1360 2730 1426 vorabam.
2813 1360 3064 1426 Viretus
3096 1381 3232 1426 non
3273 1361 3494 1426 minus
3536 1359 3605 1424 hi
3634 1361 3767 1426 aris
3811 1369 3952 1426 erat
3986 1383 4191 1447 quum

2232 1465 2339 1510 me
2374 1447 2622 1511 iturum
2648 1453 2930 1529 putaret,
2969 1467 3163 1530 quam
3199 1468 3318 1513 vos
3354 1446 3606 1512 futuros
3642 1447 3844 1512 fuisse
3879 1448 4187 1513 existimo

2232 1531 2288 1595 si
2347 1530 2677 1597 venissem
2695 1580 2711 1609 ,
2783 1554 2859 1598 ac
2922 1531 3267 1599 consilium
3325 1529 3832 1616 institutumque
3884 1542 4190 1599 nostrum

2233 1618 2649 1683 confirmavit
2713 1639 2841 1701 qua
2903 1618 3122 1703 potuit
3186 1617 3653 1684 cohortatione.
3765 1616 3900 1685 Sed
3963 1627 4189 1685 tamen

2233 1723 2368 1768 non
2425 1724 2625 1770 ausus
2680 1715 2780 1771 est
2836 1725 3045 1790 usque
3103 1703 3264 1771 adeo
3322 1702 3713 1771 contendere
3767 1705 3924 1789 quin
3979 1705 4190 1772 satius

2233 1808 2376 1854 esse
2419 1789 2763 1868 fateretur,
2824 1790 3119 1875 pericula
3178 1811 3455 1874 quorum
3518 1792 3820 1858 meminit
3864 1790 4188 1857 Zeffkintes

2233 1875 2612 1960 anticipare.

3015 2135 3418 2144 *—

3142 2369 3300 2441 827.

2767 2520 3176 2590 VIRE'I'US
3215 2522 3652 2591 OALVINO.

2415 2692 2820 2760 Traia-§mittit
2873 2695 2934 2758 ei
2994 2693 3245 2760 Saleeri
3295 2695 3512 2762 literas
3568 2695 3647 2762 de
3686 2696 3869 2763 rebus
3910 2697 4191 2765 Remen-

2236 2778 2415 2846 sibus
2453 2781 2782 2861 querentis.
2876 2779 3042 2845 Petit
3081 2785 3154 2845 ut
3195 2781 3559 2863 opacandum
3591 2802 3780 2848 sumn
3820 2784 3947 2850 sibi
3984 2787 4191 2852 remit-

2235 2870 2408 2931 tatwr
2448 2885 2591 2931 cum
2632 2865 3177 2932 observationibus.

2518 3038 2628 3104 (Ex
2666 3036 3003 3108 autographo
3039 3036 3169 3091 Ood.
3206 3037 3409 3092 Genev.
3446 3037 3589 3092 111⁸,
3632 3038 3724 3093 fol.
3761 3038 3906 3108 157.)

2674 3226 2760 3292 D.
2808 3227 3046 3293 Ioanni
3091 3227 3373 3296 Calvino
3416 3227 3751 3296 Genevae.

2411 3363 2482 3431 S.
2529 3365 2730 3430 Mitto
2775 3364 2858 3429 ad
2901 3374 2969 3430 te
3012 3365 3237 3431 literas
3287 3365 3561 3434 Sultzeri
3589 3371 3638 3453 ¹)
3683 3390 3762 3433 ex
3809 3370 4043 3452 quibus
4087 3372 4191 3435 in-

2237 3450 2496 3535 telliges
2540 3450 2696 3536 quid
2739 3471 2778 3514 a
2819 3449 3007 3517 nobis
3047 3450 3350 3535 postulet.
3438 3454 3584 3517 Iam
3625 3453 3919 3518 sentiunt
3961 3465 4028 3518 et
4068 3457 4194 3539 ipsi

2239 3538 2537 3605 fructum
2603 3535 2986 3619 disciplinae
3044 3537 3548 3615 ecclesiasticae,
3612 3557 3809 3620 quam
3873 3537 4193 3607 hactenus

2240 3645 2376 3688 non
2419 3623 2633 3688 solum
2671 3622 3053 3688 conculcare
3070 3622 3127 3707 ²)
3167 3620 3345 3706 pas'si
3389 3632 3560 3696 sunt,
3608 3623 3721 3688 sed
3762 3624 3893 3707 ipsi
3935 3625 4195 3692 concul-

2242 3716 2499 3788 carunt,
2546 3717 2612 3773 et
2653 3714 2732 3773 ut
2771 3706 3263 3775 conculcaretur
3296 3717 3557 3773 autores
3601 3709 3884 3774 suerunt.
3952 3710 4196 3777 Nostro

2241 3804 2467 3861 tamen
2509 3794 2723 3860 officio
2765 3793 3303 3859 satisfaciendum
3358 3808 3460 3860 est
3510 3794 3725 3878 magis
3775 3817 3973 3878 quam
4017 3797 4196 3883 cogi-

2242 3879 2521 3956 tandum
2585 3879 2744 3963 quid
2806 3880 2933 3962 ipsi
2998 3881 3381 3946 meruerint.
3492 3881 3593 3945 'ru
3658 3879 3866 3964 igitur
3928 3883 4198 3949 consule

2285 3966 2416 4033 uod
2461 3965 2822 4033 consultius
2864 3963 3192 4035 iudicaris.
3281 3965 3429 4049 Ego
3482 3986 3664 4033 meas
3982 3989 4197 4054 agam.

2310 4073 2496 4119 ereor
2537 4059 2762 4117 tamen
2796 4051 3050 4118 interea
3093 4072 3176 4117 ne
3219 4050 3424 4131 nobis,
3469 4060 3545 4117 ut
3585 4051 3721 4118 fere
3764 4052 3994 4132 solent,
4038 4055 4198 4122 abu-

2418 4289 2513 4357 11)
2550 4290 2676 4347 Hoc
2704 4291 2965 4360 post-scd
3001 4297 3114 4346 tim
3155 4289 3295 4356 folio
3338 4305 3495 4345 verso
3538 4292 3919 4360 superioribas
3951 4291 4199 4347 additu-⁸

2243 4361 2691 4415 Bretschnet'deri
2721 4359 2902 4416 oculos
3046 4360 3104 4413 it.
3189 4358 3473 4413 Calvinum
3520 4358 3590 4415 N
3585 4377 3857 4416 eocomum
3895 4360 4199 4430 profectum

2240 4429 2415 4496 fuisse
2450 4435 2502 4485 et
2532 4444 2705 4499 usqae
2737 4428 2815 4483 ad
2848 4429 3215 4483 Laeuamtam
3244 4429 3559 4496 pervenisse
3592 4429 3873 4485 declarant
3906 4431 4069 4484 etiam
4107 4430 4198 4485 Se-

2241 4506 2411 4553 natus
2446 4499 2823 4621 cognmentarii
2853 4496 2979 4632 adef
2965 4497 3017 4550 d.
3022 4496 3125 4620 130
3136 4495 3293 4619 ἔξω
3351 4497 3511 4551 Leter'
3510 4514 3578 4551 ae
3611 4514 3845 4568 quarum
3878 4498 3968 4553 hic
4001 4499 4199 4553 mentio·

2337 4568 2504 4636 depen-
2541 4569 2652 4621 itae
2684 4572 2829 4621 sunt.
2972 4605 2986 4620 .
3086 4606 3099 4618 .
3242 4606 3255 4619 .

2276 4635 2418 4690 82¹7.
2455 4635 2514 4704 1)
2550 4635 2677 4689 Hae
2709 4635 2913 4705 literae,
2948 4634 3000 4689 si
3055 4634 3158 4689 uid
3172 4634 3431 4702 videmus,
3467 4635 3702 4704 agebant
3735 4635 3802 4690 de
3834 4640 3983 4689 stam
4014 4650 4199 4691 rerum

2241 4707 2421 4828 malis
2451 4705 2567 4772 fuit
2584 4703 2804 4759 Bernae
2834 4710 2956 4773 post
2991 4720 3022 4757 ο
3071 4706 3081 4717 ”
3140 4719 3193 4757 m
3219 4702 3322 4759 Er.
3351 4702 3576 4773 Ritten',
3619 4703 3732 4760 Cal.
3750 4704 3898 4773 Aua.
3935 4703 4199 4770 defncncti.

2313 4774 2532 4828 indstrie
2563 4772 2655 4827 ius
2683 4772 3027 4842 proponendi
3059 4774 3399 4841 competebat,
3444 4789 3553 4843 quo
3588 4774 3680 4826 asi
3716 4772 3971 4827 διακονία
4004 4777 4057 4826 et
4094 4771 4199 4827 Ge-

2240 4844 2478 4912 myi'm
2511 4856 2668 4896 suam
2695 4848 2927 4912 partem,
2958 4841 3074 4896 scil.
3108 4842 3645 4909 lutheranaemtm,
3677 4856 3818 4896 novo
3850 4840 4063 4896 adscito
4096 4842 4202 4896 col-

2243 4913 2362 4981 leqa
2393 4912 2617 4977 firmare
2649 4912 2954 4979 cupiebant.
3013 4910 3248 4967 &natue
3281 4917 3473 4980 am,
3506 4909 3821 4979 posthabita
3853 4925 4038 4965 eorum
4068 4926 4198 4979 pro-

2280 4982 2527 5047 mitione,
2562 4981 2778 5035 vocavit
2810 4979 3075 5035 Iodocum
3114 4979 3549 5045 Ksschmeieram,
3588 4985 3864 5047 pastorem
3900 4980 3962 5033 in
3996 4979 4200 5047 oppido

2305 5050 2581 5113 manaem,
2620 5048 2830 5104 Ritteri
2861 5050 2924 5103 in
2956 5048 3252 5103 asserendo
3288 5047 3737 5117 Zwe‘nqlianiemo
3767 5045 3949 5115 fidam
3994 5062 4197 5102 succee-

2244 5133 2433 5173 sorem.
2503 5118 2659 5173 Hinc
2699 5118 2828 5172 alae
2875 5118 3162 5187 lacrymae.
3242 5115 3326 5182 Of.
3375 5116 3791 5185 Ηυηάιελαρσπ,
3825 5131 3881 5185 p.
3918 5112 4019 5169 197
4054 5130 4196 5187 seqq.

2250 5186 2537 5242 Calvinum
2570 5193 2622 5242 et
2658 5185 2897 5242 Virewm
2930 5187 3022 5243 hie
3056 5185 3123 5241 de
3155 5185 3454 5253 dcccmo
3486 5185 3849 5241 ecclesiastica
3882 5185 4199 5241 conculcata

2244 5257 2669 5392 ᾳιιεειοέςαὲοεῖ
2702 5272 2818 5311 non
2851 5263 2930 5311 eet
2964 5254 3111 5326 quod
3144 5254 3377 5309 mireris.
