4825 6175
652 447 769 512 111

645 658 882 703 norum
926 636 1221 703 omnium
1274 635 1489 701 studio
1542 638 2080 720 impetraveram,
2110 634 2158 723 ¹)
2201 635 2270 701 in
2316 635 2600 702 nihilum

645 721 893 789 recidet
948 724 1076 788 nisi
1133 741 1241 787 res
1294 723 1533 786 iterum
1590 731 1918 806 urgeatur.
2009 722 2155 788 Hoc
2213 722 2601 805 consequuti

647 817 803 874 sunt
846 809 979 874 suis
1023 807 1379 874 mendaciis
1427 807 1622 893 Reqis
1663 809 2057 890 pensionarii
2080 858 2098 887 ,
2158 816 2233 872 ut
2274 830 2359 873 ne
2403 809 2600 873 mise·

646 893 928 960 ricordia
967 894 1230 978 quidem
1285 892 1519 978 dignos
1560 892 1924 959 iudicemus
1969 915 2130 977 quos
2177 893 2479 959 videmus
2519 894 2601 959 ob

646 1001 918 1046 causam
974 1001 1171 1063 quam
1231 980 1572 1046 nobiscum
1627 977 1874 1043 habent
1915 1000 2326 1045 communem
2370 979 2602 1045 crude·

645 1064 798 1131 liter
862 1067 1159 1131 interfici.
1246 1064 1392 1129 Iam
1458 1075 1617 1131 tunc
1682 1066 1969 1130 Aroviae
2041 1085 2242 1148 quum
2308 1086 2522 1130 essem
2540 1067 2600 1142 2)

649 1151 1088 1217 animadverti
1130 1171 1260 1217 non
1288 1150 1599 1217 ‘obscuris
1645 1151 2064 1228 coniecturis,
2110 1149 2424 1234 quosdam
2470 1172 2600 1215 non

648 1237 808 1303 adeo
854 1236 1051 1302 nobis·
1083 1258 1226 1301 esse
1262 1239 1594 1319 propitios,
1640 1237 1748 1302 vel
1785 1238 2017 1302 saltem
2054 1257 2186 1302 non
2221 1237 2315 1300 ita
2351 1234 2599 1314 ardere,

647 1322 818 1405 quod
855 1323 1137 1389 sinistris
1176 1322 1548 1388 rumoribus
1576 1331 1797 1387 essent
1817 1323 2127 1405 occupati.
2174 1322 2341 1386 Erat
2377 1330 2601 1386 autem

647 1409 1080 1474 vanissimum
1127 1409 1374 1473 crimen
1419 1409 1768 1473 confictum
1787 1459 1800 1484 ,
1821 1412 1880 1490 ³)
1931 1429 2056 1490 quo
2100 1408 2323 1472 miseri
2367 1408 2602 1472 fratres

647 1501 1114 1578 gravarentur:
1172 1495 1499 1559 saevitum
1555 1493 1698 1557 ideo
1756 1495 1823 1557 in
1870 1497 2042 1576 ipsos
2087 1515 2227 1558 csse
2270 1492 2439 1576 quod
2489 1492 2600 1557 de-

648 1580 850 1644 cimas
916 1579 1168 1644 solvere
1232 1587 1632 1644 recusarent.
1737 1581 1937 1660 Atqui
2005 1600 2087 1643 ne
2154 1579 2234 1644 ab
2305 1576 2601 1644 hostibus

647 1664 909 1747 quidem
955 1665 1078 1730 hoc
1121 1664 1255 1730 illis
1297 1687 1587 1748 unquam
1627 1664 1950 1730 obiectum
1987 1675 2104 1728 est.
2166 1664 2349 1746 Quin
2384 1665 2601 1747 potius

649 1751 810 1814 satis
855 1758 1082 1814 notum
1127 1759 1244 1828 est,
1292 1772 1549 1833 semper
1591 1750 1766 1815 ultro
1805 1751 2129 1833 pollicitos
2163 1751 2367 1816 fuisse
2400 1750 2602 1816 sacri-

646 1835 807 1914 ficis,
876 1835 1264 1900 tantundem
1320 1858 1390 1901 se
1449 1836 1715 1900 daturos
1779 1836 1912 1901 illis
1977 1837 2219 1914 otiosis,
2284 1847 2600 1919 quantum

649 1922 915 2005 exigere
959 1921 1258 1987 solebant
1296 1943 1496 2005 quum
1542 1941 1728 1987 sacra
1768 1942 1890 1987 sua
1927 1922 2230 1987 facerent.
2321 1922 2601 2005 Semper

648 2007 825 2072 enim
903 2005 1278 2073 habuerunt
1355 2006 1707 2090 prudentes
1785 2006 2235 2090 modestosque
2298 2006 2601 2072 homines

646 2113 925 2175 quorum
979 2094 1155 2158 sanis
1215 2091 1501 2158 consiliis
1559 2093 1701 2174 regi
1759 2115 1828 2158 se
1882 2094 2310 2177 patiebantur.
2399 2094 2602 2159 Potes

646 2178 853 2263 igitur
894 2177 1024 2243 fide
1066 2199 1216 2243 mea
1259 2198 1579 2256 asserere,
1637 2179 1810 2244 hanc
1868 2180 2137 2244 minime
2179 2180 2380 2244 fuisse
2425 2180 2598 2243 exci-

647 2271 824 2329 tatae
880 2264 1405 2347 persequutionis
1476 2285 1757 2330 causam.
1850 2266 1950 2329 Ac
2008 2287 2091 2331 ne
2153 2265 2525 2348 Grynianus
2541 2268 2599 2343 ⁴)

647 2348 931 2434 quidem,
975 2351 1089 2433 qui
1126 2371 1304 2415 nunc
1337 2349 1746 2416 wormatiae
1771 2350 1966 2435 Reyis
2008 2362 2110 2416 est
2151 2351 2430 2434 legatus,
2478 2351 2603 2417 hoc

646 2443 996 2519 praetextu
1051 2435 1233 2500 abuti
1289 2457 1488 2501 ausus
1557 2444 1657 2501 est
1710 2435 1793 2502 ad
1855 2437 2200 2504 levandam
2258 2434 2599 2502 invidiam.

647 2523 744 2585 At
787 2523 931 2604 quis·
977 2541 1052 2586 eo
1097 2521 1329 2586 melius
1374 2541 1567 2586 nosse
1613 2523 1848 2603 potuit,
1904 2545 2107 2607 quum
2166 2542 2287 2588 sua
2327 2521 2603 2604 perfidia

648 2614 863 2671 totum
909 2606 1083 2671 hunc
1128 2607 1353 2690 ignem
1397 2606 1811 2672 accenderit?
1892 2608 2066 2673 Nam
2108 2630 2309 2691 quum
2356 2629 2392 2672 e
2437 2607 2599 2672 Pro—

649 2692 901 2766 vincia,
948 2693 1134 2757 cuius
1178 2702 1278 2757 est
1320 2713 1603 2775 praeses,
1650 2695 1894 2760 accitus
1940 2715 1979 2758 a
2025 2694 2191 2778 Reqe
2234 2705 2423 2772 esset,
2470 2694 2601 2758 fra-

649 2777 860 2843 tribus
921 2779 1168 2861 recepit
1210 2800 1279 2843 se
1319 2777 1603 2844 fideliter
1659 2786 1956 2845 acturum
2001 2779 2072 2843 in
2117 2779 2267 2844 aula
2307 2779 2600 2863 ipsorum

649 2884 930 2929 causam.
1012 2861 1148 2930 Sed
1193 2864 1350 2928 dum
1394 2865 1539 2929 vult
1582 2863 1922 2930 Oardinali
1973 2865 2294 2930 Turnonio
2309 2867 2367 2948 ⁶)
2413 2864 2600 2929 blan-

649 2946 808 3027 diri,
873 2949 1058 3014 cuius
1131 2949 1439 3033 auspiciis
1506 2950 1900 3034 legationem
1967 2950 2323 3027 ambiebat,
2381 2950 2602 3014 furore

570 3076 575 3080 -
648 3033 968 3102 hactenus
1001 3035 1296 3102 inaudito
1335 3035 1531 3121 Reyis
1564 3037 1856 3102 animum
1890 3037 2346 3102 inflammavit.
2406 3035 2601 3101 Nunc

647 3141 883 3203 operae
926 3123 1209 3204 pretium
1251 3131 1354 3189 est
1393 3142 1798 3207 cognoscere,
1844 3145 1971 3207 quo
2005 3124 2076 3186 in
2113 3131 2289 3188 statu
2325 3123 2460 3188 sint
2493 3144 2600 3188 res

647 3208 909 3290 piorum
974 3209 1274 3274 flatrum.
1368 3208 1542 3287 Rex,
1606 3216 1683 3273 ut
1748 3208 2101 3274 Germanis
2173 3208 2599 3286 satisfaceret,

648 3314 862 3376 nuper
916 3292 1073 3359 illuc
1131 3293 1425 3375 scripsit,
1480 3315 1550 3358 se
1595 3295 2115 3360 commissarium
2174 3296 2431 3360 misisse
2489 3297 2600 3378 qui

649 3377 731 3443 de
778 3387 997 3463 strage
1040 3388 1421 3462 perpetrata
1463 3380 1844 3463 inquireret.
1903 3377 2038 3446 Sed
2074 3379 2233 3464 quid
2266 3381 2420 3446 inde
2454 3401 2600 3464 spe-

647 3463 786 3529 rari
839 3463 1094 3548 potest?
1183 3465 1393 3531 Nemo
1446 3475 1548 3532 est
1591 3488 1767 3534 nunc
1852 3466 1924 3531 ui
1967 3467 2220 3534 hiscere
2262 3469 2438 3531 ausit
2479 3480 2601 3548 pro

650 3548 1075 3615 sublevandis
1109 3551 1369 3617 miseris
1411 3552 1742 3617 fratribus.
1862 3573 2132 3636 ppressa
2174 3573 2329 3636 ergo
2363 3552 2605 3616 iacebit

649 3655 878 3699 eorum
922 3655 1133 3701 causa.
1212 3636 1555 3702 Tenentur
1597 3636 1813 3704 adhuc
1857 3639 2005 3722 plus
2048 3659 2247 3721 quam
2290 3636 2602 3721 quadrin-

651 3722 835 3805 genti
896 3721 968 3785 in
1025 3722 1329 3789 vinculis.
1419 3723 1593 3788 Nam
1648 3730 1946 3791 sentina-e
2011 3744 2264 3815 quoque
2324 3723 2603 3787 navium
2691 3799 2712 3811 .

684 3994 829 4048 664.
868 3994 925 4057 1)
964 3994 1055 4050 De
1091 3993 1311 4050 calvini
1340 3998 1534 4052 itinere
1566 4013 1744 4050 mense
1780 3996 1939 4050 Maio
1974 4002 2221 4065 suscepto
2254 4002 2307 4051 et
2337 4002 2605 4053 conventu

648 4063 946 4118 Araviensi
976 4080 1029 4119 v.
1063 4080 1238 4134 supra
1274 4065 1350 4119 N.
1386 4065 1489 4119 638
1524 4081 1614 4135 seq
1651 4106 1662 4118 .

853 4130 915 4196 2)
952 4132 1005 4186 d.
1041 4132 1124 4186 21.
1170 4133 1336 4188 Maii.
1403 4150 1451 4188 v.
1492 4083 1707 4189 Ruessat
1742 4134 1805 4186 V.
1842 4131 1965 4186 253.

856 4201 916 4266 3)
954 4201 1028 4255 In
1087 4202 1421 4268 confessione
1476 4217 1582 4255 sua
1639 4203 1692 4256 d.
1741 4201 1789 4254 6.
1846 4201 2027 4268 April.
2079 4200 2211 4255 1541
2280 4201 2606 4257 Merindolii

647 4271 958 4337 conscripta
1019 4273 1043 4321 i
1082 4273 1134 4323 si
1188 4270 1377 4326 dieunt
1430 4269 1776 4324 Waldenses:
1830 4270 2112 4323 'touchant
2169 4271 2241 4323 du
2296 4271 2352 4323 M
2428 4272 2600 4338 ‘sti-at,

648 4353 856 4391 comme
906 4339 983 4391 les
1078 4339 1255 4392 rinces
1302 4348 1360 4392 et
1405 4339 1695 4407 Seigneurs
1744 4346 1803 4391 et
1846 4345 2028 4391 tontes
2082 4354 2216 4406 gens
2271 4338 2339 4391 de
2414 4341 2600 4405 ustice,

648 4423 785 4460 nous
831 4407 910 4459 les
956 4414 1150 4461 tenone
1197 4415 1343 4461 estre
1389 4408 1659 4462 ordonnes
1705 4407 1773 4460 de
1816 4406 1957 4460 Dieu
2002 4414 2059 4460 et
2108 4407 2334 4462 voulons
2383 4409 2537 4462 obeir
2571 4408 2603 4462 a

647 4475 795 4528 leurs
843 4475 954 4529 loix
1002 4483 1058 4528 et
1105 4476 1488 4529 constitutions
1539 4477 1633 4546 qui
1681 4480 2009 4529 concernent
2044 4477 2123 4529 les
2158 4477 2314 4530 biens
2350 4484 2408 4529 et
2443 4494 2603 4547 corps

647 4544 901 4613 ausquels
937 4545 1252 4614 loyaument
1286 4546 1515 4599 voulons
1550 4562 1723 4615 paycr
1756 4544 1957 4599 tribute
1995 4550 2052 4597 et
2084 4546 2344 4614 imposts,
2383 4545 2603 4611 dismes,

643 4618 934 4744 ῗοηεοὶιοξ
977 4618 1130 4666 toute
1177 4617 1338 4666 chose
1389 4614 1479 4682 qui
1526 4615 1645 4667 leur
1687 4613 2077 4684 appartiendra
2121 4620 2215 4668 ete.
2267 4615 2439 4681 (Hi-st.
2477 4616 2600 4671 eccl.

850 4748 912 4814 4)
956 4748 1142 4804 Comes
1193 4749 1395 4804 Aimar
1447 4750 1514 4804 de
1572 4750 1830 4819 Griynan
1885 4749 2216 4804 Provinciae
2265 4752 2602 4818 yabernator

663 4816 1016 4871 Wormatiam
1058 4818 1259 4872 muham
1298 4818 1487 4884 fuerat
1532 4825 1591 4872 ut
1633 4818 1801 4889 Reyis
1833 4820 2052 4872 nomine
2077 4820 2271 4886 prinei
2305 4835 2363 4873 es
2391 4826 2600 4887 protes-

646 4892 821 4940 tantes
868 4885 944 4939 ad
1135 4887 1389 4941 scendum
1435 4894 1486 4942 et
1530 4888 1843 4942 adeundum
1889 4887 2176 4942 concilium
2296 4889 2599 4942 identitatem

642 4955 921 5008 induceret
955 4952 1145 5015 (Sleid.
1181 4954 1249 5009 Π.
1284 4954 1424 5023 393).
1474 4957 1695 5011 Interea
1729 4958 1847 5010 eius
1881 4958 2022 5010 vices
2055 4958 2117 5010 ia
2152 4955 2454 5011 Provincia
2487 4958 2599 5012 obi-

644 5025 739 5079 bat
777 5022 1113 5092 Oppeaanus
1147 5025 1237 5078 iile
1270 5025 1338 5077 de
1370 5042 1476 5095 qao
1511 5026 1624 5078 iam
1660 5041 1833 5093 supra
1876 5025 1946 5078 N.
1969 5022 2089 5085 629,
2108 5031 2217 5079 not.
2237 5026 2289 5078 2.
2331 5025 2601 5080 Griniani

645 5092 831 5146 odium
877 5092 939 5145 in
1053 5098 1341 5148 otestantes
1387 5096 1548 5148 etiam
1594 5093 1859 5149 Thuanus
1905 5093 2227 5158 denunciat,
2274 5091 2384 5147 Ed.
2424 5095 2600 5150 Basa.

646 5159 797 5214 1742.
853 5162 894 5213 1.
1002 5161 1049 5213 1.
1127 5161 1408 5216 Caeterum
1456 5179 1617 5231 perse
1653 5164 1904 5218 nationes
1954 5162 2082 5216 illae
2138 5161 2310 5229 Reyis
2364 5165 2601 5218 consilia

645 5228 797 5350 (grad
832 5228 1206 5285 Prote-stantes
1249 5233 1413 5286 irrita
1461 5181 1832 5285 reddiderunt.
1900 5229 1961 5284 V.
1998 5229 2230 5285 sturmii
2272 5247 2352 5299 ep.
2389 5232 2467 5286 ad
2502 5232 2601 5287 Du

701 5298 841 5368 ellay
877 5296 958 5351 15.
1000 5298 1133 5352 Mai
1167 5299 1301 5353 1545
1336 5318 1425 5368 ap.
1470 5300 1727 5367 Schmidt,
1759 5317 1812 5368 p.
1848 5298 1934 5353 58.

849 5366 910 5431 5)
944 5370 1255 5439 propinquo
1290 5386 1390 5423 suo
1425 5377 1473 5423 et
1503 5370 1963 5438 proten-stantium
1996 5368 2153 5422 hosti.

2192 445 2721 515 EPISTOLAE
2768 450 3109 513 664-665

4528 450 4627 512 112

2705 635 2941 701 vinctis
2983 634 3214 718 plenae
3249 645 3418 701 sunt.
3436 638 3493 716 θ)
3556 634 3864 717 Quotidie
3900 655 3987 700 ex
4020 636 4335 702 comitatu
4372 636 4632 702 Avenie-

2703 720 2897 786 nensi
2931 721 3340 787 incursiones
3377 723 3546 787 fiunt
3578 723 3650 786 in
3685 743 3796 787 eos
3831 722 3943 805 qui
3965 730 4325 805 supersunt
4350 720 4630 797 adhuc.⁷)

2706 806 2899 888 Quod
2945 808 3209 872 tametsi
3245 809 3321 871 fit
3345 807 3512 891 Reye
3553 817 3828 886 tacente,
3874 809 4199 891 permissu
4244 815 4467 872 tamen
4508 807 4632 873 eius

2705 893 2850 957 fieri
2906 901 3160 957 certum
3220 902 3334 959 est.
3426 893 3652 976 Neque
3710 896 3887 958 enim
3940 895 4035 959 sic
4092 893 4473 958 conniveret
4521 891 4634 958 nisi

2705 976 3030 1061 probaret.
3117 978 3180 1042 N
3183 998 3256 1044 ec
3310 979 3569 1063 legatus
3621 988 3886 1044 tantum
3943 978 4068 1044 sibi
4126 985 4464 1063 arrogaret
4524 979 4636 1044 nisi

2703 1073 3044 1147 perspecto
3083 1065 3223 1129 eius
3268 1065 3501 1130 animo.
3561 1064 3851 1130 Proinde
3886 1087 4063 1131 nunc
4099 1064 4460 1148 opitulandi
4491 1072 4636 1129 tem-

2705 1170 2828 1231 pus
2871 1156 2990 1227 est,
3036 1149 3094 1213 si
3137 1151 3398 1234 quando
3441 1151 3718 1217 antehac
3761 1153 3902 1216 fuit.
3962 1149 4142 1216 Sunt
4175 1150 4355 1215 enim
4389 1149 4638 1232 plurimi

2706 1256 2788 1299 ex
2832 1234 2993 1319 fuga
3034 1234 3166 1302 huc
3208 1236 3365 1302 illuc
3409 1234 3720 1321 dissipati.
3806 1236 3943 1301 Alii
3984 1236 4196 1301 latent
4238 1234 4412 1319 apud
4455 1235 4640 1300 bonos

2705 1321 2917 1399 viros,
2974 1324 3085 1404 qui
3143 1322 3347 1388 vitam
3397 1323 3728 1405 propriam
3788 1343 4117 1406 opponere
4172 1321 4461 1406 periculo
4518 1341 4639 1385 non

2706 1404 3113 1485 dubitarunt,
3173 1417 3249 1473 ut
3300 1408 3448 1472 illos
3507 1431 3546 1473 a
3590 1417 3798 1473 morte
3852 1408 4198 1491 eriperent.
4288 1407 4425 1472 Alii
4479 1407 4643 1490 capti

2706 1499 3033 1557 tenentur.
3121 1491 3317 1573 Quod
3364 1493 3505 1558 Rea:
3562 1494 3905 1577 pollicetur
3947 1515 4077 1558 non
4124 1493 4488 1558 remedium
4534 1501 4640 1570 est,

2708 1598 2919 1660 neque
2977 1577 3132 1643 mali
3193 1579 3548 1728 mitigatio,
3615 1578 3731 1645 sed
3793 1579 4045 1645 latebra
4109 1598 4240 1661 qua
4303 1578 4645 1662 sepeliatur

2704 1684 2932 1728 eorum
2969 1664 3292 1729 interitus.
3391 1677 3543 1729 tane
3581 1665 3952 1732 videntibus
3988 1664 4175 1730 nobis
4211 1686 4287 1730 ac
4322 1665 4644 1747 quiescen-

2705 1748 2882 1815 tibus
2926 1747 3236 1815 fundetur
3276 1751 3585 1816 innoxius
3642 1750 3954 1836 sanguis?
4013 1753 4282 1832 impune
4337 1748 4646 1834 grassabi-

2707 1842 2818 1900 tur
2869 1835 2940 1899 in
2984 1834 3225 1900 fratres
3277 1847 3532 1901 nostros
3586 1837 3937 1921 impiorum
3994 1835 4254 1901 rabies?
4344 1835 4645 1900 Christus

2702 1920 2985 1986 ludibrio
3030 1920 3420 1987 habebitur?
3480 1923 3686 1987 Porro
3730 1923 3824 1988 ita
3868 1924 4159 1987 futurum
4202 1924 4645 2006 prospicimus,

2705 2008 2834 2071 nisi
2879 2028 2963 2071 ex
3006 2008 3263 2091 integro
3306 2007 3666 2087 incumbas,
3712 2030 3847 2073 una
3888 2029 4039 2074 cum
4083 2008 4228 2073 aliis
4272 2008 4507 2092 quibus
4543 2028 4646 2073 cu-

2705 2114 2817 2157 rae
2875 2103 2975 2158 est
3032 2093 3279 2158 Christi
3333 2115 3629 2179 regnum.
3718 2095 3889 2159 Nam
3930 2095 4192 2160 Bernae
4248 2103 4313 2159 et
4354 2092 4648 2159 Basileae

2706 2180 2960 2243 animos
3019 2179 3354 2245 refrixisse
3409 2179 3634 2260 audio,
3691 2181 3821 2246 nisi
3894 2180 4212 2246 calefiant.
4295 2179 4433 2244 Nos
4489 2177 4646 2243 eniti

2706 2285 2839 2329 non
2890 2263 3278 2330 desinemus.
3362 2266 3462 2330 Tu
3522 2287 3671 2331 cum
3725 2266 4036 2332 fratribus
4091 2267 4275 2331 effice
4330 2272 4409 2329 ut
4445 2264 4647 2330 vestri

2706 2350 2877 2414 serio
2944 2353 3276 2435 negotium
3342 2351 3716 2435 suscipiant.
3804 2352 3993 2432 Vale,
4060 2351 4473 2417 ornatissime
4534 2350 4646 2427 vir,

2707 2447 3074 2520 symmysta
3130 2445 3197 2501 et
3252 2437 3460 2502 amice
3516 2438 3876 2519 plurimum
3932 2434 4329 2502 honorande.
4421 2434 4650 2501 Saluta

2705 2530 3086 2586 reverenter
3150 2543 3296 2587 meo
3355 2523 3619 2588 nomine
3688 2522 3839 2588 DD.
3907 2523 4330 2602 Pellicanum,
4392 2521 4652 2606 Meyan-

2705 2608 2910 2685 mm,
2941 2607 3340 2688 Theodorum,
3372 2607 3712 2688 Galterum,
3743 2608 4052 2674 Collinum
4063 2611 4123 2686 ε1)
4167 2616 4237 2673 et
4279 2607 4456 2673 alios.
4518 2606 4649 2671 Do·

2705 2694 2923 2758 minus
2981 2714 3099 2759 vos
3157 2714 3385 2760 omnes
3440 2706 3657 2760 servet
3714 2695 3826 2759 diu
3878 2696 4236 2760 incolumes
4291 2701 4361 2757 et
4419 2693 4651 2776 spiritu

2704 2800 2821 2928 3133)
2866 2779 3191 2863 gubernet
3243 2781 3311 2844 in
3369 2791 3777 2863 perpetuum.
3868 2783 4102 2846 Amen.
4192 2780 4505 2845 Genevae
4553 2782 4647 2841 24.

2815 2913 2829 2929 .
2885 2869 3003 2928 154
3013 2871 3067 2928 5.

3630 2953 3911 3019 Ioannes
3949 2952 4272 3019 Oalvinus
4314 2958 4485 3017 tuus.

3600 3396 3756 3468 665.

2808 3550 3281 3619 OALVINUS
3320 3550 3804 3619 MINISTRIS
3851 3550 4557 3620 SOAPHUSIANIS.

2878 3722 3186 3790 Eiusdem
3229 3726 3580 3809 aryumenti
3622 3744 3696 3789 ac
3737 3726 3972 3790 tenoris
4015 3746 4090 3792 ae
4121 3726 4525 3807 praecedens·

2710 3894 2936 3960 (Exstat
2971 3894 3224 3949 Genevae
3272 3897 3326 3949 in
3373 3897 3567 3950 iisdem
3611 3896 3814 3950 chartis
3858 3913 3921 3950 ac
3965 3898 4298 3965 praecedens
4347 3896 4418 3950 sd
4453 3896 4652 3951 Bullin-

2704 3980 2904 4085 {33¹2}
2919 3963 3184 4086 (gotlidlqsli,
3220 3965 3310 4087 flol.
3330 3963 3533 4088 134=letl
3562 3966 3677 4088 131,
3696 3967 3804 4047 .f⁰¹·
3829 3964 4135 4088 11ῗ,.ἰί;θι(ἳἰ
4137 3967 4360 4088 tneffl
4362 3983 4508 4088 bepp.
4535 3962 4652 4087 VilII.

2969 4049 3007 4102 p
3156 4050 3406 4087 mierum
3463 4051 3896 4158 ‚vgmgnigtfffie
3955 4052 4077 4088 me
4165 4075 4179 4089 .
4401 4048 4651 4104 ‚angos

2707 4255 2848 4321 Piis
2884 4264 2952 4321 et
2999 4256 3271 4322 eruditis
3314 4257 3476 4323 viris
3519 4257 3830 4324 ecclesiae
3866 4256 4344 4324 Schafusianae
4379 4255 4652 4341 pastori-

2707 4343 2832 4407 bus
2886 4344 3267 4428 symmystis
3321 4352 3389 4408 et
3443 4344 3755 4409 fratribus
3807 4344 3974 4409 mihi
4039 4345 4392 4411 carissimis
4451 4352 4515 4408 et
4567 4362 4652 4406 ex

3403 4429 3621 4494 animo
3660 4429 3967 4497 colendis.

2878 4563 2948 4631 S.
3040 4564 3257 4646 Quam
3303 4576 3569 4630 strenue
3626 4565 3904 4631 fratrum
3950 4565 4469 4633 Provincialium
4511 4585 4647 4631 cau·

2705 4670 2848 4714 sam
2883 4653 3315 4735 susceperitis,
3359 4673 3395 4716 e
3443 4670 3481 4715 o
3518 4651 3806 4733 optimus
3842 4674 3990 4718 sum
4030 4654 4234 4718 testis.
4302 4650 4480 4732 Quia
4522 4670 4646 4716 non

2703 4733 2929 4801 dubito
2986 4739 3145 4821 quin
3190 4736 3365 4803 idem
3455 4737 3601 4803 odie
3645 4757 3901 4822 quoque
3957 4739 4216 4804 animus
4274 4738 4459 4805 vobis
4502 4758 4643 4805 con·

2909 4957 2968 5022 6)
3006 4960 3089 5013 On
3124 4976 3340 5013 nomma
3375 4961 3602 5025 ensuite,
3639 4978 3740 5030 par
3762 4960 4035 5015 l'autorite
4055 4960 4348 5031 d’Oppede‚
4386 4962 4484 5015 des
4511 4974 4643 5039 con}-

2703 5028 2977 5081 missaires
3011 5044 3152 5096 pour
3184 5028 3319 5080 faire
3355 5029 3406 5081 le
3479 5030 3632 5083 roces
3668 5048 3772 5083 aux
3807 5030 4120 5099 berctiques
4156 5046 4263 5099 que
4298 5032 4350 5083 le
4385 5031 4470 5084 fer
4506 5031 4644 5107 svalt

2703 5095 3522 5218 ggssffiffiideffissnffigssmess
3553 5098 3902 5231 ffissdafflffez
3920 5116 4025 5222 ³3¹
4060 5098 4294 5234 ⁸⁸53?
4348 5099 4579 5153 ἅπτῃ
4610 5111 4642 5146 ⁸

2909 5233 2967 5297 7)
3005 5233 3152 5287 Hist.
3190 5235 3311 5287 eccl.
3349 5234 3388 5286 1.
3424 5250 3477 5300 p.
3516 5233 3600 5287 44.
3904 5209 3917 5222 ⁰
4013 5183 4074 5237 P·
4234 5208 4245 5221 ’

2906 5301 2967 5365 8)
3007 5301 3097 5354 De
3136 5301 3282 5356 Rud.
3324 5302 3531 5356 Collina
3567 5303 3700 5367 (Am
3721 5303 3892 5371 Bam)
3930 5306 3998 5371 ef.
4040 5304 4166 5359 Ord.
4207 5304 4422 5359 Fun-er
4453 5299 4634 5358 infla-

2701 5372 2964 5439 qenfeldii
2997 5371 3182 5425 diario
3223 5370 3354 5424 1862
3386 5388 3441 5439 p.
3478 5370 3595 5425 837.
