4825 6175
7 625 43 1350 ’ς’-ξφψετΞΞ-«Ῥ

0 2213 38 3271 ΡΞΨΦΡΑθῑΤῢΞΨΞίῗῆῑΞῐ-Ἆ“”

3949 401 3982 448 Ι

241 428 311 493 89
616 531 619 532 ⁷
2009 434 2173 497 1545
2216 430 2400 499 IUN.
4120 438 4204 502 90

502 616 590 683 D.
632 615 873 684 Ioanni
914 615 1193 684 Calvino

1327 702 1661 770 Genevae.

381 836 439 906 S.
508 835 700 920 Quod
746 838 980 904 scribis
1003 844 1055 916 ι)
1099 839 1182 904 de
1228 838 1493 906 Nicolao
1536 838 1889 918 curabitur,
1934 840 1992 906 si
2031 862 2148 907 vo-

235 926 317 991 let
348 924 676 990 Dominus.
767 923 1138 1006 Quominus
1183 932 1403 992 autem
1446 926 1773 991 maturius
1813 926 1941 991 iter
1984 928 2148 992 arri-

233 1012 433 1096 puerit,
474 1011 545 1076 in
589 1031 787 1076 causa
828 1019 928 1077 est
965 1010 1164 1078 febris
1207 1032 1373 1096 quae
1416 1032 1568 1077 eum
1604 1011 1821 1076 denuo
1857 1014 2145 1079 accessit.

235 1096 475 1164 Ourabit
514 1119 585 1163 se
620 1117 827 1161 unum
864 1105 1061 1181 atque
1096 1097 1379 1163 alterum
1414 1096 1606 1175 diem,
1653 1095 1890 1164 deinde
1922 1098 2146 1165 itineri

233 1184 589 1268 accingetur.
672 1181 868 1263 Quod
911 1181 1141 1249 scribis
1184 1183 1267 1249 de
1309 1205 1464 1250 sene
1506 1183 1621 1248 illo
1643 1183 2146 1269 Neocomensi2)

231 1267 574 1337 sufficiendo
618 1267 856 1347 Orbae,
911 1269 976 1332 id
1025 1289 1146 1353 ego
1203 1290 1455 1353 quoque
1497 1288 1649 1334 cum
1695 1268 1949 1335 Far-ello
1991 1291 2145 1336 con-

229 1356 499 1424 tuleram.
584 1354 758 1419 Nam
804 1363 943 1419 tum
997 1375 1131 1419 non
1177 1364 1321 1420 erat
1373 1354 1457 1420 ad
1499 1374 1767 1420 manum
1816 1356 2145 1433 Nicolaum

229 1439 302 1508 de
337 1462 448 1525 quo
490 1440 722 1523 scripsi
769 1441 965 1516 (sicut
1000 1440 1083 1506 ad
1119 1440 1214 1527 te)
1258 1439 1341 1505 ad
1380 1439 1739 1507 Farellum:
1782 1462 1977 1525 quem
2011 1463 2143 1507 non

225 1526 479 1593 arbitror
499 1546 693 1610 aegre
717 1525 1002 1591 laturum
1041 1526 1156 1592 sed
1190 1528 1406 1610 potius
1441 1527 1781 1593 consilium
1806 1527 2145 1611 amplexu-

223 1635 373 1692 rum,
415 1613 719 1697 quoniam
772 1610 1105 1678 difficilius
1162 1622 1305 1677 erat
1359 1634 1399 1678 a
1453 1613 1659 1679 classe
1712 1613 2147 1680 Neocomensi

221 1719 409 1764 unum
450 1697 734 1781 aliquem
778 1698 849 1762 in
894 1708 1154 1764 nostras
1195 1697 1502 1765 ecclesias
1545 1699 1889 1779 asciscere,
1950 1721 2147 1784 quam

217 1786 307 1852 sic
343 1783 644 1850 ecclesiae
687 1783 1061 1867 prospicere
1120 1785 1262 1850 sine
1316 1785 1590 1850 molesta
1644 1786 2143 1867 permutatione.

214 1869 499 1937 Farellus
558 1869 888 1935 nihildum
950 1869 1287 1953 respondit
1349 1871 1503 1954 quia
1571 1870 1778 1935 defuit
1845 1872 2144 1938 nuncius.

211 1954 552 2023 Caeterum
596 1976 819 2020 meum
864 1955 948 2021 ad
995 1977 1117 2021 vos
1172 1954 1527 2021 adventum
1585 1966 1723 2021 tam
1775 1956 1904 2022 cito
1957 1955 2146 2041 polli-

207 2044 336 2109 ceri
350 2046 404 2120 ⁸)
447 2063 581 2108 000
622 2042 847 2120 audeo,
892 2063 976 2107 ne
1018 2063 1230 2108 vanus
1269 2041 1448 2108 vobis
1491 2041 1736 2107 videar.
1828 2041 2150 2108 Gratulor

206 2150 438 2213 sponso
484 2135 553 2193 et
595 2146 906 2211 sponsae,
963 2147 1319 2210 precorque
1362 2129 1725 2194 Dominum
1769 2137 1846 2194 ut
1886 2130 2147 2212 utrique

204 2212 365 2280 bene
415 2216 721 2280 fortunet.
825 2211 1139 2280 Salutant
1197 2222 1264 2278 te
1318 2216 1527 2279 nostri
1579 2235 1831 2280 omnes:
1933 2213 2144 2299 Cupio

202 2299 564 2384 intelligere
630 2308 705 2364 ut
763 2298 983 2364 valeat
1033 2298 1256 2365 David
1317 2309 1568 2378 noster,
1590 2302 1650 2376 ⁴)
1718 2320 1913 2384 quem
1983 2300 2146 2364 meis

202 2386 415 2452 verbis
466 2406 704 2469 quaeso
759 2385 1033 2463 salutes,
1101 2406 1250 2450 cum
1317 2392 1436 2450 tua
1496 2407 1699 2452 uxore
1759 2394 1825 2450 et
1875 2385 2146 2470 reliquis

1256 2471 1445 2537 Vale.
1534 2473 1947 2537 Lausannae.

1332 2609 1517 2674 'l'nus
1557 2609 1635 2674 P.
1681 2608 1970 2674 Viretus.

205 2472 445 2549 amicis,
488 2471 840 2554 praecipue
891 2471 1167 2538 Textore.

365 2780 638 2847 Ioannes
651 2780 707 2858 ὅ)
754 2781 866 2864 qui
926 2788 1070 2845 erat
1114 2778 1288 2864 apud
1336 2777 1731 2861 christopho-

210 2887 368 2948 rum,
423 2866 736 2932 diaconus
790 2874 1044 2944 noster,
1112 2864 1336 2931 scribit
1396 2863 1480 2930 ad
1532 2875 1597 2930 te
1654 2864 1734 2931 de

208 2953 388 3019 rebus
433 2953 588 3031 suis,
634 2959 703 3018 et
745 2952 1013 3033 exponit
1065 2950 1223 3034 quid
1267 2952 1381 3017 abs
1426 2959 1491 3016 te
1535 2972 1732 3034 expe-

205 3046 307 3104 tat.
396 3039 560 3105 Eius
602 3058 869 3106 causam
914 3046 988 3103 ut
1030 3037 1275 3104 habeas
1317 3057 1510 3121 quam
1558 3058 1732 3103 com-

201 3125 756 3192 mendatissimam
821 3124 1085 3189 obsecro
1103 3175 1119 3202 ,
1183 3124 1239 3188 si
1304 3121 1462 3207 quid
1526 3132 1729 3206 potes.

199 3210 343 3276 Non
385 3209 613 3277 dubito
658 3219 875 3277 autem
920 3210 1081 3293 quin
1120 3209 1479 3292 plurimum
1524 3211 1734 3294 possis

201 3304 260 3360 et
311 3297 473 3381 quin
542 3298 661 3363 tibi
719 3305 916 3361 notus
973 3296 1060 3361 sit
1113 3297 1170 3361 is
1227 3295 1413 3359 cuius
1466 3315 1732 3378 operam

201 3383 469 3466 requirit
502 3384 716 3449 bonus
750 3383 855 3448 vir
889 3389 957 3448 et
991 3381 1213 3447 animo
1249 3379 1440 3447 valde
1476 3381 1731 3448 afflicto.

203 3466 521 3535 Dominus
566 3490 719 3534 eum
763 3468 1149 3534 consoletur.

1088 3828 1243 3901 650.

556 3948 1056 4017 FARELLUS
1100 3948 1789 4016 WA'PTEVILLIO.

361 4091 523 4176 Aqit
584 4088 969 4173 praesertim
1037 4088 1115 4153 de
1177 4087 1363 4153 rebus
1428 4088 1715 4153 ecclesiae
1776 4091 1831 4152 et
1902 4085 2147 4154 scholae

205 4173 647 4253 NeoemnemiS,
702 4173 811 4239 ubi
866 4179 1072 4240 tamen
1123 4178 1178 4239 et
1239 4171 1494 4240 Calvini
1544 4174 1618 4254 fit
1671 4174 1897 4239 mentio
1937 4177 2146 4255 utpote

190 4263 435 4340 passim
474 4260 958 4327 intervenientia.

203 4428 303 4492 (Ex
339 4433 573 4488 archivis
606 4432 686 4485 ill.
720 4431 957 4485 familiae
993 4431 1061 4484 de
1097 4430 1369 4484 Wattenw
1411 4431 1431 4484 1
1477 4430 1650 4484 edidit
1682 4429 1747 4484 B.
1785 4429 2046 4484 Buetschi
2081 4431 2139 4484 in

201 4498 375 4556 Theol.
414 4502 642 4556 Studien
674 4518 727 4553 u.
765 4500 1042 4554 Kritiken.
1110 4498 1260 4553 1863.
1384 4500 1431 4554 Ι.
1471 4518 1522 4570 p.
1558 4498 1679 4567 552,
1725 4500 1876 4555 cuius
1912 4504 2138 4554 annota-

866 4569 1045 4623 tiones
1079 4569 1446 4640 apponimus.)

219 4720 361 4780 649.
399 4724 455 4791 1)
494 4724 651 4779 Haec
697 4723 870 4779 Vireti
902 4739 984 4792 ep.
1023 4722 1311 4791 respondet
1355 4722 1435 4778 ad
1458 4722 1865 4791 praecedentem
1905 4721 2138 4778 Caluini.

201 4788 350 4860 Eryo
384 4792 461 4847 ad
492 4808 723 4848 mensem
744 4791 1105 4861 Septembrem
1139 4798 1237 4846 aut
1279 4790 1574 4861 Octobrem,
1610 4792 1708 4846 ubi
1735 4792 1906 4861 plura
1941 4791 2008 4846 de
2041 4794 2138 4847 mi-

198 4860 365 4916 nistro
409 4861 608 4917 Orbam
643 4863 905 4917 natendo
939 4862 1081 4914 inter
1113 4868 1399 4931 utrumque
1432 4860 1686 4916 discussa
1719 4861 1873 4931 leqee,
1914 4878 2029 4917 non
2062 4866 2139 4916 eet

198 4925 547 4986 detrudendo.
623 4929 714 4985 De
734 4930 973 4985 Nioozao
989 4928 1132 4983 dicet
1161 4928 1374 4983 Vis-etue
1408 4928 1458 4983 2.
1494 4936 1546 4985 et
1569 4928 1650 4984 12.
1692 4929 1837 5000 Sept.
1871 4936 1923 4987 et
1945 4928 1994 4983 1.
2026 4928 2140 4986 Oct.

396 4997 457 5065 2>
504 4999 640 5082 we
674 4999 959 5082 fferam
992 4996 1042 5051 ⁵-
1087 4996 1268 5080 042.
1464 5068 1498 5079 ..

337 5204 348 5217 ‚
400 5066 461 5203 {3
495 5067 1118 5218 Βῖἔιαῗιέοέῧεῗξῖἴ..
1136 5067 1615 5218 ἵξῗοεὲἕέᾏω*
1529 5066 1847 5219 ‘ffb-320
1892 5140 2141 5192 mm

203 5208 293 5269 ω’
324 5205 595 5339 ““5ἴ’οαἷ
618 5211 1133 5330 Ξῖῗῖἶθᾶἶυῗᾉῖπ
1171 5274 1182 5286 ·
1294 5206 1519 5329 Νιῗεθὲι
1567 5223 1666 5331 ιῖῡι·
1707 5222 1827 5329 eu⁹m
1879 5210 2142 5329 cimus

220 5333 281 5388 de
311 5347 472 5396 morte
499 5344 688 5398 uxoris
722 5343 1051 5399 consolatur.

2424 618 2808 686 Clarissimo
2852 619 2996 689 viro
3033 619 3303 688 Nicolao
3323 620 3822 690 Wattevillensi
3863 643 4103 708 genere
4138 628 4207 690 et

2249 705 2494 789 Pietate
2537 705 2783 790 infligni
3689 792 3970 860 Bernae.

2424 926 2493 993 S.
2582 926 3057 993 Gratissimum
3137 927 3268 993 fuit
3332 928 3615 996 (hrderii
3677 930 4054 996 institutum
4122 930 4204 996 de

2252 1011 2632 1077 adornanda
2686 1014 2856 1078 istuc
2913 1015 3340 1096 profectione,
3399 1013 3598 1098 idque
3652 1023 3729 1080 ut
3778 1015 3896 1080 tibi
3951 1036 4202 1082 morem

2251 1107 2527 1183 gereret,
2573 1107 2650 1164 ut
2693 1120 2775 1164 ex
2821 1100 3039 1164 animo
3084 1109 3368 1182 exoptat.
3440 1099 3651 1184 Spero
3695 1122 3826 1166 non
3869 1101 4202 1185 ingratum

2252 1183 2371 1248 tibi
2426 1185 2718 1250 futurum
2775 1183 2971 1249 huius
3031 1184 3388 1250 adventum
3405 1238 3418 1262 ‚
3482 1207 3605 1252 neo
3670 1186 3978 1252 ecclesiae
4046 1186 4201 1253 huic

2250 1269 2571 1334 inutilem.
2661 1268 2915 1334 Audire
2959 1272 3202 1352 poteris
3246 1270 3457 1336 multa
3500 1292 3667 1354 quae
3702 1272 4036 1354 profuerit,
4081 1293 4202 1356 pro

2251 1353 2458 1439 gloria
2483 1355 2628 1430 Dei,
2674 1356 2915 1420 rescire
2960 1377 3069 1421 eos
3109 1357 3218 1440 qui
3260 1377 3347 1421 ex
3382 1357 3602 1423 animo
3646 1357 3917 1423 student
3955 1358 4202 1443 gloriae

2251 1438 2524 1519 Christi,
2573 1450 2640 1505 et
2695 1442 2804 1523 qui
2847 1460 2980 1506 una
3035 1451 3310 1525 possunt
3367 1441 3626 1524 aliquid.
3719 1441 3928 1522 Olim,
3983 1444 4201 1527 prius-

2248 1547 2444 1609 quam
2489 1526 2855 1608 praefectus
2885 1529 2934 1603 ¹)
2992 1527 3291 1593 subditus
3347 1537 3519 1593 esset
3561 1530 3816 1594 senatui
3864 1538 3933 1594 et
3974 1536 4200 1614 aperte

2249 1611 2457 1677 hostis
2496 1620 2670 1677 esset
2703 1613 3044 1696 evangelii,
3089 1613 3270 1678 laudi
3314 1612 3591 1679 dabatur
3625 1615 3683 1678 si
3721 1614 3867 1696 quis
3911 1616 4082 1682 istuc
4117 1615 4201 1681 ad

2250 1707 2551 1762 senatum
2595 1699 2908 1762 venisset:
2954 1698 3125 1764 nihil
3161 1719 3290 1763 non
3329 1698 3743 1766 tribuebatur
3776 1702 4201 1785 magnificen-

2247 1782 2380 1848 tiae
2424 1792 2491 1848 et
2534 1784 2864 1867 potentiae
2908 1793 3192 1851 senatus.
3261 1785 3454 1850 Nunc
3485 1786 3705 1851 nescio
3748 1785 3905 1868 quid
3946 1787 4079 1866 fiat,
4123 1793 4202 1851 ut

2248 1868 2320 1933 in
2364 1867 2714 1935 discrimen
2760 1868 2986 1934 veniat
3028 1872 3396 1953 quicunque
3454 1869 3674 1937 isthuc
3715 1872 4007 1953 venerit,
4057 1893 4199 1938 mo-

2249 1965 2357 2020 tus
2402 1956 2622 2021 statim
2669 1964 3089 2038 apparentur,
3144 1964 3222 2021 ut
3263 1956 3554 2021 tumultu
3599 1977 3639 2020 a
3724 1965 3866 2034 tur,
3924 1978 4055 2023 non
4098 1980 4201 2024 ra-

2250 2041 2429 2105 tione
2486 2049 2602 2105 aut
2657 2040 2816 2127 iure.
2906 2041 3060 2105 Vox
3119 2041 3232 2106 illa
3284 2043 3374 2106 im
3420 2039 3791 2108 lacabihum
3855 2044 3926 2109 in
3988 2044 4199 2110 literis

2250 2126 2494 2208 scripta
2538 2125 2985 2209 superioribus
3020 2127 3212 2191 annis
3254 2128 3369 2210 qui
3459 2148 3590 2193 non
3636 2128 3982 2195 videbatur
4022 2130 4199 2212 pari·

2250 2211 2449 2277 tura?
2538 2211 2734 2279 Nunc
2775 2210 2948 2295 quod
2991 2212 3389 2295 stipendium
3444 2213 3584 2278 ludi
3627 2216 3927 2299 magistri
3970 2214 4196 2281 scribi·

2249 2306 2362 2361 tur
2404 2296 2714 2375 ablatum,
2732 2299 2791 2374 2)
2835 2297 2992 2379 quid
3036 2319 3167 2362 non
3214 2298 3495 2363 dicitnr?
3585 2297 3782 2380 Quid,
3828 2302 3882 2366 si
3931 2300 4013 2365 de
4057 2321 4197 2366 om-

2249 2383 2445 2449 nibus
2488 2403 2655 2466 quae
2706 2383 3108 2467 pauperibus
3151 2391 3341 2448 erant
3397 2383 3843 2450 distribuenda
3897 2386 4199 2453 abscissis

2249 2477 2315 2533 et
2356 2468 2429 2532 in
2474 2468 2756 2534 nihilum
2798 2468 3109 2548 redactis,
3166 2490 3329 2551 quae
3385 2470 3686 2554 princeps
3745 2470 4080 2550 defuncta,
4139 2472 4198 2537 si

2248 2575 2482 2619 verum
2517 2561 2633 2632 est,
2673 2563 2900 2639 egerat
2933 2576 3082 2620 cum
3118 2555 3300 2635 urbe,
3336 2557 3851 2639 proponeretur?
3870 2561 3928 2640 ⁸)
3995 2557 4198 2623 Forte

2248 2641 2360 2723 qui
2402 2640 2682 2724 instigat
2722 2642 2791 2704 in
2846 2639 3102 2704 ruinam
3156 2662 3356 2724 quam
3413 2642 3726 2707 citissime
3769 2644 3836 2707 in
3882 2643 4198 2726 praecipi-

2246 2726 2414 2790 tium
2461 2725 2766 2810 adigitur.
2840 2722 3202 2808 speramus
3245 2727 3463 2792 Deum
3499 2727 3885 2792 effecturum
3928 2736 4008 2792 ut
4048 2749 4199 2811 per-

2249 2810 2573 2877 ditissima
2616 2820 2683 2876 et
2716 2830 3012 2876 summae
3046 2811 3355 2894 perfidiae
3389 2812 3660 2879 consilia
3691 2813 3763 2877 in
3796 2813 4010 2879 lucem
4046 2834 4197 2898 pro-

2248 2897 2450 2963 deant
2491 2896 2788 2975 tandem,
2845 2897 3222 2980 malumque
3261 2898 3608 2964 consilium
3655 2899 4005 2965 consultori
4047 2919 4195 2983 pes-

2248 2981 2491 3049 simum
2535 2984 2685 3083 fiat3
2738 2982 2996 3048 Verum
3031 2982 3284 3048 interea
3326 3005 3456 3048 non
3494 2992 3595 3049 est
3636 2984 3990 3051 tentandus
4009 2985 4195 3051 Deus

2245 3090 2459 3234 ffl‘ss
2501 3068 2914 3238 3ῗὲἰὲἓέἱῇ
2951 3069 3712 3238 ἓὲἔῑίωἶᾶίῗέωῗξῗέζ
3738 3070 4194 3223 ...litam

2247 3240 2453 3324 quod,
2520 3261 2720 3324 quam
2787 3240 2875 3304 sit
2937 3239 3008 3304 in
3066 3242 3239 3306 votis
3292 3243 3374 3306 iis
3430 3243 3542 3324 qui
3599 3251 3944 3325 praesunt,
4002 3264 4194 3309 nemo

2245 3327 2527 3411 ignorat.
2599 3324 2734 3406 Qui
2768 3325 2941 3391 male
2981 3326 3252 3391 fuerunt
3284 3348 3541 3409 semper
3573 3328 3788 3394 affecti
3832 3327 3956 3394 hoc
3991 3349 4196 3412 quum

2246 3433 2379 3477 non
2432 3412 2770 3496 ignorent,
2824 3432 2960 3476 non
3014 3411 3228 3496 magis
3286 3413 3660 3478 afficiuntur
3715 3412 3799 3480 ad
3854 3415 4192 3497 pietatem:

2247 3497 2362 3562 alii
2405 3498 2649 3579 partim
2703 3497 3016 3579 praemiis
3030 3547 3047 3576 ,
3102 3497 3345 3580 partim
3403 3499 3741 3581 promissis
3797 3508 3865 3564 et
3921 3499 4067 3565 aliis
4122 3498 4193 3564 id

2246 3603 2460 3667 genus
2511 3583 2914 3668 franguntur
2980 3592 3048 3646 et
3102 3592 3533 3663 enervantur,
3600 3606 3685 3650 ne
3739 3605 3810 3650 se
3874 3606 3993 3669 pro
4046 3583 4194 3651 Deo

2249 3675 2585 3753 opponant
2635 3668 2877 3751 iniquis
2928 3668 3524 3736 machinationibus
3538 3721 3555 3748 ,
3653 3670 3845 3737 uibus
3899 3670 4194 3737 misellae

2291 3753 2426 3820 lebi
2467 3752 2653 3819 foede
2693 3755 3051 3838 imponitur
3067 3805 3084 3832 ,
3142 3754 3303 3821 adeo
3357 3764 3436 3819 ut
3489 3757 3602 3839 qui
3700 3765 3855 3840 agat
3905 3777 4038 3823 non
4090 3756 4193 3823 vi-

2248 3775 2423 3919 geat,
2467 3837 2583 3905 sed
2638 3838 3137 3906 circumferatur
3189 3860 3318 3925 quo
3373 3839 3618 3907 ducunt
3671 3840 3867 3923 plani.
3972 3840 4193 3923 Quam

2188 3934 2191 3943 ²
2249 3925 2591 4010 expediret
2634 3926 2942 4004 succurri,
2988 3947 3071 3991 ne
3115 3927 3420 4011 graviora
3461 3927 3933 4012 contingerent.

2425 4009 2750 4094 Gaspafl)
2793 4020 3048 4089 noster,
3111 4033 3305 4095 quem
3360 4021 3437 4076 tu
3479 4032 3677 4096 quam
3722 4012 4193 4078 humanissime

2246 4096 2581 4179 excepisti,
2638 4116 2714 4162 ac
2755 4117 3013 4162 summo
3066 4097 3282 4162 studio
3337 4097 3734 4164 contendisti
3749 4148 3767 4177 ,
3823 4106 3899 4164 ut
3953 4098 4194 4164 efficiat

2245 4183 2311 4247 id
2356 4182 2545 4247 cuius
2590 4182 2803 4266 gratia
2844 4192 3150 4262 venerat,
3206 4190 3280 4248 ut
3296 4181 3354 4268 ⁵)
3399 4183 3594 4265 plane
3636 4192 3739 4249 est
3782 4194 4188 4267 assequutus,

2245 4279 2311 4334 et
2355 4268 2588 4333 merito
2634 4266 2755 4331 tibi
2805 4287 2925 4351 ego
2983 4288 3132 4333 cum
3190 4290 3266 4334 eo
3313 4269 3629 4334 habemus
3673 4268 3971 4353 gratiam.
4058 4267 4192 4334 Ubi

2241 4352 2546 4419 rediisset
2598 4350 3040 4419 subindicavit
3095 4362 3309 4420 tecum
3367 4353 3609 4439 egisse,
3676 4362 3753 4419 ut
3807 4352 3978 4438 quod
4033 4353 4188 4418 olim

2241 4439 2557 4523 ignorans
2601 4443 2707 4516 (ut
2748 4446 2938 4504 erant
2983 4440 3204 4505 omnia
3243 4439 3655 4524 ignorantiae
3695 4438 3921 4524 plena)
3964 4438 4188 4505 existi-

2262 4729 2407 4784 650.
2447 4729 2506 4795 1)
2532 4726 2780 4809 ,De-hoo,
2821 4726 3059 4808 θεωρία
3093 4727 3161 4783 de
3199 4727 3350 4783 Riva
3382 4727 3622 4798 aynano
3666 4729 3729 4783 in
3763 4726 4063 4797 Ρναηρὺω,
4097 4741 4187 4781 eu-

2234 4815 2348 4869 1²⁷⁰
2384 4813 2773 4947 sagnam
2789 4796 3241 4944 dftgltusom’rumore‘
3265 4862 3348 4932 Of.
3386 4863 3732 4947 Kirehlqoffer,
3769 4863 3941 4919 Fau-el
3976 4861 4063 4918 11.
4098 4861 4184 4917 84.

2448 4935 2509 4999 ³³
2546 4933 2807 5016 pm
2841 4933 3100 5014 Μ
3139 4948 3401 5057 Ἢ’
3443 4933 4188 5071 waram
4047 4947 4189 5003 Μ’

2235 5002 3175 5152 ementatum&
3197 5070 3332 5124 v...
3365 5018 3497 5125 aa.
3529 5087 3587 5139 2..
3624 5067 3707 5123 π.
3846 5018 3890 5073 2⁹

2447 5138 2508 5207 4)
2553 5138 2682 5194 Sme
2717 5138 2882 5193 dubto
3012 5144 3034 5193 t
3067 5137 3134 5193 de
3165 5136 3220 5193 G.
3247 5137 3489 5194 Gamelo
3522 5144 3712 5207 nepote
3743 5153 3859 5207 suo,
3885 5148 4037 5208 quem
4072 5153 4187 5193 eae·

2234 5210 2369 5281 pius
2395 5211 2515 5290 jam
2550 5209 2764 5291 obvium
2800 5207 3101 5262 habacum.
3160 5205 3286 5276 Qua
3319 5207 3384 5261 de
3417 5223 3589 5263 eausa
3621 5207 3673 5261 ie
3694 5206 3940 5262 Bes-nam
3974 5222 4030 5262 ee
4062 5221 4185 5263 con·

2242 5279 2442 5346 ‘'am‘'
2452 5279 2806 5413 simachfft'
2827 5342 2965 5401 Viae
2999 5361 3075 5400 a„
3107 5341 3416 5414 zeqenam:
3447 5346 3519 5396 et.
