4825 6175
601 420 729 485 2⁷9

781 605 1006 672 Tertia
1067 605 1419 672 Februarii
1493 605 1618 674 hoc
1694 607 1823 672 fuit
1891 606 2317 675 constitutum
2381 608 2561 672 inter

609 712 867 770 omnes,
922 701 1158 776 quarta
1208 693 1413 775 quieti
1466 714 1578 758 seu
1638 693 1857 777 potius
1923 714 2112 760 arcae
2177 702 2293 758 aut
2356 693 2557 758 cistae

599 777 931 863 parandae
984 798 1289 846 concessa
1344 778 1484 844 fuit.
1574 776 1830 861 Quinta
1881 780 2088 863 serio,
2145 777 2272 844 Dei
2318 779 2553 863 gratia,

608 864 999 946 colloquium
1052 864 1388 948 inceptum
1442 864 1596 942 fuit,
1658 876 1724 929 et
1779 866 1851 930 in
1907 885 1986 930 eo
2036 862 2554 950 progredientur,

607 950 737 1014 nisi
790 960 1040 1015 mutato
1097 951 1315 1015 animo
1361 960 1427 1014 et
1469 950 1737 1016 consilio
1780 952 2149 1033 Imperator
2200 950 2554 1015 interrum-

605 1056 763 1118 pere
809 1034 1122 1114 voluerit,
1177 1036 1345 1102 sieut
1401 1036 1542 1100 fieri
1597 1035 1784 1102 facile
1842 1047 2092 1121 posset:
2147 1057 2352 1119 usque
2396 1035 2557 1101 adeo

609 1122 829 1186 omnia
871 1121 1120 1187 bellicis
1162 1120 1533 1187 rumoribus
1575 1120 1773 1205 plena
1813 1130 1985 1188 sunt.
2045 1116 2193 1187 Hac
2228 1121 2331 1187 die
2366 1143 2554 1205 prae-

608 1206 780 1272 sides
823 1229 943 1289 per
987 1205 1450 1273 cancellarium
1494 1206 1738 1272 hortati
1775 1215 1933 1273 sunt
1966 1228 2191 1272 omnes
2226 1207 2554 1291 colloquu-

608 1301 813 1371 tores,
860 1302 933 1357 ut
975 1299 1048 1357 in
1090 1291 1213 1358 hoc
1258 1304 1394 1357 tam
1438 1294 1828 1377 gravissimo
1873 1294 1954 1359 de
1996 1292 2316 1378 religione
2358 1292 2555 1360 collo-

607 1379 757 1461 quio
802 1377 1161 1442 christiane
1218 1388 1283 1443 et
1327 1378 1531 1443 amice
1573 1379 1939 1462 inciperent
1981 1386 2048 1444 et
2089 1385 2390 1463 agerent,
2436 1399 2558 1443 nec

609 1485 746 1531 non
809 1462 1209 1548 colloquium
1274 1463 1358 1529 ad
1423 1465 1623 1529 finem
1686 1486 1894 1548 usque
1952 1464 2045 1530 sic
2101 1465 2555 1548 perducerent.

608 1549 854 1615 Postea
920 1548 1005 1613 D.
1054 1548 1395 1616 Malvenda
1457 1549 1792 1617 elaborata
1869 1550 2158 1615 oratione
2174 1554 2233 1635 ⁴)
2314 1550 2561 1633 incepit

603 1636 850 1721 gratias
903 1656 1097 1719 agere
1142 1636 1283 1700 Deo
1339 1634 1515 1718 quod
1557 1634 1630 1702 O.
1677 1637 1770 1701 M.
1814 1635 2178 1702 instituerit
2234 1635 2357 1701 hoc
2397 1636 2556 1700 ami-

608 1742 760 1786 cum
829 1721 1220 1803 colloquium
1289 1721 1370 1786 ad
1435 1721 1903 1805 pacificandam
1970 1720 2428 1801 Germaniam,
2494 1730 2558 1787 et

602 1827 723 1890 per
756 1806 938 1884 illud,
982 1806 1152 1889 quod
1191 1806 1507 1873 hactenus
1541 1807 1795 1874 efficere
1831 1829 1961 1874 non
2002 1807 2304 1890 potuerit,
2350 1807 2555 1890 ipsius

604 1891 1070 1976 tranquillitati
1146 1892 1499 1958 consulere.
1599 1892 2102 1959 Commendavit
2179 1892 2555 1976 praesidum

603 1978 898 2045 animum
964 1986 1031 2044 et
1090 1977 1411 2043 studium:
1478 1988 1817 2061 praeterea
1879 1977 2169 2044 ostendit
2231 1978 2404 2061 quod
2469 2001 2554 2043 ex

603 2061 1151 2146 colloquutoribus
1195 2085 1350 2129 suae
1394 2064 1619 2146 partis,
1666 2085 1827 2148 quos
1867 2063 2222 2130 catholicos
2270 2064 2548 2142 vocavit,

600 2148 749 2217 illos
793 2148 962 2214 nihil
1004 2148 1290 2215 dicturos
1334 2170 1452 2232 per
1492 2149 1679 2229 iram,
1724 2148 2041 2215 invidiam
2089 2158 2206 2214 aut
2249 2149 2551 2234 indigna-

603 2235 881 2313 tionem,
937 2234 1052 2301 sed
1105 2236 1321 2318 potius
1379 2257 1530 2302 cum
1582 2233 1857 2301 candido
1915 2244 1982 2301 et
2037 2235 2289 2302 sincero
2348 2235 2554 2300 animi

602 2321 843 2387 affectu
893 2342 971 2387 ac
1011 2319 1330 2386 desiderio
1388 2319 1783 2387 christianae
1839 2320 2249 2399 concordiae,
2312 2342 2551 2405 eosque

598 2418 823 2489 optare
867 2416 939 2471 ut
982 2405 1244 2471 illorum
1302 2406 1726 2489 cogitationes
1782 2415 1848 2472 et
1904 2409 2159 2472 animos
2212 2427 2549 2490 possemus

599 2490 855 2570 videre,
920 2500 1239 2574 quantum
1304 2492 1549 2557 scilicet
1609 2491 1732 2558 hoc
1797 2492 2192 2559 desiderium
2244 2494 2428 2575 pacis
2484 2503 2549 2558 et

600 2576 981 2645 concordiae
1036 2577 1167 2642 alte
1212 2577 1448 2642 animis
1491 2599 1715 2643 eorum
1771 2576 2069 2643 insideat.
2159 2579 2332 2643 Item
2373 2576 2546 2662 quod

596 2663 873 2729 mallent
914 2663 1298 2728 familiarius
1342 2664 1482 2728 sine
1526 2665 1707 2729 omni
1751 2664 2181 2747 descriptione
2226 2662 2550 2730 dictorum

601 2759 669 2814 et
703 2748 1256 2814 contradictorum
1292 2759 1663 2813 nostrorum
1699 2771 1912 2835 agere,
1950 2756 2024 2815 ut
2056 2750 2280 2816 omnia
2313 2751 2550 2816 melius

602 2833 919 2918 perpendi
952 2842 1018 2899 et
1045 2834 1275 2901 librari
1296 2843 1564 2917 possent
1584 2844 1651 2899 et
1668 2838 1911 2902 veritas
1946 2837 2187 2901 certius
2226 2836 2546 2920 cognosci.

602 2918 832 3002 Quum
871 2919 995 2985 hoc
1034 2927 1254 2984 autem
1293 2921 1435 2984 fieri
1470 2941 1604 2985 non
1638 2922 1859 3004 possit,
1902 2921 2074 2987 velle
2107 2921 2283 3005 ipsos
2318 2942 2550 3004 parere

605 3014 671 3071 et
712 3007 785 3071 in
828 3007 1064 3091 pennis
1107 3004 1304 3089 loqui.
1391 3006 1804 3071 Protestatus
1860 3014 1960 3072 est
2002 3029 2119 3073 suo
2163 3015 2230 3072 et
2272 3007 2550 3073 aliorum

600 3094 864 3158 nomine
908 3092 1066 3170 duo,
1109 3091 1306 3175 idque
1348 3092 1681 3160 sorbonico
1725 3114 1906 3158 more
1921 3144 1939 3176 ,
1982 3115 2218 3173 unum,
2263 3093 2437 3177 quod
2478 3093 2548 3159 in

602 3178 727 3246 hoc
784 3177 1102 3260 colloquio
1157 3177 1328 3242 nihil
1393 3186 1615 3244 essent
1671 3177 1908 3245 dicturi
1961 3187 2077 3244 aut
2133 3179 2204 3243 in
2259 3179 2548 3245 medium

601 3264 982 3348 producturi
1046 3264 1178 3329 nisi
1242 3264 1444 3330 sacris
1507 3263 1750 3345 literis,
1813 3265 2279 3330 traditionibus
2343 3265 2546 3331 eccle-

603 3351 880 3416 siasticis
937 3356 1005 3416 et
1047 3348 1507 3416 communibus
1562 3350 1870 3416 ecclesiae
1914 3351 2276 3416 canonibus
2328 3372 2551 3416 conso-

598 3458 778 3514 num,
823 3443 887 3501 et
929 3436 986 3502 si
1028 3434 1185 3519 quid
1225 3456 1344 3518 per
1385 3435 1896 3518 imprudentiam
1936 3437 2111 3501 inter
2142 3433 2545 3519 loquendum

599 3521 963 3600 excideret,
1023 3521 1269 3588 vellent
1325 3543 1444 3607 pro
1501 3543 1638 3588 non
1694 3520 1863 3587 dicto
1921 3520 2176 3587 haberi:
2238 3521 2543 3600 secunde,

603 3607 775 3690 quod
820 3608 1040 3672 omnia
1081 3626 1243 3689 quae
1286 3608 1357 3672 in
1400 3607 1522 3674 hoc
1566 3607 1882 3691 colloquio
1926 3608 2189 3673 allaturi
2231 3617 2347 3673 aut
2389 3629 2543 3674 con-

602 3695 847 3758 cessuri
915 3705 1165 3770 essent,
1232 3692 1476 3760 vellent
1540 3693 1612 3758 id
1675 3714 1818 3760 esse
1884 3692 2206 3758 duntaxat
2268 3695 2544 3760 amicam

598 3779 1012 3845 collationem
1055 3788 1122 3842 et
1164 3798 1331 3861 quae
1374 3779 1706 3844 neminem
1749 3779 1989 3864 ligent,
2044 3801 2176 3844 non
2221 3801 2337 3862 pro
2383 3778 2541 3844 defi-

598 3865 875 3942 nitione,
920 3863 1285 3947 receptione
1329 3879 1445 3930 aut
1488 3862 2027 3930 determinatione
2071 3864 2329 3946 haberi,
2374 3887 2541 3949 quae

599 3949 674 4016 O.
720 3950 811 4015 M.
857 3962 1194 4015 reservata
1235 3950 1486 4016 volunt.
1566 3950 1850 4016 Posthac
1892 3952 2139 4033 incepit
2183 3948 2262 4016 de
2304 3951 2538 4016 iustifi-

598 4036 849 4103 catione
882 4056 1094 4120 agere,
1139 4043 1207 4100 et
1243 4035 1530 4119 primum
1566 4035 1647 4101 de
1682 4036 1945 4102 nomine
1981 4044 2049 4102 et
2081 4056 2278 4102 causa
2312 4037 2538 4119 ipsine,

602 4122 680 4188 de
724 4123 933 4187 veteri
978 4120 1202 4205 culpa,
1248 4129 1316 4187 et
1356 4120 1440 4185 ad
1484 4121 1550 4184 id
1592 4122 1804 4186 multa
1845 4123 2208 4205 scripturae
2248 4123 2542 4187 testimo-

603 4210 729 4288 nia,
776 4205 890 4274 sed
935 4228 1160 4272 eorum
1204 4228 1383 4273 more
1418 4207 1698 4285 inversa,
1746 4207 2029 4285 induxit,
2075 4215 2142 4271 et
2174 4207 2289 4273 illa
2323 4208 2548 4274 omnia

603 4297 673 4360 in
729 4304 974 4376 septem
1044 4294 1513 4376 propositiones
1579 4293 1915 4359 sorbonico
1975 4313 2157 4358 more
2224 4292 2544 4360 distinxit.

601 4381 733 4446 Hic
779 4380 986 4445 nostri
1031 4389 1348 4463 rogarunt
1389 4388 1467 4444 ut
1511 4378 1642 4445 illis
1683 4379 1991 4463 loquendi
2034 4379 2214 4445 locus
2258 4379 2543 4445 daretur.

601 4464 950 4531 Praesides
1012 4464 1094 4529 ad
1156 4463 1527 4532 Malvendae
1590 4466 1970 4548 petitionem
2035 4465 2454 4549 indulgentes
2508 4488 2547 4531 a

603 4551 848 4617 nostris
894 4550 1310 4634 postularunt
1352 4562 1428 4615 ut
1470 4561 1851 4633 paterentur
1903 4550 2092 4616 illum
2135 4552 2206 4615 in
2249 4572 2366 4617 suo
2411 4573 2547 4617 ser·

603 4658 795 4702 mone
829 4634 1138 4719 progredi
1175 4646 1241 4699 et
1277 4635 1644 4701 absolvere:
1691 4659 1835 4702 cras
1873 4639 2171 4702 futurum
2213 4637 2345 4702 illis
2385 4637 2546 4702 libe-

602 4743 748 4787 rum
797 4721 882 4787 ad
924 4721 1142 4786 omnia
1200 4721 1652 4804 respondendi.
1738 4721 1853 4790 Sic
1897 4722 2157 4806 quidem
2203 4722 2550 4789 Malvenda

604 4807 870 4872 tandem
914 4806 1208 4871 absolvit.

774 4892 1002 4957 Nostri
1045 4914 1085 4955 a
1129 4890 1402 4973 prandio
1460 4892 1902 4958 deliberarunt
1956 4901 2144 4971 (nam
2186 4895 2550 4960 matutinae

604 4979 805 5044 horae
828 4977 1147 5058 colloquio
1175 4976 1446 5054 dantur)
1486 4989 1560 5042 ut
1589 4980 1918 5044 communi
1952 4982 2219 5044 nomine
2254 4982 2550 5062 sequenti

605 5065 710 5129 die
745 5066 828 5129 D.
852 5063 1140 5127 Bucerus
1182 5062 1263 5127 ad
1309 5065 1530 5127 omnia
1572 5064 2012 5148 responderet.
2071 5065 2268 5146 Quod
2303 5067 2551 5132 factum

810 5337 873 5405 4)
909 5337 1200 5394 Horaeaer
1231 5336 1267 5393 1.
1304 5337 1338 5392 1.
1369 5338 1415 5405 f.
1452 5337 1571 5392 366.

2159 417 2684 488 EPIS'POLAE
2731 422 3064 484 765--767

4480 420 4582 488 280

2658 615 2777 672 est.
2856 606 3070 675 Sexta
3112 609 3331 692 itaque
3373 607 3479 674 die
3523 606 3870 675 Februarii
3911 608 4272 691 praemissa
4313 607 4425 690 pia
4463 626 4584 690 pre-

2659 693 2917 758 catione
2960 703 3029 760 et
3072 694 3317 759 actioni
3360 692 4064 769 accommodatissima,
4121 715 4243 759 nec
4287 714 4420 758 non
4461 714 4583 775 pro-

2662 779 3047 859 testatione,
3092 788 3161 845 et
3203 780 3319 844 illa
3361 780 3683 859 exhibita,
3728 779 3812 845 ad
3854 780 4115 861 singula
4157 778 4392 844 deinde
4436 778 4585 844 illius

2661 864 2838 930 dieta
2882 886 2999 930 seu
3044 867 3514 949 propositiones
3558 864 3906 948 respondit.
3965 866 4073 930 Ita
4116 876 4334 930 tamen
4383 876 4459 928 nt
4494 886 4586 930 ur-

2665 959 2847 1032 geret
2909 950 3149 1035 agendi
3211 951 3507 1017 ordinem
3563 974 3601 1016 a
3660 951 3733 1017 O.
3781 952 3872 1017 M.
3917 952 4389 1034 praescriptum
4457 960 4587 1016 ante

2660 1037 2882 1101 omnia
2931 1037 3355 1103 servandum.
3444 1035 3865 1102 Contendent
3899 1037 4116 1115 etiam,
4162 1038 4219 1102 si
4256 1035 4454 1102 modo
4493 1037 4587 1102 cb-

2660 1123 2873 1186 tinere
2939 1122 3007 1187 id
3072 1131 3139 1187 et
3200 1124 3555 1206 impetrare
3617 1130 3960 1206 poterunt,
4027 1131 4103 1186 ut
4159 1121 4473 1187 articulus
4521 1121 4589 1188 de

2660 1207 3115 1273 iustificatione
3159 1206 3267 1273 hic
3308 1208 3692 1274 conciliatus
3736 1208 3894 1273 olim
3939 1228 4056 1291 pro
4098 1208 4446 1275 conciliato
4487 1207 4587 1273 ha-

2664 1291 2911 1359 beatur.
3002 1291 3241 1376 Sicque
3286 1293 3353 1358 in
3397 1294 3712 1377 colloquio
3754 1292 4262 1378 progreditur.⁵)

2829 1379 3146 1445 Dolemus
3204 1379 3579 1460 Philippum
3633 1381 3877 1446 abesse.
3902 1384 3959 1457 ὅ)
4046 1377 4328 1463 Scripsit
4385 1388 4592 1445 tamen

2659 1486 2730 1530 66
2768 1464 3049 1531 fortasse
3083 1476 3454 1544 venturum,
3492 1466 3548 1531 si
3586 1466 3987 1531 intellexerit
4013 1466 4183 1530 serio
4214 1465 4591 1548 colloquium

2658 1550 3024 1633 procedere.
3073 1548 3151 1616 Si
3189 1551 3482 1634 pluribus
3516 1573 3693 1618 nunc
3728 1551 3811 1616 ad
3846 1560 3911 1616 te
3951 1552 4233 1617 scribere
4274 1572 4414 1616 non
4456 1570 4591 1633 pos-

2657 1658 2823 1716 sum,
2867 1635 2991 1702 hec
3034 1635 3424 1702 condonabis
3467 1637 3758 1720 meisque
3799 1637 4324 1720 occupationibus
4361 1636 4591 1701 adscri-

2658 1721 2791 1787 bes.
2874 1720 3188 1787 Salutant
3242 1731 3305 1787 te
3358 1742 3587 1788 omues
3640 1725 3875 1787 fratres
3893 1774 3909 1800 ,
3971 1723 4363 1806 praesertim
4408 1722 4589 1788 collo·

2660 1819 2970 1889 quutores
3009 1827 3254 1886 omnes,
3304 1806 3624 1874 Pistoriae
3666 1816 3736 1873 et
3785 1808 4094 1883 &ethin-9,
4139 1820 4367 1874 noster
4411 1809 4593 1873 etiam

2664 1892 3046 1960 Senarozeus.
3114 1894 3218 1958 'Pu
3254 1895 3542 1959 vicissim
3575 1916 3721 1959 meo
3757 1895 4020 1959 nomine
4055 1892 4367 1959 salutabis
4404 1893 4592 1959 eccle-

2658 1980 2792 2043 siae
2826 1978 2990 2045 fidos
3027 1980 3380 2058 ministroS,
3419 1980 3821 2046 carissimam
3856 1981 4055 2044 etiam
4089 2000 4365 2045 uxorem
4402 1990 4589 2043 tuam.

2660 2065 2795 2130 Nos
2854 2064 3235 2130 divertimus
3289 2065 3357 2128 in
3416 2066 3626 2133 veteri
3671 2066 4258 2149 Argentinensium
4318 2066 4592 2149 hospitio

2654 2151 2777 2216 tibi
2830 2159 3011 2215 noto:
3075 2158 3398 2231 matrona,
3455 2172 3622 2234 quae
3679 2151 3881 2217 vidua
3933 2152 4067 2215 iam
4117 2152 4198 2215 ab
4253 2172 4430 2216 anno
4473 2170 4593 2215 uno

2657 2244 2785 2314 est,
2846 2245 2912 2301 te
2970 2236 3230 2301 salutat.
3320 2235 3398 2301 Si
3462 2245 3672 2315 vacat,
3735 2256 3975 2319 quaeso
4041 2235 4125 2300 ad
4181 2235 4594 2320 Dryandmm

2656 2332 2954 2386 nostrum
2999 2320 3280 2386 scribito.
3302 2326 3355 2399 ⁷)
3413 2322 3686 2388 Gaudeo
3729 2321 3901 2405 quod
3945 2344 4027 2387 ex
4072 2323 4280 2387 literis
4328 2321 4597 2388 Muscali

2655 2407 3175 2473 intellexerimus
3220 2417 3286 2473 te
3328 2419 3505 2475 recte
3550 2408 3783 2474 valere.
3873 2408 4058 2473 Bene
4102 2407 4278 2486 vale,
4325 2409 4436 2474 vir
4476 2408 4597 2474 cla-

2656 2493 2951 2571 rissime,
3017 2494 3085 2557 in
3141 2492 3439 2560 Christo:
3508 2514 3700 2578 quem
3769 2514 3998 2576 precor
4055 2502 4131 2559 ut
4173 2493 4255 2559 ad
4296 2494 4598 2559 ecclesiae

2659 2577 3172 2645 aedificationem
3218 2588 3284 2645 et
3326 2581 3796 2664 protectionem
3847 2579 4214 2644 diutissime
4258 2588 4326 2644 te
4370 2586 4595 2645 servet.

2656 2666 2889 2729 Amen.
2981 2664 3398 2742 Ratisbonae,
3448 2671 3503 2730 9.
3550 2665 3893 2731 Februarii
3948 2671 4129 2730 1546.

3139 2767 3316 2832 Vere
3360 2788 3435 2834 ac
3478 2779 3789 2852 perpetuo
3834 2768 3952 2833 tibi
3998 2767 4523 2835 devinctissimus

3527 2866 3596 2919 et
3638 2852 4149 3004 studiosiss{mlu)s

4005 2990 4020 3004 .
4134 2962 4188 3005 z.

2824 3056 2953 3123 His
3012 3059 3269 3143 scriptis
3327 3059 3545 3144 accepi
3602 3058 3829 3128 literas
3885 3080 3925 3125 a
3965 3059 4314 3145 Dryandro
4371 3062 4597 3146 quibus

2651 3165 2722 3210 se
2776 3143 2970 3210 valde
3034 3153 3431 3211 commotum
3501 3145 3661 3213 dicit
3725 3167 3801 3212 ac
3863 3147 4059 3230 plane
4122 3147 4594 3229 perturbatum,

2650 3230 2821 3312 quod
2866 3251 2906 3294 a
2949 3231 3087 3296 suis
3140 3231 3543 3297 intellexerit
3599 3231 3759 3298 adeo
3812 3232 4284 3316 Imperatorem
4345 3235 4595 3299 saevire

2650 3323 2727 3382 ut
2769 3337 3013 3399 magna
3066 3338 3199 3381 non
3255 3317 3464 3382 solum
3522 3339 3673 3384 suos
3725 3328 4030 3400 parentes
4072 3318 4343 3384 infamia
4386 3321 4594 3384 affice-

2650 3408 2770 3481 ret,
2788 3404 2848 3485 s)
2894 3400 3012 3467 66(1
3054 3401 3254 3467 etiam
3298 3403 3650 3469 ascriberet
3691 3405 3849 3470 fisco
3893 3425 4060 3487 quae
4103 3404 4202 3470 illi
4244 3425 4286 3468 a
4328 3413 4595 3488 paterna

2648 3485 3049 3552 haereditate
3093 3489 3438 3570 provenire
3481 3497 3791 3572 possunt,
3848 3511 4211 3574 urgereque
4255 3490 4403 3556 illos
4449 3498 4523 3556 ut
4560 3510 4593 3555 e

2651 3571 3011 3638 Germania
3066 3571 3447 3656 egrediatur
3489 3576 3546 3639 si
3589 3575 3754 3644 bene
3808 3576 4190 3659 parentibus
4233 3577 4594 3642 consultum

2650 3658 2828 3737 velit,
2866 3680 2986 3724 nec
3020 3657 3185 3723 mihi
3222 3658 3330 3725 hic
3363 3661 3521 3725 satis
3557 3682 3700 3727 esse
3735 3668 3952 3726 tutum
3989 3669 4110 3727 etc.
4173 3663 4276 3728 Tu
4308 3661 4591 3745 proinde,

2648 3764 2780 3823 ore,
2826 3746 2916 3809 mi
2953 3745 3036 3808 D.
3067 3743 3341 3824 Calvino,
3384 3758 3461 3810 ut
3495 3743 3579 3810 ad
3621 3745 3809 3812 illum
3849 3747 4167 3814 rescribas
4211 3757 4294 3826 et,
4342 3758 4418 3815 ut
4452 3749 4590 3827 scis,

2647 3830 2817 3894 bono
2882 3850 3024 3896 esse
3091 3831 3308 3895 animo
3382 3839 3473 3914 et,
3502 3833 3832 3898 constanti
3894 3832 4151 3912 iubeas,
4216 3833 4300 3899 ad
4366 3855 4592 3917 meque

2645 3914 2870 3980 literas
2911 3915 3176 3980 mittito.
3254 3916 3398 4000 Ego
3439 3918 3677 3982 curabo
3720 3918 3907 3984 brevi
3949 3918 4030 3984 ad
4074 3918 4261 3985 illum
4304 3919 4591 4003 perferri.

2645 4001 2868 4066 Vellet
2909 4022 3166 4068 mecum
3209 4003 3420 4069 multa
3465 4005 3973 4084 communicare,
4031 4005 4304 4088 ideoque
4357 4005 4591 4072 invitat

2648 4093 2716 4152 et
2750 4095 2944 4170 urget
2979 4095 3054 4152 ut
3092 4086 3175 4152 ad
3208 4088 3401 4153 illum
3436 4110 3611 4155 eam:
3658 4088 3772 4154 sed
3816 4092 4177 4172 praestabit
4216 4090 4345 4157 1166
4380 4093 4591 4174 ipsum

2647 4172 2731 4237 ad
2775 4194 2891 4239 nos
2949 4174 3174 4239 venire
3219 4181 3373 4239 ante
3428 4176 3723 4255 comitia,
3780 4177 3837 4241 si
3880 4185 4101 4241 tamen
4145 4177 4368 4242 futura
4421 4189 4585 4242 sunt.

2851 4380 2912 4443 ὃ)
2949 4382 3062 4435 sic!

2852 4447 2911 4513 6)
2952 4448 3042 4502 De
3076 4449 3329 4517 Philippa·
3370 4449 3621 4504 absentia
3667 4465 3714 4502 v.
3751 4449 4007 4517 epistolas
4042 4449 4281 4504 Lutheri
4313 4451 4401 4519 (de
4428 4450 4587 4505 Wem

2650 4518 2713 4571 V.
2751 4516 2874 4582 777)
2911 4524 2962 4571 et
2994 4517 3232 4572 Bruckii
3267 4517 3453 4585 (Oorp.
3479 4518 3606 4582 Res.
3636 4518 3736 4572 VI.
3760 4516 3847 4584 10)
3885 4519 4009 4574 item
4044 4518 4418 4575 Melanthea&
4453 4519 4584 4572 Iudi-

2650 4587 2790 4639 cium
2826 4586 2894 4638 de
2930 4587 3197 4654 colloquio
3232 4588 3445 4640 Batisb.
3483 4587 3732 4641 habendo
3764 4587 3924 4654 (ibid.
3956 4603 4015 4655 p.
4051 4587 4161 4655 14).

2859 4652 2917 4718 7)
2964 4652 3130 4723 Quem
3183 4663 3293 4709 tum
3344 4656 3457 4709 iam
3514 4655 3871 4724 Arqentorati
3927 4655 4101 4721 fuisse
4150 4672 4265 4710 non
4315 4655 4586 4710 credimus·

2666 4722 2800 4777 Vide
2828 4726 3253 4791 post-scriptum,
3290 4725 3387 4777 ubi
3425 4721 3644 4777 Calvim'
3676 4726 3906 4792 epistola
3941 4724 4016 4778 ad
4036 4723 4144 4777 Dr.
4181 4724 4465 4779 scribenda
4494 4738 4587 4791 per

2651 4805 2850 4845 manus
2884 4790 3085 4845 Diazii
3115 4795 3426 4847 transitura
3459 4793 3679 4862 dicitur,
3714 4809 3841 4862 erqo
3874 4810 3987 4847 non
4023 4795 4439 4862 Argentoratum
4472 4794 4584 4846 mii-

2653 4860 2818 4915 tenda
2852 4860 2947 4913 sed
2974 4863 3158 4928 potius
3189 4862 3534 4931 Viteberqam.
3580 4862 3657 4916 In
3694 4862 4067 4917 Melanthonis
4100 4862 4314 4932 quidem
4348 4877 4461 4929 epp.
4495 4860 4584 4915 hoc

2657 4935 2889 4996 tempore
2931 4931 3150 4996 scriptis
3194 4931 3402 4984 nullum
3447 4931 3566 4984 eius
3608 4932 3889 4997 vestigium
3942 4933 4243 4998 relegimus.
4322 4933 4581 4985 Caeterum

2656 5013 2986 5119 ηονέοἶηιηεε
3027 5000 3089 5051 in
3139 4998 3297 5066 Cor-p.
3339 4998 3461 5064 Res.
3496 5001 3731 5067 reperiri
3774 5000 3858 5054 vel
3890 5015 3957 5054 ex
3995 4998 4237 5067 M'On'e,
4274 5000 4396 5066 Refi
4430 4998 4580 5065 Hisp-

2697 5108 2708 5121 .
2880 5072 3045 5133 patet.

2653 5083 2692 5134 p
2863 5134 2923 5198 8)
2963 5135 3135 5188 Pater
3194 5135 3403 5203 Bur-qis
3471 5136 3717 5205 deqebat,
3783 5142 4020 5204 patruus
4075 5137 4434 5207 Antwerpiae.
4498 5134 4578 5187 De

2660 5202 2958 5273 Dryandri
3007 5219 3220 5258 carcere
3265 5210 3314 5257 et
3357 5205 3493 5273 fuya
3538 5221 3587 5259 v.
3627 5204 3846 5260 Rabum
3888 5206 3950 5258 in
3997 5207 4119 5260 hist.
4162 5207 4393 5276 Mat-tyr.
4438 5202 4575 5258 1572.

2660 5273 2728 5325 11.
2765 5272 2918 5393 656.D
2957 5271 3166 5327 Ibidem
3205 5289 3264 5342 p.
3300 5272 3404 5326 688
3448 5279 3626 5328 exstat
3668 5275 3841 5329 versio
3885 5274 4169 5329 relationis
4216 5274 4484 5330 Senarclei
4517 5272 4576 5325 de

2656 5348 2824 5396 morte
2920 5342 3071 5396 iasii.
