4825 6175
683 436 809 500 663

1587 709 1739 779 99Ἷ.

1214 861 1687 931 OALVINUS
1733 860 2105 929 VIRE'PO.

861 1035 1039 1103 Inter
1081 1036 1214 1101 alia
1255 1034 1525 1100 minoris
1565 1036 1857 1101 momenti
1890 1034 2200 1102 iudicitur»
2229 1034 2351 1116 fert
2390 1034 2470 1099 de
2496 1031 2640 1098 Pol-

684 1119 825 1187 lam·
866 1122 1071 1189 libello
1116 1121 1308 1203 deque
1363 1125 1617 1186 senatus
1660 1119 2010 1186 Ber-nensis
2064 1121 2134 1185 in
2188 1138 2383 1185 causa
2442 1118 2641 1184 Vireti

667 1213 745 1272 -et
790 1207 1093 1274 Zebedaei
1134 1206 1496 1273 illaudabibi
1537 1208 1763 1288 ayendi
1804 1208 2063 1272 ratione.

686 1395 801 1459 (Ex
836 1392 1172 1463 autographo
1208 1392 1338 1447 God-
1358 1393 1561 1449 Genev.
1599 1392 1714 1459 106,
1751 1394 1842 1447 fol.
1870 1392 1970 1446 211
2007 1392 2151 1447 unde
2225 1409 2288 1446 ro
2322 1409 2473 1446 more
2547 1409 2639 1446 ua·

683 1470 814 1517 tuor
856 1464 1131 1517 fluxerunt
1176 1480 1210 1515 a
1420 1462 1515 1531 ha,
1564 1463 1796 1516 alterum
1843 1478 1911 1517 ex
1957 1463 2132 1516 altero
2167 1409 2466 1530 fesoripm,
2545 1478 2638 1515 on·

685 1533 869 1586 villaei
903 1531 1030 1587 eod.
1070 1530 1211 1584 111⁸,
1257 1531 1349 1584 fol.
1387 1530 1454 1583 19
1485 1548 1554 1596 v.,
1589 1531 1864 1585 Turretini
1901 1531 2028 1586 Cod.
2068 1529 2186 1595 111,
2221 1531 2313 1586 fol.
2353 1528 2468 1597 186,
2506 1531 2637 1585 Ber·

958 1617 1126 1654 nense
1162 1600 1300 1668 Epp.
1341 1598 1457 1654 vll.
1493 1616 1546 1669 p.
1581 1598 1701 1667 864,
1738 1606 1795 1654 et
1831 1600 2046 1654 Simleri
2085 1600 2207 1654 Vol.
2244 1598 2357 1664 66.)

683 1788 898 1855 Fideli
942 1786 1193 1854 Christi
1236 1806 1425 1853 servo
1468 1787 1669 1853 Petro
1711 1788 1945 1852 Vireto
1989 1788 2488 1854 Lausannensis
2531 1808 2636 1854 ec-

856 1873 1091 1940 clesiae
1133 1873 1382 1956 pastori
1423 1873 1613 1938 fratri
1653 1881 1721 1938 et
1763 1873 1974 1939 amico
2016 1874 2461 1957 integerrimo.

858 2008 928 2076 S.
1016 2009 1121 2074 De
1164 2008 1413 2092 puella,
1479 2008 1663 2076 onius
1719 2009 1984 2093 nuptias
2041 2010 2368 2075 ambiebat
2423 2008 2639 2076 Iaooln·

679 2096 905 2161 fratris
929 2100 981 2166 ¹)
1026 2094 1236 2159 nostri
1280 2103 1627 2179 cognatus,
1688 2094 2021 2161 exciderat
2071 2096 2344 2161 verbum
2400 2096 2633 2174 facere,

681 2201 885 2264 quum
942 2181 1105 2246 istac
1170 2180 1539 2245 transirem.
1561 2178 1618 2266 ²)
1720 2179 2002 2261 Quando
2070 2189 2253 2263 pater
2317 2180 2479 2246 adeo
2535 2190 2637 2247 est

681 2264 985 2344 difficilis,
1032 2287 1152 2350 ego
1195 2265 1387 2330 fratri
1430 2275 1652 2331 nostro
1698 2274 1887 2331 autor
1930 2288 2075 2331 sum
2119 2276 2193 2331 ιιι
2236 2266 2364 2331 alio
2412 2267 2634 2351 potius

682 2351 977 2417 animum
1034 2357 1392 2417 convertat.
1492 2351 1967 2418 Adulescentes
2031 2351 2178 2417 illos
2233 2351 2393 2418 duos
2449 2353 2633 2436 Lug-

683 2437 935 2503 dunum
957 2457 1105 2503 cum
1130 2437 1337 2501 amica
1358 2435 1922 2503 commendatione
1946 2437 2184 2502 dimisi.
2231 2437 2556 2503 Octavium
2575 2439 2633 2520 ⁸)

679 2523 810 2589 scis
854 2522 1264 2588 combustum
1309 2543 1450 2587 esse
1501 2524 1827 2601 Lutetiae,
1871 2522 2041 2607 quod
2087 2522 2393 2588 ferociam
2438 2533 2634 2607 auget

680 2607 902 2691 impiis
946 2615 1014 2672 et
1055 2607 1244 2673 bonis
1280 2608 1520 2672 incutit
1552 2617 1886 2674 terrorem.
1955 2608 2025 2673 Is
2062 2618 2282 2673 tamen
2319 2606 2401 2673 ad
2438 2630 2631 2692 quem

681 2694 911 2776 scripsi
970 2692 1294 2759 cordatior
1350 2702 1451 2756 est
1507 2714 1703 2777 quam
1755 2700 1832 2759 ut
1873 2693 2073 2760 ullius
2126 2693 2396 2777 periculi
2451 2703 2631 2760 metu

680 2778 994 2846 concidat.
1081 2778 1315 2862 Itaque
1358 2800 1468 2843 eos
1511 2780 1737 2845 iuvare
1780 2780 2153 2859 conabitur,
2212 2781 2269 2845 si
2326 2801 2457 2863 qua
2509 2781 2635 2845 erit

680 2866 866 2931 ratio.

852 2951 957 3015 De
1015 2949 1367 3015 Valerando
1409 2947 1563 3033 quid
1607 2949 1864 3016 dicam?
1958 2952 2231 3017 Miseret
2273 2973 2377 3016 me
2421 2951 2634 3016 homi·

681 3036 788 3102 nis
830 3035 1163 3103 stultitiae.
1251 3034 1562 3103 Riderem
1618 3036 1820 3102 etiam
1859 3037 2144 3121 ineptias
2188 3037 2313 3104 nisi
2357 3044 2494 3103 tam
2533 3037 2633 3102 in-

682 3124 898 3189 sulsae
944 3122 1158 3189 forent
1214 3131 1290 3187 ut
1344 3123 1564 3206 potius
1618 3131 1958 3190 moverent
2002 3124 2430 3189 stomachum.
2519 3123 2634 3188 Li-

681 3207 926 3274 bellum
981 3208 1123 3274 eius
1141 3212 1198 3288 ⁴)
1239 3223 1414 3273 anno
1473 3214 1819 3292 antequam
1877 3208 2314 3276 excuderetur
2366 3227 2636 3292 percur-

680 3315 919 3372 reram,
956 3293 1214 3361 nescius
1246 3301 1471 3360 tamen
1503 3295 1720 3377 ipsum
1755 3317 1897 3361 esse
1932 3302 2242 3361 autorem.
2308 3292 2637 3359 Iudicium

683 3380 765 3447 de
818 3381 930 3456 illo
990 3401 1212 3446 meum
1258 3379 1706 3447 indicaveram
1763 3380 2057 3447 Fallesio.
2079 3379 2136 3467 ὁ)
2224 3377 2407 3445 Sunt
2463 3379 2635 3444 male

684 3473 1062 3551 compactae
1127 3465 1529 3550 rhapsodias.
1655 3467 1758 3531 'Pu
1823 3468 1881 3533 si
1946 3473 2202 3532 tantum
2269 3486 2507 3549 operae
2570 3474 2638 3531 et

684 3553 999 3635 temporis
1054 3550 1326 3635 perdere
1381 3553 1591 3630 voles,
1647 3553 1871 3618 statim
1930 3549 2445 3618 animadvertes‘
2471 3571 2637 3634 quae

687 3637 825 3703 sint
879 3636 1328 3722 improbanda.
1429 3638 1582 3704 Huc
1652 3646 1946 3721 spectare
2001 3637 2364 3705 Mallietum
2423 3636 2638 3716 video,

686 3730 765 3788 ut
833 3722 1059 3788 iuveni
1125 3743 1198 3786 ro
1285 3724 1382 3786 nti
1449 3723 1616 3788 nihil
1683 3743 1767 3790 ex
1826 3723 2106 3790 Davidis
2166 3729 2560 3789 testamento
2581 3721 2637 3809 ⁶)

686 3815 909 3893 eroget
952 3808 1078 3872 nisi
1122 3742 1311 3873 nobis
1347 3809 1861 3876 consulentibus.
1951 3809 2010 3874 E:
2059 3831 2115 3886 ο,
2160 3809 2314 3892 quia
2352 3829 2458 3873 res
2506 3829 2640 3874 non

687 3892 986 3977 displicet
1001 3946 1015 3970 ,
1076 3892 1425 3959 dissentire
1477 3915 1609 3960 non
1667 3895 1892 3961 audeo.
1985 3830 2122 3961 Sged
2163 3896 2317 3977 quia
2357 3915 2496 3960 non
2539 3901 2641 3960 est

683 3999 885 4044 causa
927 4000 1046 4044 cur
1087 3999 1308 4044 meum
1353 3980 1741 4064 suffragium
1797 3980 2062 4059 addam,
2118 3982 2496 4064 permittere
2538 3979 2639 4043 illi

682 4064 859 4130 malo
901 4072 979 4128 ιιι
1021 4075 1176 4149 agat
1216 4086 1334 4131 suo
1378 4063 1714 4131 arbitratu.

858 4148 1043 4216 Haec
1085 4152 1304 4215 omnia
1359 4151 1614 4216 minuta
1671 4150 1910 4235 quibus
1954 4151 2270 4217 haetenus
2313 4149 2638 4234 respondi.

723 4456 862 4511 90¹7.
901 4456 954 4523 1)
995 4454 1134 4525 Quis
1165 4456 1255 4511 hic
1283 4456 1456 4522 fuerit
1496 4458 1641 4512 &tter
1685 4463 1761 4512 tot
1809 4452 2127 4526 ὁμωνύμους
2174 4457 2482 4513 diiudicare
2528 4474 2642 4515 non

687 4526 968 4657 auden-35.
991 4594 1052 4647 a·
1085 4594 1282 4647 itenere
1316 4593 1625 4649 Bassianum·
1657 4594 1733 4648 aa
1773 4594 2069 4649 Falesia-⁸.

893 4661 955 4728 3)
999 4660 1336 4720 Octavianus
1369 4661 1603 4717 Blandae
1639 4681 1681 4716 κ.
1719 4662 1953 4717 Blondel
1994 4668 2261 4718 mereator
2306 4662 2642 4717 Rev-onmis

689 4731 761 4786 ab
799 4730 1008 4799 hospite
1042 4746 1141 4785 suo
1179 4730 1559 4799 Luydanmai,
1604 4736 1654 4784 et
1690 4728 1945 4785 Gabriele
1989 4732 2058 4790 de
2095 4729 2340 4787 Sat-om
2378 4746 2640 4799 praecen-

690 4807 807 4855 tore
843 4799 937 4864 (de
970 4815 1077 4868 quo
1104 4799 1276 4867 plura
1317 4797 1455 4867 Opp.
1505 4799 1561 4852 T.
1595 4798 1691 4852 IX.
1719 4800 1862 4868 prol.
1887 4798 1984 4865 39)
2020 4800 2298 4854 haerenae
2333 4806 2640 4866 anomalus,

693 4886 728 4923 a
769 4869 1114 4949 parlameato
1162 4866 1477 4922 Parthienen·
1519 4868 1815 4922 damnatum
1857 4867 1982 4934 fuit.
2067 4869 2240 4935 (Hiat.
2286 4870 2407 4923 eccl.
2459 4867 2511 4921 1.
2555 4866 2639 4923 69.

694 4937 842 4991 Hwt‘
877 4937 974 5068 αὖε
995 4935 1481 5060 ἔξνιέψῖτέἐῖιὸιῖἷθ
1532 5003 1606 5057 du
1657 5020 1698 5057 s.
1759 5010 2068 5059 sacrement
2118 5004 2186 5059 de
2245 5006 2299 5060 la
2351 5021 2484 5059 cene
2537 5012 2639 5059 etc.

695 5071 1141 5208 S‘mb'sibffe
1156 5073 1325 5197 {aig
1328 5070 1724 5210 12⁷ssanss
1757 5141 1823 5224 ag
1858 5141 1996 5222 ιῶςο
2030 5141 2263 5224 amarat.

900 5209 959 5272 6)
995 5210 1085 5265 De
1119 5217 1433 5266 nucimento
1479 5210 1819 5264 Busantomc
1852 5226 1948 5281 qut
1986 5211 2325 5278 pauper-abus
2375 5210 2642 5280 Argento-

690 5280 1006 5403 gamm-i
966 5278 1532 5404 thssgcgmm
1563 5279 1701 5333 eam·
1730 5278 1995 5348 mandem
2033 5279 2326 5347 pecuniam
2371 5280 2645 5348 legaverat

2236 429 2763 501 EPISTOLAE
2809 432 3148 497 997—999

4554 431 4652 493 664

2746 619 2829 685 In
2872 621 3219 704 praecipuo
3235 621 3293 699 ⁷)
3347 641 3554 705 prope
3605 619 4010 695 obmutesco,
4070 615 4234 682 adeo
4288 637 4395 682 me
4442 617 4654 683 cruciat

2745 704 3124 791 indignitas.
3210 707 3304 772 Et
3356 715 3579 772 tamen
3635 705 3744 772 hic
3798 704 4069 769 minime
4124 701 4652 768 dissimulandum.

2747 792 2823 857 si
2865 802 3169 877 putarem
3228 814 3334 857 me
3390 792 3633 875 aliquid
3690 811 3880 874 posse
3937 789 4174 854 afferre
4218 787 4450 854 melius
4489 808 4655 870 quam

2744 877 2916 961 quod
2958 876 3144 943 vobis
3187 886 3418 962 sponte
3456 879 3528 942 in
3566 883 3855 942 mentem
3900 874 4139 952 veniet,
4182 894 4317 939 non
4361 893 4657 957 parcerem

2742 961 2965 1028 labori.
3059 962 3193 1029 Sed
3239 965 3394 1047 quia
3434 963 3616 1029 vobis
3674 983 3804 1028 non
3861 960 4085 1025 deesse
4128 959 4469 1026 consilium
4509 960 4655 1036 novi,

2742 1055 3003 1114 tantum
3047 1048 3236 1115 vobis
3279 1070 3318 1114 a
3340 1049 3628 1114 Domino
3670 1049 3976 1132 spiritum
4016 1047 4346 1131 ingenuae
4387 1052 4656 1110 constan-

2743 1134 2877 1200 tiae
2920 1144 2987 1200 et
3027 1135 3433 1201 fortitudinis
3476 1135 3806 1218 precabor.
3889 1133 4041 1197 Non
4076 1133 4298 1196 minus
4329 1129 4660 1214 plausibilis

2743 1228 2845 1285 est
2887 1241 3083 1303 quam
3119 1222 3293 1286 iusta
3325 1218 3779 1305 expostulandi
3817 1220 4000 1291 ratio,
4044 1217 4214 1301 quod
4252 1224 4514 1282 senatus
4548 1236 4657 1281 non

2741 1314 3001 1371 tantum
3045 1305 3230 1372 vobis
3273 1307 3530 1384 diffidit,
3577 1305 3689 1372 sed
3730 1326 3958 1369 omnes
3992 1324 4109 1369 vos
4143 1304 4331 1385 quasi
4374 1324 4503 1368 uno
4540 1323 4659 1367 car·

2742 1392 2911 1457 bone
2976 1400 3189 1471 notat,
3259 1394 3593 1458 hominem
3657 1411 3868 1456 unum
3932 1388 4325 1453 damnando.
4432 1386 4659 1452 Deinde

2741 1477 2898 1561 qnid
2941 1478 3237 1544 futurum
3281 1487 3381 1544 est
3423 1479 3479 1543 si
3524 1497 3722 1543 causa
3784 1474 4121 1559 incognita
4173 1483 4241 1540 et
4284 1474 4541 1540 homine
4576 1475 4661 1538 in-

2739 1563 2963 1629 audito
3015 1565 3452 1647 pronunciare
3520 1564 3641 1629 sibi
3695 1562 4111 1645 permittant,
4172 1560 4551 1643 praesertim
4599 1559 4657 1622 in

2739 1671 2938 1715 causa
2993 1650 3327 1716 doctrinae
3383 1648 3821 1716 christianae?
3925 1644 4131 1731 Origo
4188 1647 4528 1730 praecipue
4578 1645 4658 1708 in-

2741 1735 3128 1819 vestiganda
3186 1738 3326 1801 erit.
3429 1734 3570 1802 Our
3623 1756 3748 1799 non
3806 1733 3971 1798 mihi
4026 1733 4178 1798 licet
4246 1732 4420 1796 banc
4471 1740 4659 1796 oecum

2738 1820 3132 1905 legationem
3173 1820 3397 1887 obire?
3486 1820 3621 1888 Sed
3678 1840 3813 1884 non
3871 1817 4081 1884 deerit
4137 1838 4355 1885 comes
4396 1816 4658 1893 idoneus,

2740 1914 2806 1972 et
2850 1918 2921 1972 tu
2974 1928 3146 1973 unus
3204 1907 3462 1973 abunde
3522 1907 3805 1972 sufficies
3847 1904 4101 1970 Ohristi
4154 1905 4369 1988 gratia
4412 1904 4662 1969 instruo-

2738 2002 2864 2058 tus.
2956 1992 3150 2073 Vale,
3220 1993 3425 2058 frater
3477 1992 3722 2075 optime
3777 2002 3843 2055 et
3896 1991 4338 2075 integerrime.
4439 1988 4663 2053 Amicis

2735 2078 3091 2162 plurimam
3149 2078 3427 2145 salutem
3496 2086 3564 2142 et
3631 2079 3841 2143 uxori.
3951 2076 4264 2142 Genevae
4327 2072 4664 2158 penultima

2739 2164 3085 2229 Februarii
3139 2169 3314 2229 1548.

3661 2299 3943 2365 Ioannes
3985 2299 4306 2366 Calvinus
4352 2307 4519 2364 tuus.

3506 2593 3917 2605 ——.———

3641 2810 3798 2881 998.

3121 2965 3474 3032 OALVIN
3519 2967 3581 3032 A
3623 2967 3715 3031 M.
3763 2966 3890 3032 DE
3934 2964 4294 3033 FALAIS.

2911 3138 2990 3203 Il
3048 3138 3300 3205 eadend
3353 3137 3863 3220 prochainenaent
3919 3138 3962 3203 ὰ
4023 3139 4263 3204 Θεπὸυθ
4326 3143 4383 3202 et
4443 3157 4486 3201 α

2736 3225 3029 3377 §gazam
3069 3225 3178 3290 des
3218 3243 3500 3290 mesmes
3531 3244 3704 3305 pour
3746 3224 3843 3290 lui
3886 3229 4133 3290 trouver
4168 3245 4259 3290 un
4302 3223 4508 3304 sejour

2741 3480 2915 3550 (orig.
2950 3479 3300 3550 autographo.
3352 3480 3495 3534 sibl.
3532 3481 3600 3533 de
3637 3479 3869 3534 seneve.
3923 3479 4050 3534 Vol.
4090 3478 4205 3546 194,
4242 3478 4334 3534 fol.
4362 3476 4442 3531 π».
4478 3505 4543 3516 -
4576 3461 4663 3529 aa.

2792 3549 3017 3604 d'Amst.
3056 3566 3131 3625 pR
3152 3549 3268 3604 165.
3340 3549 3444 3602 Ed.
3479 3548 3691 3602 Bonnet
3724 3548 3768 3603 1.
3801 3545 3920 3601 246.
3991 3548 4153 3601 Trad.
4189 3549 4333 3618 angl.
4372 3549 4441 3602 II.
4478 3544 4612 3610 145.)

4534 3133 4667 3217 pris

4547 3240 4665 3286 coa-

2916 3721 2981 3785 A
3021 3720 3494 3806 Monseigneur
3535 3720 3880 3786 Monsieur
3922 3718 4004 3784 de
4047 3718 4270 3870 Falll3ez
4300 3804 4325 3869 l

4080 3828 4121 3871 a
4224 3827 4300 3871 as
4326 3826 4381 3870 e.

2914 3942 3403 4027 Monseigneur,
3447 3943 3716 4007 suivant
3744 3942 3813 4007 la
3846 3942 4205 4008 resolution
4243 3943 4464 4024 prinse
4497 3951 4663 4003 entre

2742 4050 2929 4107 nous,
2958 4031 3004 4110 ¹)
3051 4028 3117 4093 la
3157 4048 3375 4094 venue
3418 4026 3499 4093 de
3550 4029 3679 4093 sire
3723 4028 3785 4093 N
3788 4026 3988 4094 icolas
4032 4027 4223 4109 Lefer
4234 4030 4292 4103 ²)
4342 4048 4498 4093 vous
4536 4042 4665 4090 sera

2743 4113 2895 4179 bien
2937 4122 3301 4197 opportune
3340 4134 3510 4195 pour
3551 4121 3913 4197 exequutor
3954 4113 4019 4178 le
4049 4134 4325 4198 voyage,
4371 4114 4427 4179 si
4465 4120 4663 4177 vostre

2744 4198 3131 4282 disposition
3195 4199 3257 4264 le
3317 4199 3574 4265 souffre.
3595 4202 3650 4276 ⁸)
3745 4198 3807 4262 11
3863 4197 4081 4265 devoit
4138 4199 4299 4264 aller
4364 4200 4579 4280 iusque
4629 4214 4662 4256 a

2745 4285 3164 4368 Strasbourg.
3268 4283 3440 4349 Mais
3506 4285 3662 4350 affin
3719 4305 3846 4368 que
3898 4304 4063 4349 vous
4118 4305 4205 4349 ne
4259 4285 4525 4350 seussiez
4574 4300 4659 4344 re-

2741 4370 2946 4450 tarde,
2991 4371 3102 4454 iay
3147 4370 3441 4436 advance
3483 4394 3575 4436 un
3618 4391 3748 4454 peu
3791 4391 3911 4436 son
3968 4379 4357 4452 partement.
4454 4368 4525 4433 Ie
4570 4386 4659 4430 re·

2744 4478 2943 4542 spons
2987 4478 3028 4521 a
3068 4477 3235 4522 ceux
3278 4456 3388 4539 qui
3416 4477 3522 4521 me
3546 4456 3943 4522 demandent
3986 4454 4066 4521 de
4112 4478 4290 4535 vous,
4339 4476 4466 4540 que
4507 4451 4660 4517 dosia

2950 4730 3008 4797 7)
3052 4731 3208 4785 Citra
3253 4730 3476 4785 dubium
3533 4730 3648 4797 ogit
3694 4729 3760 4783 de
3810 4731 4180 4783 controversia
4231 4745 4353 4783 cum
4366 4792 4381 4802 ,
4400 4725 4653 4802 meam

2744 4799 2840 4854 sed
2872 4801 2961 4853 hic
3002 4815 3116 4852 rem
3159 4799 3318 4853 aliter
3363 4800 3584 4866 exponit
3630 4803 3790 4868 atque
3836 4797 4023 4852 Come&
4063 4798 4140 4851 ad
4192 4796 4508 4853 mmm
4545 4808 4655 4848 κη-

2744 4870 2887 4923 bens.
2966 4866 3075 4935 Qui
3105 4866 3438 4922 Zebedaeum
3472 4883 3509 4920 a
3558 4867 3737 4921 γένετο
3763 4866 4285 4921 Remum-vocatum
4323 4867 4469 4933 dabit,
4500 4874 4657 4929 nave

2743 4943 3057 4991 mouentum
3080 4941 3133 4989 et
3150 4935 3526 5001 iudicandum,
3563 4935 3651 4989 hic
3668 4950 3796 4988 vero
3817 4936 3935 5003 ipae
3970 4936 4201 5000 Vin-etue,
4234 4937 4494 5000 forta-seia
4519 4933 4654 4986 ὤσει

2744 5008 2862 5059 eius
2905 5006 3266 5059 adversarum
3315 5007 3545 5072 proprio
3590 5011 3738 5057 motu
3782 5019 3819 5057 a
3864 5005 4237 5058 Bonnensibus
4277 5006 4477 5059 eima
4510 5001 4655 5077 suin?

2744 5075 2973 5128 videtur.
3050 5073 3128 5127 Et
3159 5088 3292 5127 eane
3331 5072 3531 5126 Noster
3564 5071 3630 5126 de
3663 5072 3991 5140 indignitate
4024 5089 4137 5127 non
4171 5078 4482 5142 queror-m
4508 5070 4554 5124 ai
4578 5067 4651 5120 V·-

2742 5141 3825 5278 'Q‘1i3‘p035532201202'5022‘2'250355
3845 5209 3914 5263 a.
3947 5207 4003 5263 ο.
4038 5211 4076 5265 a
4110 5208 4267 5265 Bae.

2951 5278 3008 5342 2)
3045 5279 3127 5332 M.
3141 5278 3887 5348 Bonnmmprmtoqjours:
3909 5278 4092 5346 bosor,
4110 5293 4312 5334 comm
4328 5276 4445 5333 l'e'd.
4461 5276 4654 5331 d’Anst.

2953 5347 3014 5414 3)
3052 5349 3111 5403 ιι
3140 5348 3305 5417 &aasz
3336 5348 3401 5402 ae
3435 5348 3585 5403 z’e'tat
3616 5349 3683 5403 ae
3705 5362 3772 5403 aa
3804 5344 3973 5402 sante.
