<?xml version="1.0" encoding="UTF-8"?>
<!DOCTYPE html PUBLIC "-//W3C//DTD XHTML 1.0 Transitional//EN"
    "http://www.w3.org/TR/xhtml1/DTD/xhtml1-transitional.dtd">
<html xmlns="http://www.w3.org/1999/xhtml" xml:lang="en" lang="en">
 <head>
  <title>
</title>
<meta http-equiv="Content-Type" content="text/html;charset=utf-8" />
  <meta name='ocr-system' content='tesseract 3.04.00' />
  <meta name='ocr-capabilities' content='ocr_page ocr_carea ocr_par ocr_line ocrx_word'/>
</head>
<body>
  <div class='ocr_page' id='page_1' title='image "./ioanniscalvinio10unkngoog_0189.png"; bbox 0 0 4825 6175; ppageno 0'>
   <div class='ocr_carea' id='block_1_1' title="bbox 14 4180 25 5116">
    <p class='ocr_par' dir='ltr' id='par_1_1' title="bbox 14 4180 25 5116">
     <span class='ocr_line' id='line_1_1' title="bbox 14 4180 25 5116; baseline 0 0"><span class='ocrx_word' id='word_1_1' title='bbox 14 4180 25 5116; x_wconf 95' lang='lat' dir='ltr'><strong> </strong></span> 
     </span>
    </p>
   </div>
   <div class='ocr_carea' id='block_1_2' title="bbox 208 443 317 508">
    <p class='ocr_par' dir='ltr' id='par_1_2' title="bbox 208 443 317 508">
     <span class='ocr_line' id='line_1_2' title="bbox 208 443 317 508; baseline -0.037 0"><span class='ocrx_word' id='word_1_2' title='bbox 208 443 317 508; x_wconf 79' lang='lat'><strong>309</strong></span> 
     </span>
    </p>
   </div>
   <div class='ocr_carea' id='block_1_3' title="bbox 192 626 2141 2087">
    <p class='ocr_par' dir='ltr' id='par_1_3' title="bbox 192 626 2141 2087">
     <span class='ocr_line' id='line_1_3' title="bbox 205 626 2138 718; baseline 0.005 -27"><span class='ocrx_word' id='word_1_3' title='bbox 205 626 582 701; x_wconf 75' lang='lat' dir='ltr'><strong>assuefacias</strong></span> <span class='ocrx_word' id='word_1_4' title='bbox 624 627 832 693; x_wconf 85' lang='lat' dir='ltr'><strong>filium</strong></span> <span class='ocrx_word' id='word_1_5' title='bbox 887 634 965 694; x_wconf 90' lang='lat' dir='ltr'><strong>ut</strong></span> <span class='ocrx_word' id='word_1_6' title='bbox 1005 628 1194 697; x_wconf 82' lang='lat' dir='ltr'><strong>facile</strong></span> <span class='ocrx_word' id='word_1_7' title='bbox 1246 627 1329 695; x_wconf 88' lang='lat' dir='ltr'><strong>de</strong></span> <span class='ocrx_word' id='word_1_8' title='bbox 1379 632 1907 716; x_wconf 65' lang='lat' dir='ltr'><strong>praeceptoribus</strong></span> <span class='ocrx_word' id='word_1_9' title='bbox 1963 632 2138 718; x_wconf 88' lang='lat' dir='ltr'><strong>apud</strong></span> 
     </span>
     <span class='ocr_line' id='line_1_4' title="bbox 205 716 2135 795; baseline 0.002 -14"><span class='ocrx_word' id='word_1_10' title='bbox 205 723 264 781; x_wconf 82' lang='lat' dir='ltr'><strong>te</strong></span> <span class='ocrx_word' id='word_1_11' title='bbox 300 723 736 795; x_wconf 70' lang='lat' dir='ltr'><strong>conqueratur</strong></span> <span class='ocrx_word' id='word_1_12' title='bbox 787 722 906 779; x_wconf 86' lang='lat' dir='ltr'><strong>aut</strong></span> <span class='ocrx_word' id='word_1_13' title='bbox 944 735 1057 781; x_wconf 88' lang='lat' dir='ltr'><strong>eos</strong></span> <span class='ocrx_word' id='word_1_14' title='bbox 1095 716 1350 782; x_wconf 90' lang='lat' dir='ltr'><strong>incuset</strong></span> <span class='ocrx_word' id='word_1_15' title='bbox 1363 767 1379 794; x_wconf 94' lang='lat'><strong>,</strong></span> <span class='ocrx_word' id='word_1_16' title='bbox 1437 728 1554 783; x_wconf 89' lang='lat' dir='ltr'><strong>aut</strong></span> <span class='ocrx_word' id='word_1_17' title='bbox 1607 740 1694 784; x_wconf 92' lang='lat' dir='ltr'><strong>ne</strong></span> <span class='ocrx_word' id='word_1_18' title='bbox 1747 718 1942 785; x_wconf 82' lang='lat' dir='ltr'><strong>facile</strong></span> <span class='ocrx_word' id='word_1_19' title='bbox 1997 739 2135 784; x_wconf 86' lang='lat' dir='ltr'><strong>mo-</strong></span> 
     </span>
     <span class='ocr_line' id='line_1_5' title="bbox 204 799 2141 887; baseline 0.003 -21"><span class='ocrx_word' id='word_1_20' title='bbox 204 800 406 866; x_wconf 82' lang='lat' dir='ltr'><strong>vearis</strong></span> <span class='ocrx_word' id='word_1_21' title='bbox 448 799 823 865; x_wconf 87' lang='lat' dir='ltr'><strong>huiusmodi</strong></span> <span class='ocrx_word' id='word_1_22' title='bbox 858 800 1158 884; x_wconf 77' lang='lat' dir='ltr'><strong>querelis.</strong></span> <span class='ocrx_word' id='word_1_23' title='bbox 1225 801 1375 868; x_wconf 81' lang='lat' dir='ltr'><strong>Scis</strong></span> <span class='ocrx_word' id='word_1_24' title='bbox 1416 805 1594 869; x_wconf 91' lang='lat' dir='ltr'><strong>enim</strong></span> <span class='ocrx_word' id='word_1_25' title='bbox 1637 825 1832 887; x_wconf 90' lang='lat' dir='ltr'><strong>quam</strong></span> <span class='ocrx_word' id='word_1_26' title='bbox 1875 805 2141 871; x_wconf 91' lang='lat' dir='ltr'><strong>infirma</strong></span> 
     </span>
     <span class='ocr_line' id='line_1_6' title="bbox 204 885 2141 974; baseline 0.001 -21"><span class='ocrx_word' id='word_1_27' title='bbox 204 892 265 954; x_wconf 88' lang='lat' dir='ltr'><strong>et</strong></span> <span class='ocrx_word' id='word_1_28' title='bbox 298 885 678 969; x_wconf 77' lang='lat' dir='ltr'><strong>imprudens</strong></span> <span class='ocrx_word' id='word_1_29' title='bbox 721 886 809 951; x_wconf 89' lang='lat' dir='ltr'><strong>sit</strong></span> <span class='ocrx_word' id='word_1_30' title='bbox 849 907 928 952; x_wconf 91' lang='lat' dir='ltr'><strong>ea</strong></span> <span class='ocrx_word' id='word_1_31' title='bbox 969 896 1167 967; x_wconf 89' lang='lat' dir='ltr'><strong>aetas,</strong></span> <span class='ocrx_word' id='word_1_32' title='bbox 1209 909 1378 970; x_wconf 86' lang='lat' dir='ltr'><strong>quae</strong></span> <span class='ocrx_word' id='word_1_33' title='bbox 1421 891 1750 955; x_wconf 90' lang='lat' dir='ltr'><strong>seniorum</strong></span> <span class='ocrx_word' id='word_1_34' title='bbox 1790 890 2141 974; x_wconf 90' lang='lat' dir='ltr'><strong>prudentia</strong></span> 
     </span>
     <span class='ocr_line' id='line_1_7' title="bbox 201 969 2139 1056; baseline 0.004 -21"><span class='ocrx_word' id='word_1_35' title='bbox 201 969 479 1056; x_wconf 83' lang='lat' dir='ltr'><strong>regenda</strong></span> <span class='ocrx_word' id='word_1_36' title='bbox 520 981 637 1036; x_wconf 91' lang='lat' dir='ltr'><strong>est.</strong></span> <span class='ocrx_word' id='word_1_37' title='bbox 726 969 1268 1040; x_wconf 75' lang='lat' dir='ltr'><strong>Lacedaemoniis</strong></span> <span class='ocrx_word' id='word_1_38' title='bbox 1322 995 1465 1041; x_wconf 90' lang='lat' dir='ltr'><strong>mos</strong></span> <span class='ocrx_word' id='word_1_39' title='bbox 1508 985 1654 1040; x_wconf 87' lang='lat' dir='ltr'><strong>erat</strong></span> <span class='ocrx_word' id='word_1_40' title='bbox 1694 986 1771 1040; x_wconf 88' lang='lat' dir='ltr'><strong>ut</strong></span> <span class='ocrx_word' id='word_1_41' title='bbox 1813 978 1867 1043; x_wconf 91' lang='lat' dir='ltr'><strong>si</strong></span> <span class='ocrx_word' id='word_1_42' title='bbox 1910 997 2139 1043; x_wconf 83' lang='lat' dir='ltr'><strong>eorum</strong></span> 
     </span>
     <span class='ocr_line' id='line_1_8' title="bbox 200 1054 2138 1144; baseline 0.002 -20"><span class='ocrx_word' id='word_1_43' title='bbox 200 1058 377 1124; x_wconf 90' lang='lat' dir='ltr'><strong>liberi</strong></span> <span class='ocrx_word' id='word_1_44' title='bbox 434 1054 609 1142; x_wconf 86' lang='lat' dir='ltr'><strong>apud</strong></span> <span class='ocrx_word' id='word_1_45' title='bbox 661 1069 969 1140; x_wconf 85' lang='lat' dir='ltr'><strong>parentes</strong></span> <span class='ocrx_word' id='word_1_46' title='bbox 1024 1070 1579 1144; x_wconf 72' lang='lat' dir='ltr'><strong>conquererentur</strong></span> <span class='ocrx_word' id='word_1_47' title='bbox 1630 1060 1800 1144; x_wconf 88' lang='lat' dir='ltr'><strong>quod</strong></span> <span class='ocrx_word' id='word_1_48' title='bbox 1857 1061 1939 1127; x_wconf 93' lang='lat' dir='ltr'><strong>ab</strong></span> <span class='ocrx_word' id='word_1_49' title='bbox 1992 1061 2138 1127; x_wconf 86' lang='lat' dir='ltr'><strong>aliis</strong></span> 
     </span>
     <span class='ocr_line' id='line_1_9' title="bbox 201 1143 2135 1231; baseline 0.002 -22"><span class='ocrx_word' id='word_1_50' title='bbox 201 1143 492 1227; x_wconf 80' lang='lat' dir='ltr'><strong>castigati</strong></span> <span class='ocrx_word' id='word_1_51' title='bbox 535 1151 772 1220; x_wconf 88' lang='lat' dir='ltr'><strong>essent,</strong></span> <span class='ocrx_word' id='word_1_52' title='bbox 816 1155 891 1209; x_wconf 89' lang='lat' dir='ltr'><strong>ut</strong></span> <span class='ocrx_word' id='word_1_53' title='bbox 935 1144 1150 1210; x_wconf 90' lang='lat' dir='ltr'><strong>denuo</strong></span> <span class='ocrx_word' id='word_1_54' title='bbox 1205 1167 1243 1210; x_wconf 89' lang='lat' dir='ltr'><strong>a</strong></span> <span class='ocrx_word' id='word_1_55' title='bbox 1302 1147 1680 1229; x_wconf 86' lang='lat' dir='ltr'><strong>parentibus</strong></span> <span class='ocrx_word' id='word_1_56' title='bbox 1736 1149 2135 1231; x_wconf 85' lang='lat' dir='ltr'><strong>castigaren-</strong></span> 
     </span>
     <span class='ocr_line' id='line_1_10' title="bbox 200 1227 2137 1313; baseline 0.003 -18"><span class='ocrx_word' id='word_1_57' title='bbox 200 1237 320 1307; x_wconf 82' lang='lat' dir='ltr'><strong>tur,</strong></span> <span class='ocrx_word' id='word_1_58' title='bbox 365 1227 537 1312; x_wconf 88' lang='lat' dir='ltr'><strong>quod</strong></span> <span class='ocrx_word' id='word_1_59' title='bbox 581 1250 968 1313; x_wconf 87' lang='lat' dir='ltr'><strong>persuasum</strong></span> <span class='ocrx_word' id='word_1_60' title='bbox 1018 1231 1352 1312; x_wconf 89' lang='lat' dir='ltr'><strong>haberent,</strong></span> <span class='ocrx_word' id='word_1_61' title='bbox 1396 1254 1548 1298; x_wconf 87' lang='lat' dir='ltr'><strong>suos</strong></span> <span class='ocrx_word' id='word_1_62' title='bbox 1592 1233 1833 1299; x_wconf 89' lang='lat' dir='ltr'><strong>liberos</strong></span> <span class='ocrx_word' id='word_1_63' title='bbox 1875 1234 1956 1299; x_wconf 88' lang='lat' dir='ltr'><strong>ab</strong></span> <span class='ocrx_word' id='word_1_64' title='bbox 1992 1234 2137 1300; x_wconf 89' lang='lat' dir='ltr'><strong>aliis</strong></span> 
     </span>
     <span class='ocr_line' id='line_1_11' title="bbox 202 1314 2133 1400; baseline 0.001 -18"><span class='ocrx_word' id='word_1_65' title='bbox 202 1314 376 1400; x_wconf 83' lang='lat' dir='ltr'><strong>diligi</strong></span> <span class='ocrx_word' id='word_1_66' title='bbox 421 1315 600 1381; x_wconf 84' lang='lat' dir='ltr'><strong>haud</strong></span> <span class='ocrx_word' id='word_1_67' title='bbox 639 1336 826 1382; x_wconf 89' lang='lat' dir='ltr'><strong>secus</strong></span> <span class='ocrx_word' id='word_1_68' title='bbox 867 1336 946 1382; x_wconf 87' lang='lat' dir='ltr'><strong>ae</strong></span> <span class='ocrx_word' id='word_1_69' title='bbox 990 1317 1046 1382; x_wconf 93' lang='lat' dir='ltr'><strong>si</strong></span> <span class='ocrx_word' id='word_1_70' title='bbox 1100 1319 1405 1385; x_wconf 83' lang='lat' dir='ltr'><strong>omnibus</strong></span> <span class='ocrx_word' id='word_1_71' title='bbox 1459 1340 1838 1387; x_wconf 87' lang='lat' dir='ltr'><strong>communes</strong></span> <span class='ocrx_word' id='word_1_72' title='bbox 1898 1327 2133 1387; x_wconf 77' lang='lat' dir='ltr'><strong>essent.</strong></span> 
     </span>
     <span class='ocr_line' id='line_1_12' title="bbox 201 1398 2137 1489; baseline 0.002 -21"><span class='ocrx_word' id='word_1_73' title='bbox 201 1398 272 1468; x_wconf 83' lang='lat' dir='ltr'><strong>Si</strong></span> <span class='ocrx_word' id='word_1_74' title='bbox 312 1401 503 1466; x_wconf 89' lang='lat' dir='ltr'><strong>nobis</strong></span> <span class='ocrx_word' id='word_1_75' title='bbox 545 1403 886 1486; x_wconf 79' lang='lat' dir='ltr'><strong>negotium</strong></span> <span class='ocrx_word' id='word_1_76' title='bbox 929 1411 1103 1469; x_wconf 87' lang='lat' dir='ltr'><strong>esset</strong></span> <span class='ocrx_word' id='word_1_77' title='bbox 1143 1424 1296 1469; x_wconf 89' lang='lat' dir='ltr'><strong>cum</strong></span> <span class='ocrx_word' id='word_1_78' title='bbox 1337 1405 1660 1489; x_wconf 81' lang='lat' dir='ltr'><strong>tyrannis,</strong></span> <span class='ocrx_word' id='word_1_79' title='bbox 1721 1406 1956 1470; x_wconf 89' lang='lat' dir='ltr'><strong>merito</strong></span> <span class='ocrx_word' id='word_1_80' title='bbox 1998 1427 2137 1471; x_wconf 87' lang='lat' dir='ltr'><strong>me-</strong></span> 
     </span>
     <span class='ocr_line' id='line_1_13' title="bbox 199 1488 2136 1574; baseline 0.004 -21"><span class='ocrx_word' id='word_1_81' title='bbox 199 1495 528 1553; x_wconf 81' lang='lat' dir='ltr'><strong>tueremus</strong></span> <span class='ocrx_word' id='word_1_82' title='bbox 568 1488 790 1554; x_wconf 88' lang='lat' dir='ltr'><strong>liberis</strong></span> <span class='ocrx_word' id='word_1_83' title='bbox 832 1489 1104 1554; x_wconf 86' lang='lat' dir='ltr'><strong>nostris:</strong></span> <span class='ocrx_word' id='word_1_84' title='bbox 1160 1489 1274 1554; x_wconf 88' lang='lat' dir='ltr'><strong>sed</strong></span> <span class='ocrx_word' id='word_1_85' title='bbox 1331 1511 1372 1555; x_wconf 92' lang='lat' dir='ltr'><strong>a</strong></span> <span class='ocrx_word' id='word_1_86' title='bbox 1413 1490 1786 1557; x_wconf 86' lang='lat' dir='ltr'><strong>christianis</strong></span> <span class='ocrx_word' id='word_1_87' title='bbox 1831 1511 2136 1574; x_wconf 84' lang='lat' dir='ltr'><strong>praecep·</strong></span> 
     </span>
     <span class='ocr_line' id='line_1_14' title="bbox 197 1572 2134 1660; baseline 0.002 -21"><span class='ocrx_word' id='word_1_88' title='bbox 197 1572 441 1639; x_wconf 88' lang='lat' dir='ltr'><strong>toribus</strong></span> <span class='ocrx_word' id='word_1_89' title='bbox 503 1572 859 1638; x_wconf 86' lang='lat' dir='ltr'><strong>christiana</strong></span> <span class='ocrx_word' id='word_1_90' title='bbox 924 1574 1146 1639; x_wconf 91' lang='lat' dir='ltr'><strong>omnia</strong></span> <span class='ocrx_word' id='word_1_91' title='bbox 1207 1585 1367 1640; x_wconf 90' lang='lat' dir='ltr'><strong>sunt</strong></span> <span class='ocrx_word' id='word_1_92' title='bbox 1432 1576 1617 1641; x_wconf 88' lang='lat' dir='ltr'><strong>nobis</strong></span> <span class='ocrx_word' id='word_1_93' title='bbox 1679 1575 2134 1660; x_wconf 82' lang='lat' dir='ltr'><strong>exspectanda.</strong></span> 
     </span>
     <span class='ocr_line' id='line_1_15' title="bbox 197 1658 2138 1746; baseline 0.002 -22"><span class='ocrx_word' id='word_1_94' title='bbox 197 1659 335 1743; x_wconf 82' lang='lat' dir='ltr'><strong>Ego</strong></span> <span class='ocrx_word' id='word_1_95' title='bbox 379 1659 540 1726; x_wconf 91' lang='lat' dir='ltr'><strong>alios</strong></span> <span class='ocrx_word' id='word_1_96' title='bbox 582 1680 728 1725; x_wconf 88' lang='lat' dir='ltr'><strong>meo</strong></span> <span class='ocrx_word' id='word_1_97' title='bbox 769 1658 937 1743; x_wconf 83' lang='lat' dir='ltr'><strong>pede</strong></span> <span class='ocrx_word' id='word_1_98' title='bbox 981 1659 1230 1726; x_wconf 89' lang='lat' dir='ltr'><strong>metior.</strong></span> <span class='ocrx_word' id='word_1_99' title='bbox 1323 1660 1533 1727; x_wconf 85' lang='lat' dir='ltr'><strong>Crede</strong></span> <span class='ocrx_word' id='word_1_100' title='bbox 1578 1662 1773 1727; x_wconf 85' lang='lat' dir='ltr'><strong>mihi:</strong></span> <span class='ocrx_word' id='word_1_101' title='bbox 1832 1683 1954 1746; x_wconf 88' lang='lat' dir='ltr'><strong>ego</strong></span> <span class='ocrx_word' id='word_1_102' title='bbox 1995 1684 2138 1728; x_wconf 89' lang='lat' dir='ltr'><strong>ma-</strong></span> 
     </span>
     <span class='ocr_line' id='line_1_16' title="bbox 193 1743 2140 1829; baseline 0.003 -20"><span class='ocrx_word' id='word_1_103' title='bbox 193 1745 292 1829; x_wconf 84' lang='lat' dir='ltr'><strong>gis</strong></span> <span class='ocrx_word' id='word_1_104' title='bbox 335 1765 487 1810; x_wconf 90' lang='lat' dir='ltr'><strong>sum</strong></span> <span class='ocrx_word' id='word_1_105' title='bbox 523 1743 604 1810; x_wconf 89' lang='lat' dir='ltr'><strong>de</strong></span> <span class='ocrx_word' id='word_1_106' title='bbox 646 1744 876 1812; x_wconf 89' lang='lat' dir='ltr'><strong>alienis</strong></span> <span class='ocrx_word' id='word_1_107' title='bbox 919 1766 1115 1829; x_wconf 88' lang='lat' dir='ltr'><strong>quam</strong></span> <span class='ocrx_word' id='word_1_108' title='bbox 1150 1743 1230 1811; x_wconf 89' lang='lat' dir='ltr'><strong>de</strong></span> <span class='ocrx_word' id='word_1_109' title='bbox 1264 1749 1428 1812; x_wconf 85' lang='lat' dir='ltr'><strong>meis</strong></span> <span class='ocrx_word' id='word_1_110' title='bbox 1471 1747 1787 1814; x_wconf 88' lang='lat' dir='ltr'><strong>sollicitus</strong></span> <span class='ocrx_word' id='word_1_111' title='bbox 1820 1759 1889 1814; x_wconf 90' lang='lat' dir='ltr'><strong>et</strong></span> <span class='ocrx_word' id='word_1_112' title='bbox 1920 1749 2140 1814; x_wconf 87' lang='lat' dir='ltr'><strong>indul·</strong></span> 
     </span>
     <span class='ocr_line' id='line_1_17' title="bbox 194 1831 2141 1917; baseline 0.003 -23"><span class='ocrx_word' id='word_1_113' title='bbox 194 1831 452 1915; x_wconf 85' lang='lat' dir='ltr'><strong>gentior</strong></span> <span class='ocrx_word' id='word_1_114' title='bbox 517 1831 587 1896; x_wconf 91' lang='lat' dir='ltr'><strong>in</strong></span> <span class='ocrx_word' id='word_1_115' title='bbox 650 1831 816 1896; x_wconf 84' lang='lat' dir='ltr'><strong>alios</strong></span> <span class='ocrx_word' id='word_1_116' title='bbox 880 1851 1077 1915; x_wconf 90' lang='lat' dir='ltr'><strong>quam</strong></span> <span class='ocrx_word' id='word_1_117' title='bbox 1141 1831 1210 1897; x_wconf 92' lang='lat' dir='ltr'><strong>in</strong></span> <span class='ocrx_word' id='word_1_118' title='bbox 1274 1853 1474 1899; x_wconf 84' lang='lat' dir='ltr'><strong>meos.</strong></span> <span class='ocrx_word' id='word_1_119' title='bbox 1565 1834 1739 1900; x_wconf 84' lang='lat' dir='ltr'><strong>Novi</strong></span> <span class='ocrx_word' id='word_1_120' title='bbox 1802 1843 2141 1917; x_wconf 89' lang='lat' dir='ltr'><strong>praeterea</strong></span> 
     </span>
     <span class='ocr_line' id='line_1_18' title="bbox 195 1917 2138 2004; baseline 0.003 -23"><span class='ocrx_word' id='word_1_121' title='bbox 195 1937 388 1998; x_wconf 88' lang='lat' dir='ltr'><strong>quam</strong></span> <span class='ocrx_word' id='word_1_122' title='bbox 433 1917 782 1982; x_wconf 89' lang='lat' dir='ltr'><strong>molestum</strong></span> <span class='ocrx_word' id='word_1_123' title='bbox 825 1919 912 1982; x_wconf 91' lang='lat' dir='ltr'><strong>sit</strong></span> <span class='ocrx_word' id='word_1_124' title='bbox 951 1918 1213 1983; x_wconf 85' lang='lat' dir='ltr'><strong>cordato</strong></span> <span class='ocrx_word' id='word_1_125' title='bbox 1248 1920 1393 1983; x_wconf 84' lang='lat' dir='ltr'><strong>viro</strong></span> <span class='ocrx_word' id='word_1_126' title='bbox 1438 1918 1813 1985; x_wconf 88' lang='lat' dir='ltr'><strong>huiusmodi</strong></span> <span class='ocrx_word' id='word_1_127' title='bbox 1856 1921 2138 2004; x_wconf 81' lang='lat' dir='ltr'><strong>querelis</strong></span> 
     </span>
     <span class='ocr_line' id='line_1_19' title="bbox 192 2002 2141 2087; baseline 0.003 -20"><span class='ocrx_word' id='word_1_128' title='bbox 192 2003 472 2087; x_wconf 87' lang='lat' dir='ltr'><strong>fatigari.</strong></span> <span class='ocrx_word' id='word_1_129' title='bbox 574 2003 761 2068; x_wconf 91' lang='lat' dir='ltr'><strong>Haec</strong></span> <span class='ocrx_word' id='word_1_130' title='bbox 815 2002 960 2069; x_wconf 90' lang='lat' dir='ltr'><strong>ideo</strong></span> <span class='ocrx_word' id='word_1_131' title='bbox 1013 2003 1224 2070; x_wconf 88' lang='lat' dir='ltr'><strong>scribo</strong></span> <span class='ocrx_word' id='word_1_132' title='bbox 1278 2004 1450 2087; x_wconf 92' lang='lat' dir='ltr'><strong>quod</strong></span> <span class='ocrx_word' id='word_1_133' title='bbox 1504 2013 1794 2071; x_wconf 87' lang='lat' dir='ltr'><strong>metuam</strong></span> <span class='ocrx_word' id='word_1_134' title='bbox 1850 2027 1938 2071; x_wconf 91' lang='lat' dir='ltr'><strong>ne</strong></span> <span class='ocrx_word' id='word_1_135' title='bbox 1995 2006 2141 2072; x_wconf 85' lang='lat' dir='ltr'><strong>Gor-</strong></span> 
     </span>
    </p>
   </div>
   <div class='ocr_carea' id='block_1_4' title="bbox 193 2088 2203 2173">
    <p class='ocr_par' dir='ltr' id='par_1_4' title="bbox 193 2088 2203 2173">
     <span class='ocr_line' id='line_1_20' title="bbox 193 2088 2203 2173; baseline 0 -18"><span class='ocrx_word' id='word_1_136' title='bbox 193 2089 355 2155; x_wconf 73' lang='lat' dir='ltr'><strong>aerii</strong></span> <span class='ocrx_word' id='word_1_137' title='bbox 398 2090 694 2155; x_wconf 90' lang='lat' dir='ltr'><strong>animum</strong></span> <span class='ocrx_word' id='word_1_138' title='bbox 730 2088 1102 2154; x_wconf 88' lang='lat' dir='ltr'><strong>huiusmodi</strong></span> <span class='ocrx_word' id='word_1_139' title='bbox 1148 2090 1408 2173; x_wconf 83' lang='lat' dir='ltr'><strong>seriptis</strong></span> <span class='ocrx_word' id='word_1_140' title='bbox 1435 2090 1665 2157; x_wconf 76' lang='lat' dir='ltr'><strong>,Petrus</strong></span> <span class='ocrx_word' id='word_1_141' title='bbox 1697 2114 1738 2157; x_wconf 91' lang='lat' dir='ltr'><strong>a</strong></span> <span class='ocrx_word' id='word_1_142' title='bbox 1771 2112 1842 2156; x_wconf 90' lang='lat' dir='ltr'><strong>se</strong></span> <span class='ocrx_word' id='word_1_143' title='bbox 1876 2092 2138 2171; x_wconf 78' lang='lat' dir='ltr'><strong>alienet,</strong></span> <span class='ocrx_word' id='word_1_144' title='bbox 2195 2108 2203 2139; x_wconf 44' lang='lat' dir='ltr'><strong>l</strong></span> 
     </span>
    </p>
   </div>
   <div class='ocr_carea' id='block_1_5' title="bbox 174 2174 2144 4562">
    <p class='ocr_par' dir='ltr' id='par_1_5' title="bbox 174 2174 2144 4562">
     <span class='ocr_line' id='line_1_21' title="bbox 191 2174 2142 2258; baseline 0.003 -20"><span class='ocrx_word' id='word_1_145' title='bbox 191 2194 385 2256; x_wconf 88' lang='lat' dir='ltr'><strong>quem</strong></span> <span class='ocrx_word' id='word_1_146' title='bbox 432 2174 752 2241; x_wconf 87' lang='lat' dir='ltr'><strong>hactenus</strong></span> <span class='ocrx_word' id='word_1_147' title='bbox 796 2196 1055 2258; x_wconf 90' lang='lat' dir='ltr'><strong>semper</strong></span> <span class='ocrx_word' id='word_1_148' title='bbox 1095 2174 1326 2241; x_wconf 87' lang='lat' dir='ltr'><strong>habuit</strong></span> <span class='ocrx_word' id='word_1_149' title='bbox 1366 2178 1831 2244; x_wconf 87' lang='lat' dir='ltr'><strong>amicissimum</strong></span> <span class='ocrx_word' id='word_1_150' title='bbox 1875 2185 1943 2243; x_wconf 90' lang='lat' dir='ltr'><strong>et</strong></span> <span class='ocrx_word' id='word_1_151' title='bbox 1983 2198 2142 2245; x_wconf 86' lang='lat' dir='ltr'><strong>vere</strong></span> 
     </span>
     <span class='ocr_line' id='line_1_22' title="bbox 188 2261 2142 2347; baseline 0.003 -23"><span class='ocrx_word' id='word_1_152' title='bbox 188 2268 566 2343; x_wconf 86' lang='lat' dir='ltr'><strong>patronum.</strong></span> <span class='ocrx_word' id='word_1_153' title='bbox 665 2261 840 2326; x_wconf 91' lang='lat' dir='ltr'><strong>Nam</strong></span> <span class='ocrx_word' id='word_1_154' title='bbox 897 2282 1123 2327; x_wconf 89' lang='lat' dir='ltr'><strong>omnes</strong></span> <span class='ocrx_word' id='word_1_155' title='bbox 1177 2262 1474 2328; x_wconf 88' lang='lat' dir='ltr'><strong>homines</strong></span> <span class='ocrx_word' id='word_1_156' title='bbox 1530 2284 1757 2329; x_wconf 88' lang='lat' dir='ltr'><strong>sumus</strong></span> <span class='ocrx_word' id='word_1_157' title='bbox 1775 2314 1790 2342; x_wconf 93' lang='lat'><strong>,</strong></span> <span class='ocrx_word' id='word_1_158' title='bbox 1848 2263 2142 2347; x_wconf 86' lang='lat' dir='ltr'><strong>nihilque</strong></span> 
     </span>
     <span class='ocr_line' id='line_1_23' title="bbox 186 2345 2144 2433; baseline 0.004 -24"><span class='ocrx_word' id='word_1_159' title='bbox 186 2346 462 2429; x_wconf 81' lang='lat' dir='ltr'><strong>gravius</strong></span> <span class='ocrx_word' id='word_1_160' title='bbox 505 2345 753 2412; x_wconf 90' lang='lat' dir='ltr'><strong>homini</strong></span> <span class='ocrx_word' id='word_1_161' title='bbox 798 2346 1091 2413; x_wconf 89' lang='lat' dir='ltr'><strong>accidere</strong></span> <span class='ocrx_word' id='word_1_162' title='bbox 1133 2355 1350 2431; x_wconf 87' lang='lat' dir='ltr'><strong>potest</strong></span> <span class='ocrx_word' id='word_1_163' title='bbox 1400 2370 1596 2432; x_wconf 87' lang='lat' dir='ltr'><strong>quam</strong></span> <span class='ocrx_word' id='word_1_164' title='bbox 1653 2370 1857 2432; x_wconf 88' lang='lat' dir='ltr'><strong>quum</strong></span> <span class='ocrx_word' id='word_1_165' title='bbox 1903 2351 2144 2433; x_wconf 88' lang='lat' dir='ltr'><strong>probra</strong></span> 
     </span>
     <span class='ocr_line' id='line_1_24' title="bbox 188 2430 2144 2518; baseline 0.003 -22"><span class='ocrx_word' id='word_1_166' title='bbox 188 2430 474 2497; x_wconf 86' lang='lat' dir='ltr'><strong>sustinet</strong></span> <span class='ocrx_word' id='word_1_167' title='bbox 513 2430 623 2496; x_wconf 91' lang='lat' dir='ltr'><strong>ubi</strong></span> <span class='ocrx_word' id='word_1_168' title='bbox 678 2431 942 2498; x_wconf 86' lang='lat' dir='ltr'><strong>laudem</strong></span> <span class='ocrx_word' id='word_1_169' title='bbox 1000 2454 1070 2498; x_wconf 90' lang='lat' dir='ltr'><strong>se</strong></span> <span class='ocrx_word' id='word_1_170' title='bbox 1126 2446 1627 2517; x_wconf 81' lang='lat' dir='ltr'><strong>assequuturum</strong></span> <span class='ocrx_word' id='word_1_171' title='bbox 1685 2435 1988 2518; x_wconf 81' lang='lat' dir='ltr'><strong>sperabat</strong></span> <span class='ocrx_word' id='word_1_172' title='bbox 2002 2487 2018 2513; x_wconf 90' lang='lat'>‚</span> <span class='ocrx_word' id='word_1_173' title='bbox 2074 2446 2144 2502; x_wconf 88' lang='lat' dir='ltr'><strong>et</strong></span> 
     </span>
     <span class='ocr_line' id='line_1_25' title="bbox 186 2516 2138 2607; baseline 0.003 -25"><span class='ocrx_word' id='word_1_174' title='bbox 186 2536 395 2598; x_wconf 86' lang='lat' dir='ltr'><strong>quum</strong></span> <span class='ocrx_word' id='word_1_175' title='bbox 452 2538 578 2582; x_wconf 91' lang='lat' dir='ltr'><strong>sua</strong></span> <span class='ocrx_word' id='word_1_176' title='bbox 631 2519 846 2584; x_wconf 87' lang='lat' dir='ltr'><strong>officia</strong></span> <span class='ocrx_word' id='word_1_177' title='bbox 903 2516 1082 2584; x_wconf 84' lang='lat' dir='ltr'><strong>videt</strong></span> <span class='ocrx_word' id='word_1_178' title='bbox 1144 2540 1278 2585; x_wconf 93' lang='lat' dir='ltr'><strong>non</strong></span> <span class='ocrx_word' id='word_1_179' title='bbox 1333 2520 1558 2603; x_wconf 86' lang='lat' dir='ltr'><strong>aequis</strong></span> <span class='ocrx_word' id='word_1_180' title='bbox 1616 2522 1852 2588; x_wconf 89' lang='lat' dir='ltr'><strong>animis</strong></span> <span class='ocrx_word' id='word_1_181' title='bbox 1909 2522 2138 2607; x_wconf 85' lang='lat' dir='ltr'><strong>excipi.</strong></span> 
     </span>
     <span class='ocr_line' id='line_1_26' title="bbox 185 2601 2144 2682; baseline 0.003 -15"><span class='ocrx_word' id='word_1_182' title='bbox 185 2601 332 2668; x_wconf 86' lang='lat' dir='ltr'><strong>Nisi</strong></span> <span class='ocrx_word' id='word_1_183' title='bbox 377 2601 573 2669; x_wconf 83' lang='lat' dir='ltr'><strong>valde</strong></span> <span class='ocrx_word' id='word_1_184' title='bbox 615 2602 822 2682; x_wconf 83' lang='lat' dir='ltr'><strong>fallor,</strong></span> <span class='ocrx_word' id='word_1_185' title='bbox 872 2614 1020 2671; x_wconf 87' lang='lat' dir='ltr'><strong>tuus</strong></span> <span class='ocrx_word' id='word_1_186' title='bbox 1063 2603 1294 2670; x_wconf 74' lang='lat' dir='ltr'><strong>Petrus</strong></span> <span class='ocrx_word' id='word_1_187' title='bbox 1328 2606 1901 2673; x_wconf 89' lang='lat' dir='ltr'><strong>innocentissimus</strong></span> <span class='ocrx_word' id='word_1_188' title='bbox 1944 2618 2045 2674; x_wconf 89' lang='lat' dir='ltr'><strong>est</strong></span> <span class='ocrx_word' id='word_1_189' title='bbox 2076 2615 2144 2674; x_wconf 87' lang='lat' dir='ltr'><strong>et</strong></span> 
     </span>
     <span class='ocr_line' id='line_1_27' title="bbox 183 2688 2140 2779; baseline 0.003 -26"><span class='ocrx_word' id='word_1_190' title='bbox 183 2689 477 2772; x_wconf 83' lang='lat' dir='ltr'><strong>optimae</strong></span> <span class='ocrx_word' id='word_1_191' title='bbox 521 2688 775 2768; x_wconf 87' lang='lat' dir='ltr'><strong>indolis,</strong></span> <span class='ocrx_word' id='word_1_192' title='bbox 819 2689 934 2755; x_wconf 85' lang='lat' dir='ltr'><strong>sed</strong></span> <span class='ocrx_word' id='word_1_193' title='bbox 979 2691 1355 2755; x_wconf 87' lang='lat' dir='ltr'><strong>memineris</strong></span> <span class='ocrx_word' id='word_1_194' title='bbox 1407 2712 1555 2756; x_wconf 88' lang='lat' dir='ltr'><strong>eum</strong></span> <span class='ocrx_word' id='word_1_195' title='bbox 1611 2714 1889 2779; x_wconf 88' lang='lat' dir='ltr'><strong>puerum</strong></span> <span class='ocrx_word' id='word_1_196' title='bbox 1933 2707 1999 2757; x_wconf 91' lang='lat' dir='ltr'><strong>et</strong></span> <span class='ocrx_word' id='word_1_197' title='bbox 2039 2695 2140 2758; x_wconf 90' lang='lat' dir='ltr'><strong>iu-</strong></span> 
     </span>
     <span class='ocr_line' id='line_1_28' title="bbox 185 2774 2143 2860; baseline 0.003 -21"><span class='ocrx_word' id='word_1_198' title='bbox 185 2794 422 2840; x_wconf 85' lang='lat' dir='ltr'><strong>venem</strong></span> <span class='ocrx_word' id='word_1_199' title='bbox 491 2796 652 2841; x_wconf 90' lang='lat' dir='ltr'><strong>esse.</strong></span> <span class='ocrx_word' id='word_1_200' title='bbox 771 2774 1092 2857; x_wconf 78' lang='lat' dir='ltr'><strong>Quamvis</strong></span> <span class='ocrx_word' id='word_1_201' title='bbox 1159 2777 1334 2841; x_wconf 91' lang='lat' dir='ltr'><strong>enim</strong></span> <span class='ocrx_word' id='word_1_202' title='bbox 1398 2798 1520 2860; x_wconf 85' lang='lat' dir='ltr'><strong>ego</strong></span> <span class='ocrx_word' id='word_1_203' title='bbox 1585 2777 1859 2843; x_wconf 85' lang='lat' dir='ltr'><strong>candide</strong></span> <span class='ocrx_word' id='word_1_204' title='bbox 1923 2780 2143 2844; x_wconf 88' lang='lat' dir='ltr'><strong>omnia</strong></span> 
     </span>
     <span class='ocr_line' id='line_1_29' title="bbox 181 2858 2141 2946; baseline 0.004 -23"><span class='ocrx_word' id='word_1_205' title='bbox 181 2858 602 2944; x_wconf 76' lang='lat' dir='ltr'><strong>interpreter,</strong></span> <span class='ocrx_word' id='word_1_206' title='bbox 661 2883 793 2926; x_wconf 92' lang='lat' dir='ltr'><strong>non</strong></span> <span class='ocrx_word' id='word_1_207' title='bbox 836 2882 1103 2946; x_wconf 87' lang='lat' dir='ltr'><strong>possum</strong></span> <span class='ocrx_word' id='word_1_208' title='bbox 1147 2872 1370 2928; x_wconf 87' lang='lat' dir='ltr'><strong>tamen</strong></span> <span class='ocrx_word' id='word_1_209' title='bbox 1412 2884 1563 2929; x_wconf 90' lang='lat' dir='ltr'><strong>eum</strong></span> <span class='ocrx_word' id='word_1_210' title='bbox 1607 2863 1785 2929; x_wconf 92' lang='lat' dir='ltr'><strong>omni</strong></span> <span class='ocrx_word' id='word_1_211' title='bbox 1827 2864 2019 2946; x_wconf 90' lang='lat' dir='ltr'><strong>culpa</strong></span> <span class='ocrx_word' id='word_1_212' title='bbox 2061 2864 2141 2930; x_wconf 92' lang='lat' dir='ltr'><strong>li-</strong></span> 
     </span>
     <span class='ocr_line' id='line_1_30' title="bbox 182 2943 2138 3032; baseline 0.003 -22"><span class='ocrx_word' id='word_1_213' title='bbox 182 2943 437 3026; x_wconf 87' lang='lat' dir='ltr'><strong>berare,</strong></span> <span class='ocrx_word' id='word_1_214' title='bbox 486 2945 655 3029; x_wconf 90' lang='lat' dir='ltr'><strong>quod</strong></span> <span class='ocrx_word' id='word_1_215' title='bbox 701 2968 809 3012; x_wconf 92' lang='lat' dir='ltr'><strong>me</strong></span> <span class='ocrx_word' id='word_1_216' title='bbox 851 2948 1056 3014; x_wconf 86' lang='lat' dir='ltr'><strong>inscio</strong></span> <span class='ocrx_word' id='word_1_217' title='bbox 1113 2949 1242 3014; x_wconf 89' lang='lat' dir='ltr'><strong>ista</strong></span> <span class='ocrx_word' id='word_1_218' title='bbox 1282 2947 1365 3013; x_wconf 91' lang='lat' dir='ltr'><strong>ad</strong></span> <span class='ocrx_word' id='word_1_219' title='bbox 1411 2958 1478 3012; x_wconf 89' lang='lat' dir='ltr'><strong>te</strong></span> <span class='ocrx_word' id='word_1_220' title='bbox 1522 2950 1875 3032; x_wconf 88' lang='lat' dir='ltr'><strong>scripserit.</strong></span> <span class='ocrx_word' id='word_1_221' title='bbox 1966 2950 2138 3015; x_wconf 89' lang='lat' dir='ltr'><strong>Nam</strong></span> 
     </span>
     <span class='ocr_line' id='line_1_31' title="bbox 181 3026 2141 3118; baseline 0.003 -21"><span class='ocrx_word' id='word_1_222' title='bbox 181 3032 372 3114; x_wconf 86' lang='lat' dir='ltr'><strong>prius</strong></span> <span class='ocrx_word' id='word_1_223' title='bbox 415 3052 570 3098; x_wconf 91' lang='lat' dir='ltr'><strong>eum</strong></span> <span class='ocrx_word' id='word_1_224' title='bbox 614 3054 999 3100; x_wconf 88' lang='lat' dir='ltr'><strong>monueram</strong></span> <span class='ocrx_word' id='word_1_225' title='bbox 1045 3045 1133 3113; x_wconf 85' lang='lat' dir='ltr'><strong>ut,</strong></span> <span class='ocrx_word' id='word_1_226' title='bbox 1180 3034 1236 3100; x_wconf 90' lang='lat' dir='ltr'><strong>si</strong></span> <span class='ocrx_word' id='word_1_227' title='bbox 1288 3034 1442 3118; x_wconf 88' lang='lat' dir='ltr'><strong>quid</strong></span> <span class='ocrx_word' id='word_1_228' title='bbox 1487 3035 1558 3100; x_wconf 88' lang='lat' dir='ltr'><strong>in</strong></span> <span class='ocrx_word' id='word_1_229' title='bbox 1602 3026 1756 3100; x_wconf 86' lang='lat' dir='ltr'><strong>ludo</strong></span> <span class='ocrx_word' id='word_1_230' title='bbox 1801 3045 1920 3101; x_wconf 89' lang='lat' dir='ltr'><strong>aut</strong></span> <span class='ocrx_word' id='word_1_231' title='bbox 1963 3034 2141 3102; x_wconf 92' lang='lat' dir='ltr'><strong>domi</strong></span> 
     </span>
     <span class='ocr_line' id='line_1_32' title="bbox 181 3117 2138 3205; baseline 0.004 -24"><span class='ocrx_word' id='word_1_232' title='bbox 181 3117 475 3200; x_wconf 91' lang='lat' dir='ltr'><strong>iniquius</strong></span> <span class='ocrx_word' id='word_1_233' title='bbox 516 3119 586 3184; x_wconf 90' lang='lat' dir='ltr'><strong>in</strong></span> <span class='ocrx_word' id='word_1_234' title='bbox 623 3141 773 3185; x_wconf 90' lang='lat' dir='ltr'><strong>eum</strong></span> <span class='ocrx_word' id='word_1_235' title='bbox 809 3130 1132 3204; x_wconf 82' lang='lat' dir='ltr'><strong>ageretur,</strong></span> <span class='ocrx_word' id='word_1_236' title='bbox 1167 3120 1236 3186; x_wconf 91' lang='lat' dir='ltr'><strong>id</strong></span> <span class='ocrx_word' id='word_1_237' title='bbox 1272 3121 1436 3185; x_wconf 91' lang='lat' dir='ltr'><strong>mihi</strong></span> <span class='ocrx_word' id='word_1_238' title='bbox 1470 3122 1883 3205; x_wconf 83' lang='lat' dir='ltr'><strong>significaret.</strong></span> <span class='ocrx_word' id='word_1_239' title='bbox 1946 3121 2138 3203; x_wconf 80' lang='lat' dir='ltr'><strong>Quod</strong></span> 
     </span>
     <span class='ocr_line' id='line_1_33' title="bbox 180 3203 2139 3289; baseline 0.003 -20"><span class='ocrx_word' id='word_1_240' title='bbox 180 3203 236 3269; x_wconf 91' lang='lat' dir='ltr'><strong>si</strong></span> <span class='ocrx_word' id='word_1_241' title='bbox 278 3204 547 3283; x_wconf 85' lang='lat' dir='ltr'><strong>faceret,</strong></span> <span class='ocrx_word' id='word_1_242' title='bbox 592 3226 700 3271; x_wconf 92' lang='lat' dir='ltr'><strong>me</strong></span> <span class='ocrx_word' id='word_1_243' title='bbox 739 3226 1109 3289; x_wconf 87' lang='lat' dir='ltr'><strong>receperam</strong></span> <span class='ocrx_word' id='word_1_244' title='bbox 1152 3207 1374 3271; x_wconf 87' lang='lat' dir='ltr'><strong>omnia</strong></span> <span class='ocrx_word' id='word_1_245' title='bbox 1416 3209 1661 3289; x_wconf 87' lang='lat' dir='ltr'><strong>optima</strong></span> <span class='ocrx_word' id='word_1_246' title='bbox 1701 3206 1830 3273; x_wconf 91' lang='lat' dir='ltr'><strong>fide</strong></span> <span class='ocrx_word' id='word_1_247' title='bbox 1874 3220 2139 3274; x_wconf 85' lang='lat' dir='ltr'><strong>curatu-</strong></span> 
     </span>
     <span class='ocr_line' id='line_1_34' title="bbox 181 3292 2138 3377; baseline 0.004 -24"><span class='ocrx_word' id='word_1_248' title='bbox 181 3308 334 3353; x_wconf 90' lang='lat' dir='ltr'><strong>rum</strong></span> <span class='ocrx_word' id='word_1_249' title='bbox 380 3311 550 3373; x_wconf 88' lang='lat' dir='ltr'><strong>quae</strong></span> <span class='ocrx_word' id='word_1_250' title='bbox 592 3292 662 3356; x_wconf 90' lang='lat' dir='ltr'><strong>in</strong></span> <span class='ocrx_word' id='word_1_251' title='bbox 706 3313 847 3357; x_wconf 87' lang='lat' dir='ltr'><strong>rem</strong></span> <span class='ocrx_word' id='word_1_252' title='bbox 884 3293 1089 3377; x_wconf 88' lang='lat' dir='ltr'><strong>ipsius</strong></span> <span class='ocrx_word' id='word_1_253' title='bbox 1124 3294 1349 3358; x_wconf 82' lang='lat' dir='ltr'><strong>futura</strong></span> <span class='ocrx_word' id='word_1_254' title='bbox 1391 3293 1765 3358; x_wconf 88' lang='lat' dir='ltr'><strong>iudicarem.</strong></span> <span class='ocrx_word' id='word_1_255' title='bbox 1856 3295 1935 3359; x_wconf 91' lang='lat' dir='ltr'><strong>Id</strong></span> <span class='ocrx_word' id='word_1_256' title='bbox 1978 3316 2138 3360; x_wconf 81' lang='lat' dir='ltr'><strong>vero</strong></span> 
     </span>
     <span class='ocr_line' id='line_1_35' title="bbox 181 3373 2138 3462; baseline 0.003 -21"><span class='ocrx_word' id='word_1_257' title='bbox 181 3373 505 3442; x_wconf 83' lang='lat' dir='ltr'><strong>hactenus</strong></span> <span class='ocrx_word' id='word_1_258' title='bbox 562 3399 697 3442; x_wconf 90' lang='lat' dir='ltr'><strong>non</strong></span> <span class='ocrx_word' id='word_1_259' title='bbox 753 3379 1095 3462; x_wconf 84' lang='lat' dir='ltr'><strong>praestitit.</strong></span> <span class='ocrx_word' id='word_1_260' title='bbox 1200 3381 1308 3443; x_wconf 85' lang='lat' dir='ltr'><strong>An</strong></span> <span class='ocrx_word' id='word_1_261' title='bbox 1367 3378 1446 3443; x_wconf 91' lang='lat' dir='ltr'><strong>de</strong></span> <span class='ocrx_word' id='word_1_262' title='bbox 1504 3401 1609 3443; x_wconf 89' lang='lat' dir='ltr'><strong>me</strong></span> <span class='ocrx_word' id='word_1_263' title='bbox 1665 3388 1783 3444; x_wconf 89' lang='lat' dir='ltr'><strong>aut</strong></span> <span class='ocrx_word' id='word_1_264' title='bbox 1839 3380 1918 3445; x_wconf 90' lang='lat' dir='ltr'><strong>de</strong></span> <span class='ocrx_word' id='word_1_265' title='bbox 1972 3381 2138 3447; x_wconf 91' lang='lat' dir='ltr'><strong>meis</strong></span> 
     </span>
     <span class='ocr_line' id='line_1_36' title="bbox 179 3463 2135 3549; baseline 0.004 -23"><span class='ocrx_word' id='word_1_266' title='bbox 179 3470 456 3543; x_wconf 88' lang='lat' dir='ltr'><strong>questus</strong></span> <span class='ocrx_word' id='word_1_267' title='bbox 499 3463 588 3527; x_wconf 89' lang='lat' dir='ltr'><strong>sit</strong></span> <span class='ocrx_word' id='word_1_268' title='bbox 631 3466 866 3530; x_wconf 88' lang='lat' dir='ltr'><strong>nescio.</strong></span> <span class='ocrx_word' id='word_1_269' title='bbox 957 3464 1128 3529; x_wconf 90' lang='lat' dir='ltr'><strong>Rem</strong></span> <span class='ocrx_word' id='word_1_270' title='bbox 1186 3464 1349 3529; x_wconf 90' lang='lat' dir='ltr'><strong>mihi</strong></span> <span class='ocrx_word' id='word_1_271' title='bbox 1405 3467 1651 3530; x_wconf 86' lang='lat' dir='ltr'><strong>faceret</strong></span> <span class='ocrx_word' id='word_1_272' title='bbox 1691 3466 2135 3549; x_wconf 83' lang='lat' dir='ltr'><strong>gratissimam</strong></span> 
     </span>
     <span class='ocr_line' id='line_1_37' title="bbox 180 3547 2137 3635; baseline 0.004 -24"><span class='ocrx_word' id='word_1_273' title='bbox 180 3547 236 3610; x_wconf 89' lang='lat' dir='ltr'><strong>si</strong></span> <span class='ocrx_word' id='word_1_274' title='bbox 277 3568 392 3613; x_wconf 91' lang='lat' dir='ltr'><strong>me</strong></span> <span class='ocrx_word' id='word_1_275' title='bbox 425 3561 742 3614; x_wconf 88' lang='lat' dir='ltr'><strong>moneret.</strong></span> <span class='ocrx_word' id='word_1_276' title='bbox 807 3550 1027 3616; x_wconf 85' lang='lat' dir='ltr'><strong>Multa</strong></span> <span class='ocrx_word' id='word_1_277' title='bbox 1059 3550 1236 3616; x_wconf 90' lang='lat' dir='ltr'><strong>enim</strong></span> <span class='ocrx_word' id='word_1_278' title='bbox 1274 3548 1448 3616; x_wconf 88' lang='lat' dir='ltr'><strong>domi</strong></span> <span class='ocrx_word' id='word_1_279' title='bbox 1484 3552 1627 3616; x_wconf 89' lang='lat' dir='ltr'><strong>fieri</strong></span> <span class='ocrx_word' id='word_1_280' title='bbox 1663 3560 1937 3633; x_wconf 82' lang='lat' dir='ltr'><strong>possunt</strong></span> <span class='ocrx_word' id='word_1_281' title='bbox 1971 3573 2137 3635; x_wconf 84' lang='lat' dir='ltr'><strong>quae</strong></span> 
     </span>
     <span class='ocr_line' id='line_1_38' title="bbox 176 3632 2133 3719; baseline 0.004 -24"><span class='ocrx_word' id='word_1_282' title='bbox 176 3632 318 3714; x_wconf 86' lang='lat' dir='ltr'><strong>ipse</strong></span> <span class='ocrx_word' id='word_1_283' title='bbox 361 3633 681 3719; x_wconf 82' lang='lat' dir='ltr'><strong>ignorem.</strong></span> <span class='ocrx_word' id='word_1_284' title='bbox 782 3636 992 3702; x_wconf 89' lang='lat' dir='ltr'><strong>Porro</strong></span> <span class='ocrx_word' id='word_1_285' title='bbox 1010 3688 1024 3713; x_wconf 91' lang='lat'>‚</span> <span class='ocrx_word' id='word_1_286' title='bbox 1083 3635 1256 3717; x_wconf 86' lang='lat' dir='ltr'><strong>quod</strong></span> <span class='ocrx_word' id='word_1_287' title='bbox 1311 3635 1396 3701; x_wconf 90' lang='lat' dir='ltr'><strong>ad</strong></span> <span class='ocrx_word' id='word_1_288' title='bbox 1458 3635 1824 3703; x_wconf 75' lang='lat' dir='ltr'><strong>corderium</strong></span> <span class='ocrx_word' id='word_1_289' title='bbox 1879 3639 2133 3718; x_wconf 86' lang='lat' dir='ltr'><strong>attinet,</strong></span> 
     </span>
     <span class='ocr_line' id='line_1_39' title="bbox 178 3717 2136 3807; baseline 0.005 -26"><span class='ocrx_word' id='word_1_290' title='bbox 178 3717 272 3782; x_wconf 88' lang='lat' dir='ltr'><strong>ita</strong></span> <span class='ocrx_word' id='word_1_291' title='bbox 315 3720 565 3799; x_wconf 90' lang='lat' dir='ltr'><strong>monui,</strong></span> <span class='ocrx_word' id='word_1_292' title='bbox 610 3728 686 3785; x_wconf 90' lang='lat' dir='ltr'><strong>ut</strong></span> <span class='ocrx_word' id='word_1_293' title='bbox 728 3721 981 3786; x_wconf 89' lang='lat' dir='ltr'><strong>monita</strong></span> <span class='ocrx_word' id='word_1_294' title='bbox 1015 3743 1144 3787; x_wconf 91' lang='lat' dir='ltr'><strong>non</strong></span> <span class='ocrx_word' id='word_1_295' title='bbox 1181 3720 1470 3788; x_wconf 84' lang='lat' dir='ltr'><strong>dubitem</strong></span> <span class='ocrx_word' id='word_1_296' title='bbox 1513 3723 1871 3805; x_wconf 79' lang='lat' dir='ltr'><strong>profutura,</strong></span> <span class='ocrx_word' id='word_1_297' title='bbox 1918 3727 2136 3807; x_wconf 88' lang='lat' dir='ltr'><strong>sicque</strong></span> 
     </span>
     <span class='ocr_line' id='line_1_40' title="bbox 175 3805 2132 3890; baseline 0.003 -21"><span class='ocrx_word' id='word_1_298' title='bbox 175 3824 253 3869; x_wconf 92' lang='lat' dir='ltr'><strong>ea</strong></span> <span class='ocrx_word' id='word_1_299' title='bbox 289 3805 680 3889; x_wconf 82' lang='lat' dir='ltr'><strong>temperavi,</strong></span> <span class='ocrx_word' id='word_1_300' title='bbox 718 3816 794 3871; x_wconf 89' lang='lat' dir='ltr'><strong>ut</strong></span> <span class='ocrx_word' id='word_1_301' title='bbox 825 3806 992 3872; x_wconf 90' lang='lat' dir='ltr'><strong>nihil</strong></span> <span class='ocrx_word' id='word_1_302' title='bbox 1029 3806 1108 3872; x_wconf 93' lang='lat' dir='ltr'><strong>de</strong></span> <span class='ocrx_word' id='word_1_303' title='bbox 1144 3815 1413 3890; x_wconf 88' lang='lat' dir='ltr'><strong>paterno</strong></span> <span class='ocrx_word' id='word_1_304' title='bbox 1449 3831 1565 3874; x_wconf 86' lang='lat' dir='ltr'><strong>suo</strong></span> <span class='ocrx_word' id='word_1_305' title='bbox 1599 3810 1669 3872; x_wconf 89' lang='lat' dir='ltr'><strong>in</strong></span> <span class='ocrx_word' id='word_1_306' title='bbox 1707 3822 1891 3874; x_wconf 88' lang='lat' dir='ltr'><strong>tuum</strong></span> <span class='ocrx_word' id='word_1_307' title='bbox 1928 3810 2132 3875; x_wconf 88' lang='lat' dir='ltr'><strong>filium</strong></span> 
     </span>
     <span class='ocr_line' id='line_1_41' title="bbox 177 3890 2135 3979; baseline 0.005 -25"><span class='ocrx_word' id='word_1_308' title='bbox 177 3890 426 3956; x_wconf 81' lang='lat' dir='ltr'><strong>affectu</strong></span> <span class='ocrx_word' id='word_1_309' title='bbox 491 3891 819 3958; x_wconf 88' lang='lat' dir='ltr'><strong>remisisse</strong></span> <span class='ocrx_word' id='word_1_310' title='bbox 896 3891 1209 3959; x_wconf 85' lang='lat' dir='ltr'><strong>videatur.</strong></span> <span class='ocrx_word' id='word_1_311' title='bbox 1312 3895 1486 3960; x_wconf 87' lang='lat' dir='ltr'><strong>Eum</strong></span> <span class='ocrx_word' id='word_1_312' title='bbox 1559 3895 1763 3978; x_wconf 85' lang='lat' dir='ltr'><strong>igitur</strong></span> <span class='ocrx_word' id='word_1_313' title='bbox 1817 3897 2135 3979; x_wconf 85' lang='lat' dir='ltr'><strong>persuade</strong></span> 
     </span>
     <span class='ocr_line' id='line_1_42' title="bbox 177 3974 2135 4063; baseline 0.006 -26"><span class='ocrx_word' id='word_1_314' title='bbox 177 3974 297 4040; x_wconf 88' lang='lat' dir='ltr'><strong>tibi</strong></span> <span class='ocrx_word' id='word_1_315' title='bbox 363 3978 649 4042; x_wconf 88' lang='lat' dir='ltr'><strong>amicum</strong></span> <span class='ocrx_word' id='word_1_316' title='bbox 709 3988 778 4043; x_wconf 91' lang='lat' dir='ltr'><strong>et</strong></span> <span class='ocrx_word' id='word_1_317' title='bbox 834 3978 968 4044; x_wconf 90' lang='lat' dir='ltr'><strong>filio</strong></span> <span class='ocrx_word' id='word_1_318' title='bbox 1012 3991 1124 4045; x_wconf 89' lang='lat' dir='ltr'><strong>tuo</strong></span> <span class='ocrx_word' id='word_1_319' title='bbox 1169 3988 1454 4062; x_wconf 85' lang='lat' dir='ltr'><strong>patrem,</strong></span> <span class='ocrx_word' id='word_1_320' title='bbox 1511 3980 1680 4063; x_wconf 91' lang='lat' dir='ltr'><strong>quod</strong></span> <span class='ocrx_word' id='word_1_321' title='bbox 1740 3981 1858 4047; x_wconf 89' lang='lat' dir='ltr'><strong>tibi</strong></span> <span class='ocrx_word' id='word_1_322' title='bbox 1903 3982 1984 4047; x_wconf 91' lang='lat' dir='ltr'><strong>de</strong></span> <span class='ocrx_word' id='word_1_323' title='bbox 2028 4004 2135 4048; x_wconf 92' lang='lat' dir='ltr'><strong>me</strong></span> 
     </span>
     <span class='ocr_line' id='line_1_43' title="bbox 176 4066 2131 4146; baseline 0.005 -21"><span class='ocrx_word' id='word_1_324' title='bbox 176 4080 441 4145; x_wconf 89' lang='lat' dir='ltr'><strong>quoque</strong></span> <span class='ocrx_word' id='word_1_325' title='bbox 484 4084 866 4146; x_wconf 88' lang='lat' dir='ltr'><strong>persuasum</strong></span> <span class='ocrx_word' id='word_1_326' title='bbox 911 4085 1054 4130; x_wconf 90' lang='lat' dir='ltr'><strong>esse</strong></span> <span class='ocrx_word' id='word_1_327' title='bbox 1093 4066 1313 4130; x_wconf 82' lang='lat' dir='ltr'><strong>velim.</strong></span> <span class='ocrx_word' id='word_1_328' title='bbox 1401 4066 1544 4130; x_wconf 83' lang='lat' dir='ltr'><strong>Iam</strong></span> <span class='ocrx_word' id='word_1_329' title='bbox 1600 4066 1957 4133; x_wconf 87' lang='lat' dir='ltr'><strong>seeundum</strong></span> <span class='ocrx_word' id='word_1_330' title='bbox 2014 4088 2131 4135; x_wconf 77' lang='lat' dir='ltr'><strong>ve-</strong></span> 
     </span>
     <span class='ocr_line' id='line_1_44' title="bbox 175 4146 2128 4233; baseline 0.005 -23"><span class='ocrx_word' id='word_1_331' title='bbox 175 4146 361 4212; x_wconf 86' lang='lat' dir='ltr'><strong>niam</strong></span> <span class='ocrx_word' id='word_1_332' title='bbox 401 4160 701 4232; x_wconf 88' lang='lat' dir='ltr'><strong>precatus</strong></span> <span class='ocrx_word' id='word_1_333' title='bbox 737 4171 901 4228; x_wconf 88' lang='lat' dir='ltr'><strong>sum,</strong></span> <span class='ocrx_word' id='word_1_334' title='bbox 937 4150 1108 4233; x_wconf 87' lang='lat' dir='ltr'><strong>quod</strong></span> <span class='ocrx_word' id='word_1_335' title='bbox 1145 4153 1409 4216; x_wconf 85' lang='lat' dir='ltr'><strong>tertium</strong></span> <span class='ocrx_word' id='word_1_336' title='bbox 1447 4152 1632 4232; x_wconf 86' lang='lat' dir='ltr'><strong>faeie,</strong></span> <span class='ocrx_word' id='word_1_337' title='bbox 1674 4165 1751 4217; x_wconf 91' lang='lat' dir='ltr'><strong>ut</strong></span> <span class='ocrx_word' id='word_1_338' title='bbox 1784 4152 2128 4232; x_wconf 87' lang='lat' dir='ltr'><strong>condones,</strong></span> 
     </span>
     <span class='ocr_line' id='line_1_45' title="bbox 175 4232 2128 4317; baseline 0.004 -21"><span class='ocrx_word' id='word_1_339' title='bbox 175 4232 232 4296; x_wconf 90' lang='lat' dir='ltr'><strong>si</strong></span> <span class='ocrx_word' id='word_1_340' title='bbox 276 4233 443 4316; x_wconf 84' lang='lat' dir='ltr'><strong>quid</strong></span> <span class='ocrx_word' id='word_1_341' title='bbox 485 4235 652 4300; x_wconf 84' lang='lat' dir='ltr'><strong>forte</strong></span> <span class='ocrx_word' id='word_1_342' title='bbox 697 4258 845 4302; x_wconf 90' lang='lat' dir='ltr'><strong>mea</strong></span> <span class='ocrx_word' id='word_1_343' title='bbox 888 4246 954 4300; x_wconf 90' lang='lat' dir='ltr'><strong>te</strong></span> <span class='ocrx_word' id='word_1_344' title='bbox 996 4235 1298 4302; x_wconf 85' lang='lat' dir='ltr'><strong>libertate</strong></span> <span class='ocrx_word' id='word_1_345' title='bbox 1341 4237 1753 4317; x_wconf 87' lang='lat' dir='ltr'><strong>offenderim,</strong></span> <span class='ocrx_word' id='word_1_346' title='bbox 1815 4250 1883 4304; x_wconf 90' lang='lat' dir='ltr'><strong>et</strong></span> <span class='ocrx_word' id='word_1_347' title='bbox 1924 4240 1982 4304; x_wconf 89' lang='lat' dir='ltr'><strong>si</strong></span> <span class='ocrx_word' id='word_1_348' title='bbox 2026 4241 2128 4304; x_wconf 85' lang='lat' dir='ltr'><strong>ni-</strong></span> 
     </span>
     <span class='ocr_line' id='line_1_46' title="bbox 174 4319 2129 4406; baseline 0.005 -24"><span class='ocrx_word' id='word_1_349' title='bbox 174 4319 391 4384; x_wconf 89' lang='lat' dir='ltr'><strong>mium</strong></span> <span class='ocrx_word' id='word_1_350' title='bbox 435 4327 551 4386; x_wconf 89' lang='lat' dir='ltr'><strong>tua</strong></span> <span class='ocrx_word' id='word_1_351' title='bbox 597 4321 840 4388; x_wconf 86' lang='lat' dir='ltr'><strong>abusus</strong></span> <span class='ocrx_word' id='word_1_352' title='bbox 878 4322 1084 4387; x_wconf 86' lang='lat' dir='ltr'><strong>videri</strong></span> <span class='ocrx_word' id='word_1_353' title='bbox 1129 4344 1360 4406; x_wconf 89' lang='lat' dir='ltr'><strong>queam</strong></span> <span class='ocrx_word' id='word_1_354' title='bbox 1412 4324 1699 4390; x_wconf 87' lang='lat' dir='ltr'><strong>amicitia</strong></span> <span class='ocrx_word' id='word_1_355' title='bbox 1742 4333 1810 4389; x_wconf 92' lang='lat' dir='ltr'><strong>et</strong></span> <span class='ocrx_word' id='word_1_356' title='bbox 1851 4324 2129 4391; x_wconf 87' lang='lat' dir='ltr'><strong>familia-</strong></span> 
     </span>
     <span class='ocr_line' id='line_1_47' title="bbox 175 4403 2127 4493; baseline 0.003 -24"><span class='ocrx_word' id='word_1_357' title='bbox 175 4403 399 4470; x_wconf 83' lang='lat' dir='ltr'><strong>ritate.</strong></span> <span class='ocrx_word' id='word_1_358' title='bbox 445 4446 528 4455; x_wconf 89' lang='lat'>—</span> <span class='ocrx_word' id='word_1_359' title='bbox 572 4447 657 4455; x_wconf 93' lang='lat'><strong>-—</strong></span> <span class='ocrx_word' id='word_1_360' title='bbox 701 4445 785 4455; x_wconf 91' lang='lat'><em>-</em></span> <span class='ocrx_word' id='word_1_361' title='bbox 828 4408 1018 4485; x_wconf 82' lang='lat' dir='ltr'><strong>Vale,</strong></span> <span class='ocrx_word' id='word_1_362' title='bbox 1062 4408 1221 4474; x_wconf 80' lang='lat' dir='ltr'><strong>felix</strong></span> <span class='ocrx_word' id='word_1_363' title='bbox 1266 4409 1336 4473; x_wconf 91' lang='lat' dir='ltr'><strong>in</strong></span> <span class='ocrx_word' id='word_1_364' title='bbox 1378 4409 1684 4488; x_wconf 83' lang='lat' dir='ltr'><strong>Domine,</strong></span> <span class='ocrx_word' id='word_1_365' title='bbox 1742 4412 1858 4493; x_wconf 92' lang='lat' dir='ltr'><strong>qui</strong></span> <span class='ocrx_word' id='word_1_366' title='bbox 1900 4420 1967 4474; x_wconf 90' lang='lat' dir='ltr'><strong>te</strong></span> <span class='ocrx_word' id='word_1_367' title='bbox 2009 4432 2127 4476; x_wconf 91' lang='lat' dir='ltr'><strong>no-</strong></span> 
     </span>
     <span class='ocr_line' id='line_1_48' title="bbox 174 4485 2128 4562; baseline 0.004 -8"><span class='ocrx_word' id='word_1_368' title='bbox 174 4485 274 4556; x_wconf 89' lang='lat' dir='ltr'><strong>bis</strong></span> <span class='ocrx_word' id='word_1_369' title='bbox 342 4491 458 4557; x_wconf 91' lang='lat' dir='ltr'><strong>diu</strong></span> <span class='ocrx_word' id='word_1_370' title='bbox 517 4503 740 4558; x_wconf 79' lang='lat' dir='ltr'><strong>servet</strong></span> <span class='ocrx_word' id='word_1_371' title='bbox 802 4493 1214 4561; x_wconf 89' lang='lat' dir='ltr'><strong>ineolumem.</strong></span> <span class='ocrx_word' id='word_1_372' title='bbox 1323 4494 1720 4560; x_wconf 85' lang='lat' dir='ltr'><strong>Lausannae</strong></span> <span class='ocrx_word' id='word_1_373' title='bbox 1786 4501 1844 4562; x_wconf 81' lang='lat'><strong>8.</strong></span> <span class='ocrx_word' id='word_1_374' title='bbox 1903 4497 2128 4562; x_wconf 84' lang='lat' dir='ltr'><strong>Martii</strong></span> 
     </span>
    </p>
   </div>
   <div class='ocr_carea' id='block_1_6' title="bbox 754 4699 2038 4796">
    <p class='ocr_par' dir='ltr' id='par_1_6' title="bbox 754 4699 2038 4796">
     <span class='ocr_line' id='line_1_49' title="bbox 754 4699 2038 4796; baseline 0.002 -13"><span class='ocrx_word' id='word_1_375' title='bbox 754 4718 952 4796; x_wconf 71' lang='lat' dir='ltr'><strong>Tuus,</strong></span> <span class='ocrx_word' id='word_1_376' title='bbox 998 4718 1053 4783; x_wconf 90' lang='lat' dir='ltr'><strong>si</strong></span> <span class='ocrx_word' id='word_1_377' title='bbox 1098 4739 1261 4785; x_wconf 90' lang='lat' dir='ltr'><strong>suus</strong></span> <span class='ocrx_word' id='word_1_378' title='bbox 1301 4699 1418 4796; x_wconf 78' lang='lat' dir='ltr'><strong>est,</strong></span> <span class='ocrx_word' id='word_1_379' title='bbox 1462 4719 1706 4784; x_wconf 88' lang='lat' dir='ltr'><strong>Petrus</strong></span> <span class='ocrx_word' id='word_1_380' title='bbox 1748 4719 2038 4786; x_wconf 88' lang='lat' dir='ltr'><strong>Viretus.</strong></span> 
     </span>
    </p>
   </div>
   <div class='ocr_carea' id='block_1_7' title="bbox 1939 443 2433 515">
    <p class='ocr_par' dir='ltr' id='par_1_7' title="bbox 1939 443 2433 515">
     <span class='ocr_line' id='line_1_50' title="bbox 1939 443 2433 515; baseline 0.006 -6"><span class='ocrx_word' id='word_1_381' title='bbox 1939 447 2105 511; x_wconf 69' lang='lat'><strong>1546</strong></span> <span class='ocrx_word' id='word_1_382' title='bbox 2148 443 2433 515; x_wconf 68' lang='lat' dir='ltr'><strong>MART.</strong></span> 
     </span>
    </p>
   </div>
   <div class='ocr_carea' id='block_1_8' title="bbox 2173 631 2214 5406">
    <p class='ocr_par' dir='ltr' id='par_1_8' title="bbox 2173 631 2214 5406">
     <span class='ocr_line' id='line_1_51' title="bbox 2173 631 2214 5406; baseline 0 0"><span class='ocrx_word' id='word_1_383' title='bbox 2173 631 2214 5406; x_wconf 95' lang='lat' dir='ltr'><strong> </strong></span> 
     </span>
    </p>
   </div>
   <div class='ocr_carea' id='block_1_9' title="bbox 4067 453 4199 520">
    <p class='ocr_par' dir='ltr' id='par_1_9' title="bbox 4067 453 4199 520">
     <span class='ocr_line' id='line_1_52' title="bbox 4067 453 4199 520; baseline 0.008 -1"><span class='ocrx_word' id='word_1_384' title='bbox 4067 453 4199 520; x_wconf 77' lang='lat'><strong>310</strong></span> 
     </span>
    </p>
   </div>
   <div class='ocr_carea' id='block_1_10' title="bbox 2727 635 3712 861">
    <p class='ocr_par' dir='ltr' id='par_1_10' title="bbox 2727 635 3712 861">
     <span class='ocr_line' id='line_1_53' title="bbox 3151 635 3301 708; baseline 0.007 -1"><span class='ocrx_word' id='word_1_385' title='bbox 3151 635 3301 708; x_wconf 70' lang='lat'><strong>77⁸.</strong></span> 
     </span>
     <span class='ocr_line' id='line_1_54' title="bbox 2727 785 3712 861; baseline 0.003 -6"><span class='ocrx_word' id='word_1_386' title='bbox 2727 785 3230 857; x_wconf 75' lang='lat' dir='ltr'><strong>FARELLUS</strong></span> <span class='ocrx_word' id='word_1_387' title='bbox 3273 788 3712 861; x_wconf 85' lang='lat' dir='ltr'><strong>OALVINO.</strong></span> 
     </span>
    </p>
   </div>
   <div class='ocr_carea' id='block_1_11' title="bbox 2238 957 4205 1284">
    <p class='ocr_par' dir='ltr' id='par_1_11' title="bbox 2238 957 4205 1284">
     <span class='ocr_line' id='line_1_55' title="bbox 2418 957 4205 1044; baseline 0.005 -18"><span class='ocrx_word' id='word_1_388' title='bbox 2418 957 2633 1044; x_wconf 71' lang='lat' dir='ltr'><strong>Peryit</strong></span> <span class='ocrx_word' id='word_1_389' title='bbox 2667 959 2742 1025; x_wconf 73' lang='lat' dir='ltr'><strong>in</strong></span> <span class='ocrx_word' id='word_1_390' title='bbox 2782 962 3169 1029; x_wconf 67' lang='lat' dir='ltr'><strong>enarrandis</strong></span> <span class='ocrx_word' id='word_1_391' title='bbox 3222 961 3309 1028; x_wconf 72' lang='lat' dir='ltr'><strong>iis</strong></span> <span class='ocrx_word' id='word_1_392' title='bbox 3359 981 3521 1044; x_wconf 77' lang='lat' dir='ltr'><strong>quae</strong></span> <span class='ocrx_word' id='word_1_393' title='bbox 3559 964 3636 1030; x_wconf 81' lang='lat' dir='ltr'><strong>de</strong></span> <span class='ocrx_word' id='word_1_394' title='bbox 3680 966 4040 1033; x_wconf 68' lang='lat' dir='ltr'><strong>accersendo</strong></span> <span class='ocrx_word' id='word_1_395' title='bbox 4082 966 4205 1035; x_wconf 60' lang='lat' dir='ltr'><strong>La·-</strong></span> 
     </span>
     <span class='ocr_line' id='line_1_56' title="bbox 2239 1044 4201 1131; baseline 0.005 -19"><span class='ocrx_word' id='word_1_396' title='bbox 2239 1044 2459 1112; x_wconf 75' lang='lat' dir='ltr'><strong>berteto</strong></span> <span class='ocrx_word' id='word_1_397' title='bbox 2501 1050 2632 1110; x_wconf 79' lang='lat' dir='ltr'><strong>tam</strong></span> <span class='ocrx_word' id='word_1_398' title='bbox 2676 1045 2972 1113; x_wconf 68' lang='lat' dir='ltr'><strong>Neocomi</strong></span> <span class='ocrx_word' id='word_1_399' title='bbox 3011 1067 3210 1130; x_wconf 77' lang='lat' dir='ltr'><strong>quam</strong></span> <span class='ocrx_word' id='word_1_400' title='bbox 3247 1046 3408 1113; x_wconf 69' lang='lat' dir='ltr'><strong>alibi</strong></span> <span class='ocrx_word' id='word_1_401' title='bbox 3440 1053 3617 1131; x_wconf 55' lang='lat' dir='ltr'><strong>qesta</strong></span> <span class='ocrx_word' id='word_1_402' title='bbox 3654 1049 3912 1131; x_wconf 74' lang='lat' dir='ltr'><strong>fuerunt</strong></span> <span class='ocrx_word' id='word_1_403' title='bbox 3953 1058 4010 1118; x_wconf 76' lang='lat' dir='ltr'><strong>et</strong></span> <span class='ocrx_word' id='word_1_404' title='bbox 4046 1051 4201 1121; x_wconf 78' lang='lat' dir='ltr'><strong>Gaz-</strong></span> 
     </span>
     <span class='ocr_line' id='line_1_57' title="bbox 2238 1132 4201 1284; baseline 0.005 -88"><span class='ocrx_word' id='word_1_405' title='bbox 2238 1132 2729 1284; x_wconf 33' lang='lat' dir='ltr'><strong>&amp;guaz-{tat</strong></span> <span class='ocrx_word' id='word_1_406' title='bbox 2772 1136 2844 1198; x_wconf 79' lang='lat' dir='ltr'><strong>ut</strong></span> <span class='ocrx_word' id='word_1_407' title='bbox 2883 1134 3021 1215; x_wconf 76' lang='lat' dir='ltr'><strong>ipse</strong></span> <span class='ocrx_word' id='word_1_408' title='bbox 3056 1133 3232 1201; x_wconf 74' lang='lat' dir='ltr'><strong>adsit</strong></span> <span class='ocrx_word' id='word_1_409' title='bbox 3271 1134 3525 1217; x_wconf 74' lang='lat' dir='ltr'><strong>quando</strong></span> <span class='ocrx_word' id='word_1_410' title='bbox 3567 1155 3766 1203; x_wconf 74' lang='lat' dir='ltr'><strong>novus</strong></span> <span class='ocrx_word' id='word_1_411' title='bbox 3806 1143 4021 1220; x_wconf 61' lang='lat' dir='ltr'><strong>pastor</strong></span> <span class='ocrx_word' id='word_1_412' title='bbox 4061 1158 4201 1208; x_wconf 69' lang='lat' dir='ltr'><strong>mo·</strong></span> 
     </span>
    </p>
   </div>
   <div class='ocr_carea' id='block_1_12' title="bbox 2240 1388 4202 1551">
    <p class='ocr_par' dir='ltr' id='par_1_12' title="bbox 2240 1388 4202 1551">
     <span class='ocr_line' id='line_1_58' title="bbox 2240 1388 4202 1467; baseline 0.003 -22"><span class='ocrx_word' id='word_1_413' title='bbox 2240 1388 2354 1457; x_wconf 81' lang='lat' dir='ltr'><strong>(Ex</strong></span> <span class='ocrx_word' id='word_1_414' title='bbox 2388 1388 2728 1460; x_wconf 83' lang='lat' dir='ltr'><strong>autographo</strong></span> <span class='ocrx_word' id='word_1_415' title='bbox 2775 1388 2919 1444; x_wconf 90' lang='lat' dir='ltr'><strong>Bibl.</strong></span> <span class='ocrx_word' id='word_1_416' title='bbox 2967 1394 3247 1459; x_wconf 75' lang='lat' dir='ltr'><strong>pastorum</strong></span> <span class='ocrx_word' id='word_1_417' title='bbox 3281 1388 3749 1467; x_wconf 82' lang='lat' dir='ltr'><strong>Ncooomensium.</strong></span> <span class='ocrx_word' id='word_1_418' title='bbox 3816 1391 3959 1464; x_wconf 72' lang='lat' dir='ltr'><strong>Epp.</strong></span> <span class='ocrx_word' id='word_1_419' title='bbox 3995 1395 4202 1452; x_wconf 78' lang='lat' dir='ltr'><strong>Farelli</strong></span> 
     </span>
     <span class='ocr_line' id='line_1_59' title="bbox 2928 1454 3496 1551; baseline -0.004 -38"><span class='ocrx_word' id='word_1_420' title='bbox 2928 1458 3107 1513; x_wconf 74' lang='lat' dir='ltr'><strong>fascic.</strong></span> <span class='ocrx_word' id='word_1_421' title='bbox 3142 1457 3241 1513; x_wconf 88' lang='lat'><strong>111.</strong></span> <span class='ocrx_word' id='word_1_422' title='bbox 3276 1458 3347 1513; x_wconf 78' lang='lat' dir='ltr'><strong>N.</strong></span> <span class='ocrx_word' id='word_1_423' title='bbox 3380 1454 3496 1551; x_wconf 61' lang='grc'><strong>10.)</strong></span> 
     </span>
    </p>
   </div>
   <div class='ocr_carea' id='block_1_13' title="bbox 2237 1640 4204 3760">
    <p class='ocr_par' dir='ltr' id='par_1_13' title="bbox 2244 1640 4204 1886">
     <span class='ocr_line' id='line_1_60' title="bbox 2339 1640 4204 1731; baseline 0.004 -19"><span class='ocrx_word' id='word_1_424' title='bbox 2339 1640 2352 1649; x_wconf 82' lang='grc'><em>”</em></span> <span class='ocrx_word' id='word_1_425' title='bbox 2414 1646 2810 1713; x_wconf 86' lang='lat' dir='ltr'><strong>Doctissimo</strong></span> <span class='ocrx_word' id='word_1_426' title='bbox 2871 1656 2941 1712; x_wconf 90' lang='lat' dir='ltr'><strong>et</strong></span> <span class='ocrx_word' id='word_1_427' title='bbox 3002 1646 3352 1731; x_wconf 86' lang='lat' dir='ltr'><strong>insigniter</strong></span> <span class='ocrx_word' id='word_1_428' title='bbox 3408 1648 3514 1731; x_wconf 90' lang='lat' dir='ltr'><strong>pio</strong></span> <span class='ocrx_word' id='word_1_429' title='bbox 3586 1648 3832 1731; x_wconf 88' lang='lat' dir='ltr'><strong>pastori</strong></span> <span class='ocrx_word' id='word_1_430' title='bbox 3887 1650 4204 1719; x_wconf 83' lang='lat' dir='ltr'><strong>ecelesiae</strong></span> 
     </span>
     <span class='ocr_line' id='line_1_61' title="bbox 2244 1730 4203 1831; baseline 0.004 -33"><span class='ocrx_word' id='word_1_431' title='bbox 2244 1732 2662 1831; x_wconf 63' lang='lat' dir='ltr'><strong>Geneyensis</strong></span> <span class='ocrx_word' id='word_1_432' title='bbox 2701 1731 2797 1799; x_wconf 90' lang='lat'><strong>10.</strong></span> <span class='ocrx_word' id='word_1_433' title='bbox 2848 1731 3127 1799; x_wconf 83' lang='lat' dir='ltr'><strong>Calvino</strong></span> <span class='ocrx_word' id='word_1_434' title='bbox 3185 1730 3377 1799; x_wconf 86' lang='lat' dir='ltr'><strong>fratri</strong></span> <span class='ocrx_word' id='word_1_435' title='bbox 3432 1742 3502 1798; x_wconf 89' lang='lat' dir='ltr'><strong>et</strong></span> <span class='ocrx_word' id='word_1_436' title='bbox 3553 1742 3956 1819; x_wconf 78' lang='lat' dir='ltr'><strong>symmystae</strong></span> <span class='ocrx_word' id='word_1_437' title='bbox 3999 1758 4203 1821; x_wconf 83' lang='lat' dir='ltr'><strong>quam</strong></span> 
     </span>
     <span class='ocr_line' id='line_1_62' title="bbox 2245 1839 2582 1886; baseline -0.009 0"><span class='ocrx_word' id='word_1_438' title='bbox 2245 1839 2582 1886; x_wconf 78' lang='lat' dir='ltr'><strong>carissimo</strong></span> 
     </span>
    </p>

    <p class='ocr_par' dir='ltr' id='par_1_14' title="bbox 3560 1903 3890 1972">
     <span class='ocr_line' id='line_1_63' title="bbox 3560 1903 3890 1972; baseline -0.003 -1"><span class='ocrx_word' id='word_1_439' title='bbox 3560 1903 3890 1972; x_wconf 83' lang='lat' dir='ltr'><strong>Genevae.</strong></span> 
     </span>
    </p>

    <p class='ocr_par' dir='ltr' id='par_1_15' title="bbox 2237 2040 4203 3760">
     <span class='ocr_line' id='line_1_64' title="bbox 2415 2040 4201 2126; baseline 0.001 -17"><span class='ocrx_word' id='word_1_440' title='bbox 2415 2041 2486 2110; x_wconf 80' lang='lat' dir='ltr'><strong>S.</strong></span> <span class='ocrx_word' id='word_1_441' title='bbox 2562 2040 2698 2124; x_wconf 80' lang='lat' dir='ltr'><strong>Qui</strong></span> <span class='ocrx_word' id='word_1_442' title='bbox 2739 2040 2890 2107; x_wconf 86' lang='lat' dir='ltr'><strong>istie</strong></span> <span class='ocrx_word' id='word_1_443' title='bbox 2933 2040 3205 2106; x_wconf 86' lang='lat' dir='ltr'><strong>fuerunt</strong></span> <span class='ocrx_word' id='word_1_444' title='bbox 3242 2040 3480 2106; x_wconf 86' lang='lat' dir='ltr'><strong>fratres</strong></span> <span class='ocrx_word' id='word_1_445' title='bbox 3504 2044 3554 2117; x_wconf 86' lang='lat'><strong>¹)</strong></span> <span class='ocrx_word' id='word_1_446' title='bbox 3600 2048 3960 2107; x_wconf 87' lang='lat' dir='ltr'><strong>narrarunt</strong></span> <span class='ocrx_word' id='word_1_447' title='bbox 4001 2064 4201 2126; x_wconf 87' lang='lat' dir='ltr'><strong>quam</strong></span> 
     </span>
     <span class='ocr_line' id='line_1_65' title="bbox 2244 2126 4203 2214; baseline 0.001 -20"><span class='ocrx_word' id='word_1_448' title='bbox 2244 2128 2624 2194; x_wconf 89' lang='lat' dir='ltr'><strong>humaniter</strong></span> <span class='ocrx_word' id='word_1_449' title='bbox 2666 2147 2816 2194; x_wconf 90' lang='lat' dir='ltr'><strong>cum</strong></span> <span class='ocrx_word' id='word_1_450' title='bbox 2874 2128 2967 2192; x_wconf 87' lang='lat' dir='ltr'><strong>eis</strong></span> <span class='ocrx_word' id='word_1_451' title='bbox 3011 2127 3225 2211; x_wconf 85' lang='lat' dir='ltr'><strong>egeris</strong></span> <span class='ocrx_word' id='word_1_452' title='bbox 3242 2177 3257 2205; x_wconf 93' lang='lat'><strong>,</strong></span> <span class='ocrx_word' id='word_1_453' title='bbox 3314 2126 3548 2209; x_wconf 90' lang='lat' dir='ltr'><strong>quibus</strong></span> <span class='ocrx_word' id='word_1_454' title='bbox 3602 2126 3834 2193; x_wconf 85' lang='lat' dir='ltr'><strong>officiis</strong></span> <span class='ocrx_word' id='word_1_455' title='bbox 3888 2136 3958 2193; x_wconf 87' lang='lat' dir='ltr'><strong>et</strong></span> <span class='ocrx_word' id='word_1_456' title='bbox 3998 2149 4203 2214; x_wconf 89' lang='lat' dir='ltr'><strong>supra</strong></span> 
     </span>
     <span class='ocr_line' id='line_1_66' title="bbox 2244 2209 4202 2297; baseline 0.001 -17"><span class='ocrx_word' id='word_1_457' title='bbox 2244 2234 2439 2297; x_wconf 88' lang='lat' dir='ltr'><strong>quam</strong></span> <span class='ocrx_word' id='word_1_458' title='bbox 2476 2223 2744 2297; x_wconf 87' lang='lat' dir='ltr'><strong>possent</strong></span> <span class='ocrx_word' id='word_1_459' title='bbox 2778 2213 3021 2280; x_wconf 83' lang='lat' dir='ltr'><strong>referre</strong></span> <span class='ocrx_word' id='word_1_460' title='bbox 3056 2209 3265 2277; x_wconf 89' lang='lat' dir='ltr'><strong>modis</strong></span> <span class='ocrx_word' id='word_1_461' title='bbox 3302 2212 3602 2276; x_wconf 87' lang='lat' dir='ltr'><strong>omnibus</strong></span> <span class='ocrx_word' id='word_1_462' title='bbox 3638 2213 4050 2280; x_wconf 88' lang='lat' dir='ltr'><strong>contenderis</strong></span> <span class='ocrx_word' id='word_1_463' title='bbox 4087 2235 4202 2283; x_wconf 83' lang='lat' dir='ltr'><strong>eos</strong></span> 
     </span>
     <span class='ocr_line' id='line_1_67' title="bbox 2244 2297 4200 2384; baseline -0.001 -18"><span class='ocrx_word' id='word_1_464' title='bbox 2244 2300 2568 2384; x_wconf 84' lang='lat' dir='ltr'><strong>excipere,</strong></span> <span class='ocrx_word' id='word_1_465' title='bbox 2612 2310 2680 2365; x_wconf 89' lang='lat' dir='ltr'><strong>et</strong></span> <span class='ocrx_word' id='word_1_466' title='bbox 2717 2309 2938 2366; x_wconf 91' lang='lat' dir='ltr'><strong>tecum</strong></span> <span class='ocrx_word' id='word_1_467' title='bbox 2981 2297 3096 2364; x_wconf 86' lang='lat' dir='ltr'><strong>alii</strong></span> <span class='ocrx_word' id='word_1_468' title='bbox 3138 2299 3401 2376; x_wconf 84' lang='lat' dir='ltr'><strong>fratres,</strong></span> <span class='ocrx_word' id='word_1_469' title='bbox 3465 2317 3541 2362; x_wconf 88' lang='lat' dir='ltr'><strong>ae</strong></span> <span class='ocrx_word' id='word_1_470' title='bbox 3591 2297 3928 2364; x_wconf 89' lang='lat' dir='ltr'><strong>iusserunt</strong></span> <span class='ocrx_word' id='word_1_471' title='bbox 3969 2307 4046 2364; x_wconf 88' lang='lat' dir='ltr'><strong>ut</strong></span> <span class='ocrx_word' id='word_1_472' title='bbox 4088 2320 4200 2365; x_wconf 87' lang='lat' dir='ltr'><strong>eo—</strong></span> 
     </span>
     <span class='ocr_line' id='line_1_68' title="bbox 2245 2384 4202 2468; baseline 0.001 -16"><span class='ocrx_word' id='word_1_473' title='bbox 2245 2406 2393 2452; x_wconf 91' lang='lat' dir='ltr'><strong>rum</strong></span> <span class='ocrx_word' id='word_1_474' title='bbox 2437 2387 2703 2452; x_wconf 91' lang='lat' dir='ltr'><strong>nomine</strong></span> <span class='ocrx_word' id='word_1_475' title='bbox 2745 2384 2863 2450; x_wconf 89' lang='lat' dir='ltr'><strong>tibi</strong></span> <span class='ocrx_word' id='word_1_476' title='bbox 2906 2392 2974 2450; x_wconf 87' lang='lat' dir='ltr'><strong>et</strong></span> <span class='ocrx_word' id='word_1_477' title='bbox 3015 2384 3289 2449; x_wconf 88' lang='lat' dir='ltr'><strong>caeteris</strong></span> <span class='ocrx_word' id='word_1_478' title='bbox 3332 2385 3579 2468; x_wconf 82' lang='lat' dir='ltr'><strong>gratias</strong></span> <span class='ocrx_word' id='word_1_479' title='bbox 3614 2404 3894 2467; x_wconf 85' lang='lat' dir='ltr'><strong>agerem.</strong></span> <span class='ocrx_word' id='word_1_480' title='bbox 3984 2386 4202 2453; x_wconf 88' lang='lat' dir='ltr'><strong>Doces</strong></span> 
     </span>
     <span class='ocr_line' id='line_1_69' title="bbox 2245 2468 4200 2554; baseline 0.001 -17"><span class='ocrx_word' id='word_1_481' title='bbox 2245 2493 2365 2538; x_wconf 90' lang='lat' dir='ltr'><strong>nos</strong></span> <span class='ocrx_word' id='word_1_482' title='bbox 2431 2482 2544 2537; x_wconf 88' lang='lat' dir='ltr'><strong>tuo</strong></span> <span class='ocrx_word' id='word_1_483' title='bbox 2609 2471 2907 2554; x_wconf 90' lang='lat' dir='ltr'><strong>exemplo</strong></span> <span class='ocrx_word' id='word_1_484' title='bbox 2984 2470 3141 2554; x_wconf 89' lang='lat' dir='ltr'><strong>quid</strong></span> <span class='ocrx_word' id='word_1_485' title='bbox 3205 2476 3536 2552; x_wconf 86' lang='lat' dir='ltr'><strong>praestare</strong></span> <span class='ocrx_word' id='word_1_486' title='bbox 3602 2468 3746 2535; x_wconf 86' lang='lat' dir='ltr'><strong>aliis</strong></span> <span class='ocrx_word' id='word_1_487' title='bbox 3824 2469 4200 2538; x_wconf 86' lang='lat' dir='ltr'><strong>debeamus.</strong></span> 
     </span>
     <span class='ocr_line' id='line_1_70' title="bbox 2245 2553 4199 2640; baseline 0 -16"><span class='ocrx_word' id='word_1_488' title='bbox 2245 2559 2384 2624; x_wconf 87' lang='lat' dir='ltr'><strong>Nee</strong></span> <span class='ocrx_word' id='word_1_489' title='bbox 2439 2559 2600 2624; x_wconf 87' lang='lat' dir='ltr'><strong>satis</strong></span> <span class='ocrx_word' id='word_1_490' title='bbox 2644 2558 2769 2622; x_wconf 83' lang='lat' dir='ltr'><strong>fuit</strong></span> <span class='ocrx_word' id='word_1_491' title='bbox 2811 2554 2983 2640; x_wconf 90' lang='lat' dir='ltr'><strong>quod</strong></span> <span class='ocrx_word' id='word_1_492' title='bbox 3038 2556 3135 2620; x_wconf 90' lang='lat' dir='ltr'><strong>ita</strong></span> <span class='ocrx_word' id='word_1_493' title='bbox 3189 2555 3402 2639; x_wconf 85' lang='lat' dir='ltr'><strong>egeris</strong></span> <span class='ocrx_word' id='word_1_494' title='bbox 3461 2553 3667 2631; x_wconf 89' lang='lat' dir='ltr'><strong>domi,</strong></span> <span class='ocrx_word' id='word_1_495' title='bbox 3724 2556 3854 2620; x_wconf 89' lang='lat' dir='ltr'><strong>nisi</strong></span> <span class='ocrx_word' id='word_1_496' title='bbox 3912 2555 3996 2621; x_wconf 88' lang='lat' dir='ltr'><strong>ad</strong></span> <span class='ocrx_word' id='word_1_497' title='bbox 4051 2578 4199 2624; x_wconf 87' lang='lat' dir='ltr'><strong>eoe-</strong></span> 
     </span>
     <span class='ocr_line' id='line_1_71' title="bbox 2246 2639 4195 2722; baseline 0.001 -14"><span class='ocrx_word' id='word_1_498' title='bbox 2246 2653 2388 2709; x_wconf 86' lang='lat' dir='ltr'><strong>tum</strong></span> <span class='ocrx_word' id='word_1_499' title='bbox 2404 2645 2465 2722; x_wconf 75' lang='lat'><strong>²)</strong></span> <span class='ocrx_word' id='word_1_500' title='bbox 2509 2644 2766 2709; x_wconf 83' lang='lat' dir='ltr'><strong>venires</strong></span> <span class='ocrx_word' id='word_1_501' title='bbox 2809 2652 2877 2707; x_wconf 91' lang='lat' dir='ltr'><strong>et</strong></span> <span class='ocrx_word' id='word_1_502' title='bbox 2918 2661 3179 2707; x_wconf 86' lang='lat' dir='ltr'><strong>causam</strong></span> <span class='ocrx_word' id='word_1_503' title='bbox 3238 2649 3528 2706; x_wconf 88' lang='lat' dir='ltr'><strong>nostram</strong></span> <span class='ocrx_word' id='word_1_504' title='bbox 3573 2639 3935 2719; x_wconf 79' lang='lat' dir='ltr'><strong>adiuvareS‚</strong></span> <span class='ocrx_word' id='word_1_505' title='bbox 3982 2650 4056 2708; x_wconf 91' lang='lat' dir='ltr'><strong>ut</strong></span> <span class='ocrx_word' id='word_1_506' title='bbox 4097 2644 4195 2709; x_wconf 84' lang='lat' dir='ltr'><strong>fe-</strong></span> 
     </span>
     <span class='ocr_line' id='line_1_72' title="bbox 2245 2727 4200 2813; baseline 0.001 -20"><span class='ocrx_word' id='word_1_507' title='bbox 2245 2731 2459 2796; x_wconf 87' lang='lat' dir='ltr'><strong>liciter</strong></span> <span class='ocrx_word' id='word_1_508' title='bbox 2536 2729 2670 2795; x_wconf 89' lang='lat' dir='ltr'><strong>illie</strong></span> <span class='ocrx_word' id='word_1_509' title='bbox 2735 2728 3246 2812; x_wconf 82' lang='lat' dir='ltr'><strong>transigeretur,</strong></span> <span class='ocrx_word' id='word_1_510' title='bbox 3310 2739 3385 2792; x_wconf 88' lang='lat' dir='ltr'><strong>ut</strong></span> <span class='ocrx_word' id='word_1_511' title='bbox 3449 2727 3722 2813; x_wconf 83' lang='lat' dir='ltr'><strong>contigit</strong></span> <span class='ocrx_word' id='word_1_512' title='bbox 3786 2728 4200 2813; x_wconf 80' lang='lat' dir='ltr'><strong>benignitate</strong></span> 
     </span>
     <span class='ocr_line' id='line_1_73' title="bbox 2246 2812 4197 2897; baseline 0.001 -18"><span class='ocrx_word' id='word_1_513' title='bbox 2246 2815 2536 2882; x_wconf 90' lang='lat' dir='ltr'><strong>Domini.</strong></span> <span class='ocrx_word' id='word_1_514' title='bbox 2624 2815 2779 2881; x_wconf 85' lang='lat' dir='ltr'><strong>Huc</strong></span> <span class='ocrx_word' id='word_1_515' title='bbox 2833 2813 3230 2897; x_wconf 87' lang='lat' dir='ltr'><strong>appulerunt</strong></span> <span class='ocrx_word' id='word_1_516' title='bbox 3269 2812 3551 2878; x_wconf 85' lang='lat' dir='ltr'><strong>Veneris</strong></span> <span class='ocrx_word' id='word_1_517' title='bbox 3571 2816 3626 2890; x_wconf 81' lang='lat'><strong>⁸)</strong></span> <span class='ocrx_word' id='word_1_518' title='bbox 3671 2815 3791 2879; x_wconf 92' lang='lat' dir='ltr'><strong>sub</strong></span> <span class='ocrx_word' id='word_1_519' title='bbox 3835 2834 4197 2897; x_wconf 85' lang='lat' dir='ltr'><strong>vesperam,</strong></span> 
     </span>
     <span class='ocr_line' id='line_1_74' title="bbox 2245 2897 4200 2983; baseline 0.001 -18"><span class='ocrx_word' id='word_1_520' title='bbox 2245 2909 2312 2965; x_wconf 88' lang='lat' dir='ltr'><strong>et</strong></span> <span class='ocrx_word' id='word_1_521' title='bbox 2352 2901 2583 2968; x_wconf 88' lang='lat' dir='ltr'><strong>literas</strong></span> <span class='ocrx_word' id='word_1_522' title='bbox 2607 2899 3037 2981; x_wconf 73' lang='lat' dir='ltr'><strong>Christopkori</strong></span> <span class='ocrx_word' id='word_1_523' title='bbox 3080 2897 3399 2964; x_wconf 85' lang='lat' dir='ltr'><strong>dederunt</strong></span> <span class='ocrx_word' id='word_1_524' title='bbox 3433 2899 3776 2981; x_wconf 84' lang='lat' dir='ltr'><strong>praefecto,</strong></span> <span class='ocrx_word' id='word_1_525' title='bbox 3822 2899 3934 2983; x_wconf 90' lang='lat' dir='ltr'><strong>qui</strong></span> <span class='ocrx_word' id='word_1_526' title='bbox 3977 2902 4200 2967; x_wconf 89' lang='lat' dir='ltr'><strong>neseio</strong></span> 
     </span>
     <span class='ocr_line' id='line_1_75' title="bbox 2244 2984 4198 3069; baseline 0.001 -17"><span class='ocrx_word' id='word_1_527' title='bbox 2244 2986 2399 3069; x_wconf 87' lang='lat' dir='ltr'><strong>quid</strong></span> <span class='ocrx_word' id='word_1_528' title='bbox 2456 2987 2678 3052; x_wconf 86' lang='lat' dir='ltr'><strong>attulit</strong></span> <span class='ocrx_word' id='word_1_529' title='bbox 2734 2987 2816 3051; x_wconf 90' lang='lat' dir='ltr'><strong>de</strong></span> <span class='ocrx_word' id='word_1_530' title='bbox 2874 3006 2950 3051; x_wconf 90' lang='lat' dir='ltr'><strong>eo</strong></span> <span class='ocrx_word' id='word_1_531' title='bbox 3003 2985 3116 3068; x_wconf 88' lang='lat' dir='ltr'><strong>qui</strong></span> <span class='ocrx_word' id='word_1_532' title='bbox 3174 2986 3562 3050; x_wconf 84' lang='lat' dir='ltr'><strong>constitutus</strong></span> <span class='ocrx_word' id='word_1_533' title='bbox 3621 2985 3833 3050; x_wconf 87' lang='lat' dir='ltr'><strong>fuerat</strong></span> <span class='ocrx_word' id='word_1_534' title='bbox 3877 2984 4198 3067; x_wconf 88' lang='lat' dir='ltr'><strong>Albonae,</strong></span> 
     </span>
     <span class='ocr_line' id='line_1_76' title="bbox 2242 3069 4202 3157; baseline 0.002 -20"><span class='ocrx_word' id='word_1_535' title='bbox 2242 3074 2430 3157; x_wconf 89' lang='lat' dir='ltr'><strong>quasi</strong></span> <span class='ocrx_word' id='word_1_536' title='bbox 2475 3071 2713 3140; x_wconf 81' lang='lat' dir='ltr'><strong>Comes</strong></span> <span class='ocrx_word' id='word_1_537' title='bbox 2756 3070 3144 3139; x_wconf 79' lang='lat' dir='ltr'><strong>Grueranus</strong></span> <span class='ocrx_word' id='word_1_538' title='bbox 3189 3069 3509 3137; x_wconf 87' lang='lat' dir='ltr'><strong>effecisset</strong></span> <span class='ocrx_word' id='word_1_539' title='bbox 3550 3080 3629 3137; x_wconf 90' lang='lat' dir='ltr'><strong>ut</strong></span> <span class='ocrx_word' id='word_1_540' title='bbox 3668 3072 3888 3138; x_wconf 89' lang='lat' dir='ltr'><strong>omnia</strong></span> <span class='ocrx_word' id='word_1_541' title='bbox 3933 3073 4202 3141; x_wconf 85' lang='lat' dir='ltr'><strong>inversa</strong></span> 
     </span>
     <span class='ocr_line' id='line_1_77' title="bbox 2243 3157 4198 3242; baseline 0.001 -19"><span class='ocrx_word' id='word_1_542' title='bbox 2243 3161 2551 3240; x_wconf 86' lang='lat' dir='ltr'><strong>fuissent,</strong></span> <span class='ocrx_word' id='word_1_543' title='bbox 2624 3158 3044 3226; x_wconf 87' lang='lat' dir='ltr'><strong>subindicans</strong></span> <span class='ocrx_word' id='word_1_544' title='bbox 3098 3157 3289 3222; x_wconf 90' lang='lat' dir='ltr'><strong>nobis</strong></span> <span class='ocrx_word' id='word_1_545' title='bbox 3340 3178 3476 3222; x_wconf 91' lang='lat' dir='ltr'><strong>non</strong></span> <span class='ocrx_word' id='word_1_546' title='bbox 3542 3177 3728 3223; x_wconf 89' lang='lat' dir='ltr'><strong>secus</strong></span> <span class='ocrx_word' id='word_1_547' title='bbox 3785 3166 4198 3242; x_wconf 87' lang='lat' dir='ltr'><strong>eventurum,</strong></span> 
     </span>
     <span class='ocr_line' id='line_1_78' title="bbox 2243 3241 4201 3329; baseline 0.001 -19"><span class='ocrx_word' id='word_1_548' title='bbox 2243 3244 2541 3329; x_wconf 88' lang='lat' dir='ltr'><strong>dixitque</strong></span> <span class='ocrx_word' id='word_1_549' title='bbox 2584 3253 2733 3329; x_wconf 88' lang='lat' dir='ltr'><strong>post</strong></span> <span class='ocrx_word' id='word_1_550' title='bbox 2772 3244 2972 3308; x_wconf 80' lang='lat' dir='ltr'><strong>lectas</strong></span> <span class='ocrx_word' id='word_1_551' title='bbox 3008 3243 3230 3308; x_wconf 86' lang='lat' dir='ltr'><strong>literas</strong></span> <span class='ocrx_word' id='word_1_552' title='bbox 3273 3251 3350 3307; x_wconf 90' lang='lat' dir='ltr'><strong>ut</strong></span> <span class='ocrx_word' id='word_1_553' title='bbox 3384 3263 3495 3308; x_wconf 88' lang='lat' dir='ltr'><strong>eas</strong></span> <span class='ocrx_word' id='word_1_554' title='bbox 3529 3241 3878 3308; x_wconf 89' lang='lat' dir='ltr'><strong>redderent</strong></span> <span class='ocrx_word' id='word_1_555' title='bbox 3918 3254 4201 3328; x_wconf 86' lang='lat' dir='ltr'><strong>quatuor</strong></span> 
     </span>
     <span class='ocr_line' id='line_1_79' title="bbox 2240 3326 4199 3415; baseline -0.001 -18"><span class='ocrx_word' id='word_1_556' title='bbox 2240 3330 2636 3415; x_wconf 85' lang='lat' dir='ltr'><strong>reipublicae</strong></span> <span class='ocrx_word' id='word_1_557' title='bbox 2688 3327 3115 3415; x_wconf 87' lang='lat' dir='ltr'><strong>praesidibus.</strong></span> <span class='ocrx_word' id='word_1_558' title='bbox 3222 3326 3482 3408; x_wconf 80' lang='lat' dir='ltr'><strong>Quibus</strong></span> <span class='ocrx_word' id='word_1_559' title='bbox 3539 3350 3739 3413; x_wconf 88' lang='lat' dir='ltr'><strong>quum</strong></span> <span class='ocrx_word' id='word_1_560' title='bbox 3800 3329 3991 3396; x_wconf 87' lang='lat' dir='ltr'><strong>datae</strong></span> <span class='ocrx_word' id='word_1_561' title='bbox 4033 3330 4199 3396; x_wconf 83' lang='lat' dir='ltr'><strong>fuis·-</strong></span> 
     </span>
     <span class='ocr_line' id='line_1_80' title="bbox 2241 3414 4200 3500; baseline -0.001 -16"><span class='ocrx_word' id='word_1_562' title='bbox 2241 3429 2421 3497; x_wconf 89' lang='lat' dir='ltr'><strong>sent,</strong></span> <span class='ocrx_word' id='word_1_563' title='bbox 2490 3427 2558 3483; x_wconf 88' lang='lat' dir='ltr'><strong>et</strong></span> <span class='ocrx_word' id='word_1_564' title='bbox 2617 3416 2691 3482; x_wconf 90' lang='lat' dir='ltr'><strong>hi</strong></span> <span class='ocrx_word' id='word_1_565' title='bbox 2750 3414 3068 3481; x_wconf 87' lang='lat' dir='ltr'><strong>adiissent</strong></span> <span class='ocrx_word' id='word_1_566' title='bbox 3129 3414 3530 3500; x_wconf 88' lang='lat' dir='ltr'><strong>praefectum</strong></span> <span class='ocrx_word' id='word_1_567' title='bbox 3588 3423 3655 3480; x_wconf 92' lang='lat' dir='ltr'><strong>et</strong></span> <span class='ocrx_word' id='word_1_568' title='bbox 3719 3416 4063 3498; x_wconf 88' lang='lat' dir='ltr'><strong>petiissent</strong></span> <span class='ocrx_word' id='word_1_569' title='bbox 4117 3425 4200 3483; x_wconf 86' lang='lat' dir='ltr'><strong>ut</strong></span> 
     </span>
     <span class='ocr_line' id='line_1_81' title="bbox 2240 3499 4199 3587; baseline 0.001 -18"><span class='ocrx_word' id='word_1_570' title='bbox 2240 3504 2610 3587; x_wconf 85' lang='lat' dir='ltr'><strong>praefectus</strong></span> <span class='ocrx_word' id='word_1_571' title='bbox 2652 3501 2969 3569; x_wconf 88' lang='lat' dir='ltr'><strong>scriberet</strong></span> <span class='ocrx_word' id='word_1_572' title='bbox 3023 3506 3101 3566; x_wconf 89' lang='lat' dir='ltr'><strong>ut</strong></span> <span class='ocrx_word' id='word_1_573' title='bbox 3140 3501 3213 3565; x_wconf 92' lang='lat' dir='ltr'><strong>in</strong></span> <span class='ocrx_word' id='word_1_574' title='bbox 3271 3499 3586 3566; x_wconf 90' lang='lat' dir='ltr'><strong>electione</strong></span> <span class='ocrx_word' id='word_1_575' title='bbox 3630 3501 4009 3567; x_wconf 90' lang='lat' dir='ltr'><strong>conclusum</strong></span> <span class='ocrx_word' id='word_1_576' title='bbox 4052 3503 4199 3570; x_wconf 88' lang='lat' dir='ltr'><strong>fue—</strong></span> 
     </span>
     <span class='ocr_line' id='line_1_82' title="bbox 2240 3585 4197 3673; baseline -0.001 -17"><span class='ocrx_word' id='word_1_577' title='bbox 2240 3601 2380 3670; x_wconf 88' lang='lat' dir='ltr'><strong>rat,</strong></span> <span class='ocrx_word' id='word_1_578' title='bbox 2436 3591 2495 3656; x_wconf 91' lang='lat' dir='ltr'><strong>is</strong></span> <span class='ocrx_word' id='word_1_579' title='bbox 2553 3585 2890 3673; x_wconf 87' lang='lat' dir='ltr'><strong>respondit</strong></span> <span class='ocrx_word' id='word_1_580' title='bbox 2943 3593 3241 3670; x_wconf 87' lang='lat' dir='ltr'><strong>oportere</strong></span> <span class='ocrx_word' id='word_1_581' title='bbox 3297 3587 3484 3670; x_wconf 90' lang='lat' dir='ltr'><strong>prius</strong></span> <span class='ocrx_word' id='word_1_582' title='bbox 3527 3585 3755 3652; x_wconf 88' lang='lat' dir='ltr'><strong>audire</strong></span> <span class='ocrx_word' id='word_1_583' title='bbox 3802 3585 3892 3653; x_wconf 64' lang='lat'><strong>01»</strong></span> <span class='ocrx_word' id='word_1_584' title='bbox 3942 3589 3953 3601; x_wconf 87' lang='lat'>&#39;</span> <span class='ocrx_word' id='word_1_585' title='bbox 4085 3587 4197 3655; x_wconf 76' lang='lat' dir='ltr'><strong>ho·</strong></span> 
     </span>
     <span class='ocr_line' id='line_1_83' title="bbox 2237 3672 4195 3760; baseline -0.002 -18"><span class='ocrx_word' id='word_1_586' title='bbox 2237 3697 2403 3756; x_wconf 77' lang='lat' dir='ltr'><strong>mm,</strong></span> <span class='ocrx_word' id='word_1_587' title='bbox 2448 3686 2516 3742; x_wconf 90' lang='lat' dir='ltr'><strong>et</strong></span> <span class='ocrx_word' id='word_1_588' title='bbox 2557 3675 2616 3742; x_wconf 90' lang='lat' dir='ltr'><strong>si</strong></span> <span class='ocrx_word' id='word_1_589' title='bbox 2656 3672 2898 3760; x_wconf 90' lang='lat' dir='ltr'><strong>populo</strong></span> <span class='ocrx_word' id='word_1_590' title='bbox 2954 3682 3129 3740; x_wconf 89' lang='lat' dir='ltr'><strong>esset</strong></span> <span class='ocrx_word' id='word_1_591' title='bbox 3180 3682 3408 3758; x_wconf 87' lang='lat' dir='ltr'><strong>gratus</strong></span> <span class='ocrx_word' id='word_1_592' title='bbox 3464 3682 3622 3739; x_wconf 87' lang='lat' dir='ltr'><strong>tnnc</strong></span> <span class='ocrx_word' id='word_1_593' title='bbox 3674 3680 3983 3756; x_wconf 88' lang='lat' dir='ltr'><strong>rogarent</strong></span> <span class='ocrx_word' id='word_1_594' title='bbox 4087 3694 4195 3739; x_wconf 87' lang='lat' dir='ltr'><strong>er-</strong></span> 
     </span>
    </p>
   </div>
   <div class='ocr_carea' id='block_1_14' title="bbox 2239 3757 4289 3844">
    <p class='ocr_par' dir='ltr' id='par_1_16' title="bbox 2239 3757 4289 3844">
     <span class='ocr_line' id='line_1_84' title="bbox 2239 3757 4289 3844; baseline -0.001 -16"><span class='ocrx_word' id='word_1_595' title='bbox 2239 3782 2495 3828; x_wconf 87' lang='lat' dir='ltr'><strong>nenses.</strong></span> <span class='ocrx_word' id='word_1_596' title='bbox 2586 3759 2722 3828; x_wconf 80' lang='lat' dir='ltr'><strong>Sed</strong></span> <span class='ocrx_word' id='word_1_597' title='bbox 2785 3757 3055 3825; x_wconf 87' lang='lat' dir='ltr'><strong>tandem</strong></span> <span class='ocrx_word' id='word_1_598' title='bbox 3110 3757 3481 3824; x_wconf 86' lang='lat' dir='ltr'><strong>admonitus</strong></span> <span class='ocrx_word' id='word_1_599' title='bbox 3547 3758 3914 3842; x_wconf 87' lang='lat' dir='ltr'><strong>praefectus</strong></span> <span class='ocrx_word' id='word_1_600' title='bbox 3978 3759 4195 3826; x_wconf 84' lang='lat' dir='ltr'><strong>voluit</strong></span> <span class='ocrx_word' id='word_1_601' title='bbox 4284 3839 4289 3844; x_wconf 76' lang='lat'><strong>.</strong></span> 
     </span>
    </p>
   </div>
   <div class='ocr_carea' id='block_1_15' title="bbox 2229 3844 4199 4956">
    <p class='ocr_par' dir='ltr' id='par_1_17' title="bbox 2229 3844 4199 4956">
     <span class='ocr_line' id='line_1_85' title="bbox 2240 3844 4199 3932; baseline -0.001 -19"><span class='ocrx_word' id='word_1_602' title='bbox 2240 3863 2312 3914; x_wconf 88' lang='lat' dir='ltr'><strong>ut</strong></span> <span class='ocrx_word' id='word_1_603' title='bbox 2355 3856 2635 3931; x_wconf 86' lang='lat' dir='ltr'><strong>quatuor</strong></span> <span class='ocrx_word' id='word_1_604' title='bbox 2677 3855 2985 3932; x_wconf 85' lang='lat' dir='ltr'><strong>cogerent</strong></span> <span class='ocrx_word' id='word_1_605' title='bbox 3029 3855 3328 3911; x_wconf 85' lang='lat' dir='ltr'><strong>senatum</strong></span> <span class='ocrx_word' id='word_1_606' title='bbox 3383 3858 3452 3909; x_wconf 88' lang='lat' dir='ltr'><strong>et</strong></span> <span class='ocrx_word' id='word_1_607' title='bbox 3503 3844 3651 3910; x_wconf 90' lang='lat' dir='ltr'><strong>illos</strong></span> <span class='ocrx_word' id='word_1_608' title='bbox 3706 3864 3867 3927; x_wconf 90' lang='lat' dir='ltr'><strong>quos</strong></span> <span class='ocrx_word' id='word_1_609' title='bbox 3910 3845 4199 3928; x_wconf 88' lang='lat' dir='ltr'><strong>quadra·</strong></span> 
     </span>
     <span class='ocr_line' id='line_1_86' title="bbox 2238 3929 4191 4019; baseline -0.003 -19"><span class='ocrx_word' id='word_1_610' title='bbox 2238 3935 2425 4019; x_wconf 88' lang='lat' dir='ltr'><strong>ginta</strong></span> <span class='ocrx_word' id='word_1_611' title='bbox 2470 3943 2726 4012; x_wconf 85' lang='lat' dir='ltr'><strong>vocant,</strong></span> <span class='ocrx_word' id='word_1_612' title='bbox 2784 3941 2862 3997; x_wconf 88' lang='lat' dir='ltr'><strong>ut</strong></span> <span class='ocrx_word' id='word_1_613' title='bbox 2905 3930 3029 3996; x_wconf 85' lang='lat' dir='ltr'><strong>hac</strong></span> <span class='ocrx_word' id='word_1_614' title='bbox 3085 3933 3223 4004; x_wconf 80' lang='lat' dir='ltr'><strong>via,</strong></span> <span class='ocrx_word' id='word_1_615' title='bbox 3284 3931 3340 3995; x_wconf 88' lang='lat' dir='ltr'><strong>si</strong></span> <span class='ocrx_word' id='word_1_616' title='bbox 3393 3929 3548 4012; x_wconf 87' lang='lat' dir='ltr'><strong>quid</strong></span> <span class='ocrx_word' id='word_1_617' title='bbox 3606 3941 3823 4013; x_wconf 89' lang='lat' dir='ltr'><strong>posset</strong></span> <span class='ocrx_word' id='word_1_618' title='bbox 3864 3931 4191 4014; x_wconf 90' lang='lat' dir='ltr'><strong>impediri,</strong></span> 
     </span>
     <span class='ocr_line' id='line_1_87' title="bbox 2240 4016 4195 4103; baseline -0.002 -17"><span class='ocrx_word' id='word_1_619' title='bbox 2240 4023 2439 4086; x_wconf 79' lang='lat' dir='ltr'><strong>lieret.</strong></span> <span class='ocrx_word' id='word_1_620' title='bbox 2531 4021 2625 4085; x_wconf 88' lang='lat' dir='ltr'><strong>At</strong></span> <span class='ocrx_word' id='word_1_621' title='bbox 2666 4018 2855 4103; x_wconf 89' lang='lat' dir='ltr'><strong>pauci</strong></span> <span class='ocrx_word' id='word_1_622' title='bbox 2899 4017 3212 4101; x_wconf 83' lang='lat' dir='ltr'><strong>refragati</strong></span> <span class='ocrx_word' id='word_1_623' title='bbox 3257 4017 3558 4092; x_wconf 82' lang='lat' dir='ltr'><strong>fuerunt,</strong></span> <span class='ocrx_word' id='word_1_624' title='bbox 3619 4016 3728 4080; x_wconf 88' lang='lat' dir='ltr'><strong>alii</strong></span> <span class='ocrx_word' id='word_1_625' title='bbox 3791 4027 4195 4083; x_wconf 90' lang='lat' dir='ltr'><strong>censuerunt</strong></span> 
     </span>
     <span class='ocr_line' id='line_1_88' title="bbox 2237 4100 4194 4179; baseline -0.001 -8"><span class='ocrx_word' id='word_1_626' title='bbox 2237 4104 2654 4171; x_wconf 88' lang='lat' dir='ltr'><strong>scribendum</strong></span> <span class='ocrx_word' id='word_1_627' title='bbox 2720 4100 2804 4169; x_wconf 89' lang='lat' dir='ltr'><strong>ad</strong></span> <span class='ocrx_word' id='word_1_628' title='bbox 2866 4103 3260 4168; x_wconf 83' lang='lat' dir='ltr'><strong>Beruenses.</strong></span> <span class='ocrx_word' id='word_1_629' title='bbox 3349 4100 3766 4179; x_wconf 65' lang='lat' dir='ltr'><strong>Praefectus»,</strong></span> <span class='ocrx_word' id='word_1_630' title='bbox 3832 4102 3942 4167; x_wconf 90' lang='lat' dir='ltr'><strong>ubi</strong></span> <span class='ocrx_word' id='word_1_631' title='bbox 4012 4102 4194 4170; x_wconf 81' lang='lat' dir='ltr'><strong>videt</strong></span> 
     </span>
     <span class='ocr_line' id='line_1_89' title="bbox 2233 4187 4193 4276; baseline -0.001 -19"><span class='ocrx_word' id='word_1_632' title='bbox 2233 4214 2354 4276; x_wconf 88' lang='lat' dir='ltr'><strong>per</strong></span> <span class='ocrx_word' id='word_1_633' title='bbox 2397 4192 2558 4257; x_wconf 86' lang='lat' dir='ltr'><strong>alios</strong></span> <span class='ocrx_word' id='word_1_634' title='bbox 2601 4190 2770 4254; x_wconf 90' lang='lat' dir='ltr'><strong>nihil</strong></span> <span class='ocrx_word' id='word_1_635' title='bbox 2814 4209 3022 4273; x_wconf 84' lang='lat' dir='ltr'><strong>posse,</strong></span> <span class='ocrx_word' id='word_1_636' title='bbox 3078 4187 3448 4253; x_wconf 89' lang='lat' dir='ltr'><strong>assentitur.</strong></span> <span class='ocrx_word' id='word_1_637' title='bbox 3540 4187 3707 4252; x_wconf 86' lang='lat' dir='ltr'><strong>Heri</strong></span> <span class='ocrx_word' id='word_1_638' title='bbox 3749 4207 3905 4271; x_wconf 91' lang='lat' dir='ltr'><strong>ergo</strong></span> <span class='ocrx_word' id='word_1_639' title='bbox 3950 4190 4193 4256; x_wconf 87' lang='lat' dir='ltr'><strong>missae</strong></span> 
     </span>
     <span class='ocr_line' id='line_1_90' title="bbox 2234 4273 4190 4356; baseline -0.001 -13"><span class='ocrx_word' id='word_1_640' title='bbox 2234 4280 2505 4344; x_wconf 87' lang='lat' dir='ltr'><strong>fuerunt</strong></span> <span class='ocrx_word' id='word_1_641' title='bbox 2548 4277 2837 4343; x_wconf 88' lang='lat' dir='ltr'><strong>Bernam</strong></span> <span class='ocrx_word' id='word_1_642' title='bbox 2882 4274 3141 4351; x_wconf 87' lang='lat' dir='ltr'><strong>literae,</strong></span> <span class='ocrx_word' id='word_1_643' title='bbox 3202 4283 3269 4337; x_wconf 94' lang='lat' dir='ltr'><strong>et</strong></span> <span class='ocrx_word' id='word_1_644' title='bbox 3324 4273 3516 4337; x_wconf 91' lang='lat' dir='ltr'><strong>hodie</strong></span> <span class='ocrx_word' id='word_1_645' title='bbox 3574 4273 3810 4337; x_wconf 85' lang='lat' dir='ltr'><strong>fratres</strong></span> <span class='ocrx_word' id='word_1_646' title='bbox 3869 4275 3981 4356; x_wconf 87' lang='lat' dir='ltr'><strong>qui</strong></span> <span class='ocrx_word' id='word_1_647' title='bbox 4038 4276 4190 4342; x_wconf 89' lang='lat' dir='ltr'><strong>istic</strong></span> 
     </span>
     <span class='ocr_line' id='line_1_91' title="bbox 2231 4358 4186 4442; baseline -0.001 -14"><span class='ocrx_word' id='word_1_648' title='bbox 2231 4364 2500 4430; x_wconf 85' lang='lat' dir='ltr'><strong>fuerunt</strong></span> <span class='ocrx_word' id='word_1_649' title='bbox 2542 4371 3005 4428; x_wconf 87' lang='lat' dir='ltr'><strong>concesserunt</strong></span> <span class='ocrx_word' id='word_1_650' title='bbox 3044 4360 3353 4424; x_wconf 87' lang='lat' dir='ltr'><strong>Bernam.</strong></span> <span class='ocrx_word' id='word_1_651' title='bbox 3444 4358 3803 4442; x_wconf 80' lang='lat' dir='ltr'><strong>Speramus</strong></span> <span class='ocrx_word' id='word_1_652' title='bbox 3824 4359 4186 4426; x_wconf 90' lang='lat' dir='ltr'><strong>Dominum</strong></span> 
     </span>
     <span class='ocr_line' id='line_1_92' title="bbox 2233 4443 4187 4532; baseline -0.001 -18"><span class='ocrx_word' id='word_1_653' title='bbox 2233 4449 2419 4516; x_wconf 91' lang='lat' dir='ltr'><strong>nobis</strong></span> <span class='ocrx_word' id='word_1_654' title='bbox 2495 4448 2779 4532; x_wconf 88' lang='lat' dir='ltr'><strong>benigne</strong></span> <span class='ocrx_word' id='word_1_655' title='bbox 2856 4444 3252 4511; x_wconf 88' lang='lat' dir='ltr'><strong>adfuturum.</strong></span> <span class='ocrx_word' id='word_1_656' title='bbox 3395 4444 3823 4510; x_wconf 70' lang='lat' dir='ltr'><strong>&#39;Bononiensis</strong></span> <span class='ocrx_word' id='word_1_657' title='bbox 3901 4443 4187 4512; x_wconf 84' lang='lat' dir='ltr'><strong>decanus</strong></span> 
     </span>
     <span class='ocr_line' id='line_1_93' title="bbox 2233 4528 4185 4615; baseline -0.003 -14"><span class='ocrx_word' id='word_1_658' title='bbox 2233 4558 2382 4602; x_wconf 92' lang='lat' dir='ltr'><strong>cum</strong></span> <span class='ocrx_word' id='word_1_659' title='bbox 2442 4534 2649 4600; x_wconf 90' lang='lat' dir='ltr'><strong>altero</strong></span> <span class='ocrx_word' id='word_1_660' title='bbox 2703 4532 2908 4597; x_wconf 87' lang='lat' dir='ltr'><strong>fratre</strong></span> <span class='ocrx_word' id='word_1_661' title='bbox 2962 4531 3288 4615; x_wconf 87' lang='lat' dir='ltr'><strong>profectus</strong></span> <span class='ocrx_word' id='word_1_662' title='bbox 3357 4551 3432 4594; x_wconf 92' lang='lat' dir='ltr'><strong>eo</strong></span> <span class='ocrx_word' id='word_1_663' title='bbox 3488 4530 3629 4594; x_wconf 79' lang='lat' dir='ltr'><strong>fuit.</strong></span> <span class='ocrx_word' id='word_1_664' title='bbox 3737 4528 3813 4595; x_wconf 80' lang='lat' dir='ltr'><strong>Si</strong></span> <span class='ocrx_word' id='word_1_665' title='bbox 3872 4529 4185 4596; x_wconf 86' lang='lat' dir='ltr'><strong>Christus</strong></span> 
     </span>
     <span class='ocr_line' id='line_1_94' title="bbox 2230 4617 4187 4699; baseline -0.004 -11"><span class='ocrx_word' id='word_1_666' title='bbox 2230 4623 2458 4688; x_wconf 88' lang='lat' dir='ltr'><strong>feeerit</strong></span> <span class='ocrx_word' id='word_1_667' title='bbox 2499 4640 2619 4684; x_wconf 89' lang='lat' dir='ltr'><strong>nos</strong></span> <span class='ocrx_word' id='word_1_668' title='bbox 2661 4620 2797 4684; x_wconf 82' lang='lat' dir='ltr'><strong>voti</strong></span> <span class='ocrx_word' id='word_1_669' title='bbox 2842 4625 3195 4699; x_wconf 88' lang='lat' dir='ltr'><strong>compotes,</strong></span> <span class='ocrx_word' id='word_1_670' title='bbox 3235 4637 3430 4699; x_wconf 87' lang='lat' dir='ltr'><strong>quam</strong></span> <span class='ocrx_word' id='word_1_671' title='bbox 3467 4625 3641 4681; x_wconf 90' lang='lat' dir='ltr'><strong>esset</strong></span> <span class='ocrx_word' id='word_1_672' title='bbox 3674 4625 3934 4699; x_wconf 84' lang='lat' dir='ltr'><strong>gratum</strong></span> <span class='ocrx_word' id='word_1_673' title='bbox 3972 4617 4187 4681; x_wconf 91' lang='lat' dir='ltr'><strong>omni-</strong></span> 
     </span>
     <span class='ocr_line' id='line_1_95' title="bbox 2230 4700 4184 4784; baseline -0.003 -11"><span class='ocrx_word' id='word_1_674' title='bbox 2230 4709 2355 4774; x_wconf 90' lang='lat' dir='ltr'><strong>bus</strong></span> <span class='ocrx_word' id='word_1_675' title='bbox 2397 4704 2707 4772; x_wconf 86' lang='lat' dir='ltr'><strong>fratribus</strong></span> <span class='ocrx_word' id='word_1_676' title='bbox 2750 4713 2817 4769; x_wconf 90' lang='lat' dir='ltr'><strong>te</strong></span> <span class='ocrx_word' id='word_1_677' title='bbox 2875 4702 2982 4769; x_wconf 90' lang='lat' dir='ltr'><strong>hie</strong></span> <span class='ocrx_word' id='word_1_678' title='bbox 3026 4703 3196 4768; x_wconf 79' lang='lat' dir='ltr'><strong>esse!</strong></span> <span class='ocrx_word' id='word_1_679' title='bbox 3302 4700 3582 4767; x_wconf 78' lang='lat' dir='ltr'><strong>Viretum</strong></span> <span class='ocrx_word' id='word_1_680' title='bbox 3634 4701 3831 4766; x_wconf 88' lang='lat' dir='ltr'><strong>etiam</strong></span> <span class='ocrx_word' id='word_1_681' title='bbox 3888 4703 4184 4784; x_wconf 87' lang='lat' dir='ltr'><strong>eupiunt,</strong></span> 
     </span>
     <span class='ocr_line' id='line_1_96' title="bbox 2230 4785 4184 4874; baseline -0.003 -15"><span class='ocrx_word' id='word_1_682' title='bbox 2230 4795 2362 4859; x_wconf 91' lang='lat' dir='ltr'><strong>imo</strong></span> <span class='ocrx_word' id='word_1_683' title='bbox 2404 4792 2602 4859; x_wconf 87' lang='lat' dir='ltr'><strong>etiam</strong></span> <span class='ocrx_word' id='word_1_684' title='bbox 2644 4791 2860 4874; x_wconf 90' lang='lat' dir='ltr'><strong>ipsum</strong></span> <span class='ocrx_word' id='word_1_685' title='bbox 2892 4789 3269 4866; x_wconf 72' lang='lat' dir='ltr'><strong>Tussanm,</strong></span> <span class='ocrx_word' id='word_1_686' title='bbox 3315 4798 3384 4853; x_wconf 89' lang='lat' dir='ltr'><strong>et</strong></span> <span class='ocrx_word' id='word_1_687' title='bbox 3426 4788 3632 4853; x_wconf 89' lang='lat' dir='ltr'><strong>altero</strong></span> <span class='ocrx_word' id='word_1_688' title='bbox 3678 4785 3781 4852; x_wconf 89' lang='lat' dir='ltr'><strong>die</strong></span> <span class='ocrx_word' id='word_1_689' title='bbox 3824 4787 4184 4869; x_wconf 87' lang='lat' dir='ltr'><strong>impositio-</strong></span> 
     </span>
     <span class='ocr_line' id='line_1_97' title="bbox 2229 4872 4182 4956; baseline -0.002 -12"><span class='ocrx_word' id='word_1_690' title='bbox 2229 4881 2335 4944; x_wconf 91' lang='lat' dir='ltr'><strong>nis</strong></span> <span class='ocrx_word' id='word_1_691' title='bbox 2389 4897 2737 4955; x_wconf 84' lang='lat' dir='ltr'><strong>manuum,</strong></span> <span class='ocrx_word' id='word_1_692' title='bbox 2802 4875 2937 4940; x_wconf 91' lang='lat' dir='ltr'><strong>imo</strong></span> <span class='ocrx_word' id='word_1_693' title='bbox 2994 4875 3137 4956; x_wconf 88' lang='lat' dir='ltr'><strong>ipso</strong></span> <span class='ocrx_word' id='word_1_694' title='bbox 3197 4873 3331 4953; x_wconf 89' lang='lat' dir='ltr'><strong>die,</strong></span> <span class='ocrx_word' id='word_1_695' title='bbox 3397 4883 3620 4940; x_wconf 89' lang='lat' dir='ltr'><strong>coetus</strong></span> <span class='ocrx_word' id='word_1_696' title='bbox 3684 4872 4041 4939; x_wconf 87' lang='lat' dir='ltr'><strong>haberetur</strong></span> <span class='ocrx_word' id='word_1_697' title='bbox 4105 4893 4182 4942; x_wconf 91' lang='lat' dir='ltr'><strong>ac</strong></span> 
     </span>
    </p>
   </div>
   <div class='ocr_carea' id='block_1_16' title="bbox 2233 5051 2536 5062">
    <p class='ocr_par' dir='ltr' id='par_1_18' title="bbox 2233 5051 2536 5062">
     <span class='ocr_line' id='line_1_98' title="bbox 2233 5051 2536 5062; baseline 0 1113"><span class='ocrx_word' id='word_1_698' title='bbox 2233 5051 2536 5062; x_wconf 95' lang='lat' dir='ltr'><strong> </strong></span> 
     </span>
    </p>
   </div>
   <div class='ocr_carea' id='block_1_17' title="bbox 2230 5161 4183 5505">
    <p class='ocr_par' dir='ltr' id='par_1_19' title="bbox 2230 5161 4183 5505">
     <span class='ocr_line' id='line_1_99' title="bbox 2251 5161 4183 5235; baseline -0.002 -13"><span class='ocrx_word' id='word_1_699' title='bbox 2251 5167 2390 5222; x_wconf 76' lang='lat' dir='ltr'><strong>we.</strong></span> <span class='ocrx_word' id='word_1_700' title='bbox 2427 5167 2486 5235; x_wconf 94' lang='lat'><strong>1)</strong></span> <span class='ocrx_word' id='word_1_701' title='bbox 2538 5165 2771 5231; x_wconf 57' lang='lat' dir='ltr'><strong>delmati</strong></span> <span class='ocrx_word' id='word_1_702' title='bbox 2825 5182 2863 5218; x_wconf 82' lang='lat' dir='ltr'><strong>a</strong></span> <span class='ocrx_word' id='word_1_703' title='bbox 2912 5163 3099 5218; x_wconf 73' lang='lat' dir='ltr'><strong>Classe</strong></span> <span class='ocrx_word' id='word_1_704' title='bbox 3147 5162 3507 5219; x_wconf 69' lang='lat' dir='ltr'><strong>Neocomensi</strong></span> <span class='ocrx_word' id='word_1_705' title='bbox 3556 5161 3860 5217; x_wconf 63' lang='lat' dir='ltr'><strong>samonium</strong></span> <span class='ocrx_word' id='word_1_706' title='bbox 3904 5163 4063 5216; x_wconf 76' lang='lat' dir='ltr'><strong>missi</strong></span> <span class='ocrx_word' id='word_1_707' title='bbox 4100 5161 4183 5218; x_wconf 74' lang='lat' dir='ltr'><strong>ad</strong></span> 
     </span>
     <span class='ocr_line' id='line_1_100' title="bbox 2230 5231 3117 5302; baseline -0.009 -9"><span class='ocrx_word' id='word_1_708' title='bbox 2230 5238 2561 5293; x_wconf 67' lang='lat' dir='ltr'><strong>Libonotum</strong></span> <span class='ocrx_word' id='word_1_709' title='bbox 2597 5234 2706 5299; x_wconf 85' lang='lat' dir='ltr'><strong>(N.</strong></span> <span class='ocrx_word' id='word_1_710' title='bbox 2741 5233 2859 5302; x_wconf 77' lang='lat'><strong>⁷73,</strong></span> <span class='ocrx_word' id='word_1_711' title='bbox 2893 5242 3003 5289; x_wconf 76' lang='lat' dir='ltr'><strong>not.</strong></span> <span class='ocrx_word' id='word_1_712' title='bbox 3039 5231 3117 5300; x_wconf 84' lang='lat'><strong>7).</strong></span> 
     </span>
     <span class='ocr_line' id='line_1_101' title="bbox 2432 5302 3155 5369; baseline -0.003 -11"><span class='ocrx_word' id='word_1_713' title='bbox 2432 5302 2491 5369; x_wconf 78' lang='lat'><strong>2)</strong></span> <span class='ocrx_word' id='word_1_714' title='bbox 2526 5303 2721 5358; x_wconf 55' lang='lat' dir='ltr'><strong>classus</strong></span> <span class='ocrx_word' id='word_1_715' title='bbox 2757 5303 3155 5359; x_wconf 71' lang='lat' dir='ltr'><strong>Neocomenm&#39;s.</strong></span> 
     </span>
     <span class='ocr_line' id='line_1_102' title="bbox 2432 5371 2837 5440; baseline 0 -12"><span class='ocrx_word' id='word_1_716' title='bbox 2432 5372 2494 5440; x_wconf 80' lang='lat'><strong>3)</strong></span> <span class='ocrx_word' id='word_1_717' title='bbox 2527 5371 2578 5425; x_wconf 78' lang='lat'><strong>5.</strong></span> <span class='ocrx_word' id='word_1_718' title='bbox 2617 5373 2837 5428; x_wconf 68' lang='lat' dir='ltr'><strong>Martii.</strong></span> 
     </span>
     <span class='ocr_line' id='line_1_103' title="bbox 3661 5451 3766 5505; baseline -0.01 -19"><span class='ocrx_word' id='word_1_719' title='bbox 3661 5451 3766 5505; x_wconf 60' lang='lat'><strong>20*</strong></span> 
     </span>
    </p>
   </div>
  </div>
 </body>
</html>
