4825 6175
210 485 314 549 313

1086 667 1238 740 778.

726 804 1104 874 DIAZIUS
1151 804 1586 873 CALVINO.

362 977 604 1044 Iterum
660 998 801 1043 eum
854 977 1141 1045 hortatur
1193 982 1265 1043 ut
1316 979 1402 1045 ad
1442 978 1863 1063 Dryandrum
1909 978 2142 1045 scribat

204 1063 977 1149 quiamicorumsolatio
1047 1064 2140 1149 indiyetobeaquaeinpabria

204 1155 404 1218 eontra
443 1151 653 1233 ipsum
695 1150 941 1216 inimici
980 1150 1340 1217 moliuntur.

476 1321 590 1386 (Ex
625 1321 963 1391 autographo
997 1320 1125 1378 cod.
1161 1319 1399 1376 Gothsni
1432 1318 1553 1387 405,
1587 1320 1679 1375 fol.
1718 1319 1829 1389 ⁷9.)

406 1506 788 1575 Clarissimo
831 1507 975 1574 viro
1016 1506 1103 1573 D.
1149 1506 1434 1574 Iohanni
1473 1506 1752 1574 Calvino
1794 1517 1914 1577 etc.

360 1643 434 1713 S.
479 1646 557 1711 P.
601 1645 673 1710 in
712 1642 998 1710 Christo.
1084 1644 1196 1709 Ex
1243 1642 1452 1709 literis
1503 1643 1590 1709 D.
1638 1642 1913 1724 Falesii,
1966 1645 2140 1712 siout

197 1731 302 1798 ille
343 1753 432 1797 ex
473 1730 611 1797 tuis
653 1728 844 1808 solet,
897 1729 1258 1814 intelliges,
1314 1731 1420 1795 vir
1472 1727 1859 1808 clarissime,
1919 1731 2138 1796 omnia

198 1837 355 1902 quae
424 1817 595 1900 apud
661 1837 780 1882 nos
859 1824 1196 1901 gerantur,
1224 1814 1270 1900 ¹)
1347 1822 1666 1899 quantum
1728 1814 1991 1899 quidem
2054 1838 2137 1882 ex

195 1903 551 1970 multorum
605 1902 814 1968 literis
871 1902 1163 1985 accipere
1219 1901 1423 1985 potui.
1526 1901 1621 1965 'Pe
1671 1910 1895 1966 tamen
1940 1903 2136 1968 vehe-

194 1998 446 2056 menter
488 1997 790 2073 rogatum
825 1987 1043 2065 velim,
1088 1997 1169 2052 ut
1201 1986 1283 2052 ad
1318 1993 1618 2052 nostrum
1642 1985 2063 2071 Dryandrum
2079 1989 2138 2067 α)

195 2074 476 2142 scribere
514 2073 699 2154 velis,
745 2073 931 2139 cuius
964 2072 1191 2138 literas
1227 2072 1309 2138 ad
1345 2081 1408 2137 te
1448 2072 1658 2152 mitto,
1704 2071 1818 2138 sed
1859 2073 1994 2138 iam
2030 2073 2139 2139 diu

194 2160 397 2228 datas.
485 2158 626 2225 Vix
668 2160 842 2225 euim
887 2158 1098 2242 possis
1139 2158 1405 2225 credere
1437 2157 1510 2223 in
1588 2166 1787 2223 uanto
1827 2179 2141 2238 moerore,

194 2248 258 2312 in
301 2254 548 2330 quanta
591 2245 796 2312 animi
839 2246 1172 2309 anxietate
1211 2252 1279 2310 et
1326 2251 1554 2328 pertur
1639 2244 1816 2309 tione
1859 2245 1946 2310 sit
1987 2265 2141 2311 con-

192 2333 481 2399 stitutus.
568 2331 911 2396 Intellexit
973 2330 1153 2395 enim
1215 2351 1425 2414 nuper
1489 2350 1530 2394 a
1593 2330 1758 2408 suis,
1821 2329 2010 2396 illum
2063 2330 2139 2397 O.

192 2417 811 2501 exomologistamss
866 2424 1007 2481 tam
1063 2437 1259 2501 aegre
1311 2415 1540 2481 tulisse
1591 2416 1800 2499 ipsius
1853 2416 1925 2480 in
1971 2416 2142 2482 Ger-

188 2505 486 2569 maniam
528 2501 813 2568 reditum
830 2553 845 2579 ‚
903 2511 982 2566 ut
1035 2523 1168 2567 non
1221 2500 1416 2567 modo
1474 2510 1657 2566 curet
1711 2500 2142 2582 confiscanda,

190 2590 245 2654 si
278 2610 449 2673 quae
485 2608 524 2653 a
561 2587 947 2672 parentibus
986 2586 1422 2653 haereditario
1456 2586 1600 2652 iure
1633 2593 1874 2671 sperat,
1910 2608 2145 2653 verum

190 2676 387 2740 etiam
451 2682 683 2740 contra
737 2694 929 2740 omne
981 2672 1284 2738 divinum
1343 2681 1412 2739 et
1466 2671 1829 2738 humanum
1886 2673 1993 2738 ius
2041 2675 2145 2738 in-

189 2761 362 2845 signi
408 2760 632 2844 aliqua
670 2759 941 2824 infamia
976 2776 1212 2843 graves
1256 2759 1543 2825 seniores
1578 2778 1654 2825 ac
1689 2760 2146 2825 innocentissi-

186 2867 326 2912 mos
370 2853 681 2929 parentes
725 2845 1004 2911 afficere.
1093 2846 1345 2927 Atque,
1401 2852 1478 2909 ut
1530 2844 1693 2909 haec
1741 2845 1941 2924 vitet,
1999 2844 2145 2929 cogi

188 2929 669 3015 quodammodo
710 2931 783 2995 in
826 2929 1093 2996 Italiam
1143 2931 1272 3023 ire,
1325 2929 1510 3013 quasi
1566 2928 1704 2994 illic
1755 2936 1943 2995 tutus
2001 2950 2145 2997 esse

186 3017 414 3102 possit.
505 3018 651 3103 Ego
711 3015 794 3082 do
852 3036 1116 3100 operam
1175 3036 1260 3081 ex
1311 3014 1580 3083 consilio
1631 3015 1716 3080 D.
1779 3015 2013 3082 Buceri
2070 3024 2148 3081 ut

186 3104 717 3188 Nurembergam
776 3104 967 3169 ambo
1022 3103 1490 3169 conveniamus
1548 3100 1629 3166 de
1686 3101 1793 3167 his
1857 3124 1933 3170 ac
1998 3103 2146 3170 aliis

189 3190 403 3256 acturi
448 3191 626 3255 inter
676 3210 815 3255 nos.
869 3248 881 3266 ‚
916 3187 1354 3268 Dissuadebo,
1415 3188 1586 3255 sicut
1631 3187 1767 3253 iam
1817 3196 1883 3254 et
1935 3188 2145 3255 literis

187 3274 331 3355 feci,
379 3297 471 3341 ne
512 3274 581 3340 id
623 3281 865 3355 tentet,
922 3274 1054 3339 nisi
1112 3274 1276 3340 velit
1332 3294 1473 3340 sese
1518 3275 1927 3357 apertissimo
1972 3275 2143 3359 peri-

189 3362 333 3427 culo
380 3379 717 3444 exponere
770 3367 837 3425 et
891 3379 1036 3426 sese
1089 3360 1534 3425 contaminare
1592 3359 1979 3427 idololatriis
2023 3367 2140 3427 etc.

187 3447 278 3512 Te
321 3448 577 3513 iterum
621 3455 816 3530 atque
858 3446 1100 3511 iterum
1143 3467 1276 3525 or0,
1323 3453 1403 3510 ut
1444 3455 1512 3510 et
1545 3444 1744 3511 solari
1779 3452 1862 3524 et,
1907 3453 1986 3511 ut
2029 3466 2143 3530 op-

188 3533 343 3598 time
389 3533 590 3611 nosti,
634 3532 972 3599 consulere
1025 3532 1212 3596 fratri
1269 3532 1342 3596 in
1395 3531 1521 3598 hoc
1575 3529 1950 3597 discrimine
1992 3553 2142 3597 ver-

187 3619 363 3684 santi
409 3639 536 3702 per
553 3616 899 3684 Christum
941 3617 1125 3696 velis,
1170 3624 1238 3684 et
1279 3617 1464 3682 fratri
1506 3618 1607 3682 tui
1650 3616 2146 3699 studiosissimo,

188 3713 255 3768 et
294 3705 413 3788 qui
458 3704 747 3769 multum
791 3704 862 3768 in
907 3703 1178 3771 ecclesia
1232 3723 1350 3770 suo
1403 3710 1730 3787 tempore,
1786 3704 1839 3768 si
1883 3703 2143 3783 vixerit,

183 3792 453 3872 poterit.
547 3790 655 3855 Ad
692 3811 799 3854 me
830 3810 992 3855 vero
1024 3788 1268 3855 scribes
1300 3810 1500 3873 quum
1533 3809 1652 3872 per
1673 3796 1823 3854 tuas
1866 3789 2145 3855 iustissi-

183 3896 325 3941 mas
348 3884 422 3941 et
454 3876 883 3960 gravissimas
904 3876 1358 3958 occupationes
1390 3875 1666 3940 licuerit.
1714 3874 1942 3958 Neque
1964 3877 2143 3941 enim

185 3962 315 4026 tuis
349 3962 613 4045 privari
649 3961 855 4027 literis
899 3962 1116 4040 velim,
1162 3981 1327 4045 quae
1367 3967 1554 4025 tanto
1598 3959 1762 4025 mihi
1797 3967 1953 4026 sunt
1994 3982 2143 4047 gra-

185 4046 389 4113 tiores
414 4058 668 4130 quanto
703 4055 791 4126 te,
835 4056 912 4112 ut
931 4067 1055 4131 par
1076 4055 1176 4113 est
1196 4056 1263 4113 et
1305 4046 1522 4126 debeo,
1571 4067 1827 4112 summe
1870 4046 2144 4114 observo

185 4150 259 4198 ac
317 4132 551 4219 diligo.
638 4133 896 4217 Ubique
938 4134 1142 4199 habes
1182 4133 1286 4196 tui
1330 4132 1674 4198 studiosos.
1764 4134 1858 4197 'I'e
1902 4133 2145 4199 salutat

181 4217 432 4302 hospes
491 4241 677 4284 meus
733 4220 817 4284 D.
875 4219 1247 4285 licentiatus
1291 4217 1508 4283 Adam
1547 4217 1996 4297 Bartolomeus,
2041 4220 2146 4285 vir

181 4305 332 4386 pius
377 4313 453 4370 et
499 4304 760 4384 doctus,
819 4326 860 4370 a
896 4305 1184 4371 consiliis
1239 4301 1667 4369 illustrissimi
1723 4311 1790 4368 et
1843 4303 2145 4370 christia-

184 4390 452 4455 nissimi
511 4390 822 4475 principis
885 4391 1120 4456 Ottonis
1171 4390 1513 4472 utriusque
1556 4390 1886 4455 Bavariae
1943 4390 2143 4470 duciS,

187 4477 294 4557 qui
339 4486 412 4540 et
459 4476 642 4542 illius
685 4487 786 4541 est
836 4477 1281 4552 concionator,
1336 4475 1767 4557 omnibusque
1809 4479 2147 4542 conciona-

185 4561 447 4627 toribus
493 4563 686 4626 istius
730 4562 1005 4627 ducatus
1059 4570 1332 4644 praeest.
1436 4561 1715 4626 Nomine
1769 4582 1919 4626 meo
1970 4563 2145 4629 salu-

185 4646 356 4712 tabis
402 4669 686 4712 uxorem
718 4655 901 4712 tuam
944 4648 1348 4714 carissimam
1388 4655 1456 4711 et
1497 4646 1700 4712 filiam
1746 4646 1956 4728 ludit,
2015 4650 2145 4713 fra-

1945 483 2105 546 1546
2150 479 2436 548 MAR'P.

4060 480 4186 542 314

2244 675 2451 734 totam
2464 712 2483 747 ,
2548 667 2964 753 reliquosque
3018 668 3254 734 &atres
3313 674 3381 732 et
3433 668 3627 732 notos
3680 673 3748 732 et
3799 665 4190 731 nominatim

2244 752 2665 838 Maynifieum
2681 754 2741 836 ὅ)
2777 760 2845 819 et
2879 753 3021 819 eius
3065 774 3357 820 uxorem.
3444 752 3631 818 Bene
3672 752 3849 830 vale,
3908 751 4013 817 vir
4054 749 4188 817 cla-

2242 840 2534 920 rissime,
2591 840 2664 905 in
2708 838 3007 906 Christo:
3067 860 3263 922 quem
3312 858 3545 922 precor
3599 846 3675 903 ut
3715 846 3781 903 te
3823 836 4189 903 diutissime

2242 933 2463 991 servet
2506 924 2592 992 ad
2644 924 2951 992 ecclesiae
3005 924 3474 1009 protectionem
3531 933 3598 990 et
3650 921 4189 991 aedificationem.

2242 1011 2590 1097 Neuburgi
2632 1010 2928 1078 Danubii
2944 1014 3000 1088 ⁶)
3052 1015 3147 1076 13.
3193 1011 3431 1076 Marcii
3474 1012 3575 1075 46.

2651 1149 2799 1214 Tibi
2842 1168 2925 1213 ex
2968 1149 3187 1218 animo
3219 1154 3542 1299 fergetuo
3586 1145 4115 1212 devinctissimus

3259 1283 3275 1298 .
3387 1255 3472 1300 zs.

3145 1729 3296 1801 779.

2727 1884 3228 1952 FARELLUS
3272 1883 3710 1951 OALVINO.

2418 2056 2766 2123 Libertetus
2855 2058 2991 2123 iam
3068 2055 3465 2122 adducendus
3532 2056 3894 2139 propediem
3968 2074 4198 2121 munus

2245 2142 2713 2224 auspicabitur,
2771 2141 2882 2207 ubi
2928 2140 3233 2208 Calvinus
3275 2161 3509 2223 quoque
3562 2146 3634 2206 ut
3678 2141 3974 2207 Neocomi
4026 2140 4198 2207 adsit

2246 2246 2390 2293 eum
2449 2227 2658 2294 Vireto
2700 2229 2933 2294 iterum
2963 2232 3158 2311 rogat.
3260 2227 3591 2311 Siynifieat
3642 2226 4013 2293 nebulonum
4051 2246 4198 2309 quo-

2244 2314 2521 2379 rundam
2555 2314 2982 2395 petulantiam
3009 2313 3461 2380 Genevensium
3499 2313 3716 2395 famae
3750 2314 3968 2396 potius
4008 2332 4197 2394 quam

2245 2400 2570 2465 securitati
2609 2399 2920 2482 infestam.

2248 2570 2358 2638 (Ex
2391 2570 2734 2642 autographo
2768 2570 2912 2625 Bibl.
2942 2575 3241 2693 &tsi-iffi
3284 2569 3749 2705 §wigmannum
3819 2569 3959 2639 Epp.
3996 2569 4197 2623 Farelli

2419 2825 2820 2892 Doctissimo
2876 2833 2945 2890 et
2997 2845 3129 2890 non
3183 2826 3404 2891 minus
3460 2825 3570 2909 pio
3626 2824 3863 2890 Ioanni
3915 2824 4198 2892 Calvino

2246 2912 2494 3014 pastori
2537 2911 2918 2979 Genevensi
2974 2911 3163 2975 fratri
3202 2920 3270 2976 et
3310 2920 3714 2996 symmystae
3758 2932 3957 2995 quam
3999 2912 4200 2978 caris·

2249 3021 2414 3065 fflmo
3558 3082 3890 3150 Genevae.

2423 3221 2494 3289 S.
2559 3222 2817 3288 Vereor
2855 3242 2941 3287 ne
2981 3228 3048 3287 te
3106 3219 3465 3287 obtundam
3507 3220 3672 3285 meis
3712 3220 3923 3287 literis
3964 3220 4201 3303 quibus

2249 3308 2443 3375 toties
2496 3307 2673 3373 idem
2742 3307 2999 3374 inculco
3013 3359 3030 3387 ,
3097 3315 3164 3371 et
3221 3306 3394 3390 quod
3451 3306 3571 3372 tibi
3624 3325 3761 3370 non
3814 3307 4037 3372 minus
4104 3314 4204 3372 est

2248 3394 2429 3461 cordi
2453 3416 2649 3478 quam
2683 3393 2877 3459 mihi:
2915 3392 3029 3459 sed
3064 3412 3265 3475 quum
3286 3393 3463 3459 hunc
3494 3411 3748 3476 sperem
3785 3392 3950 3458 istac
3985 3403 4204 3459 trans—

2246 3482 2499 3546 iturum
2550 3489 2627 3546 ut
2683 3478 3195 3562 Christopkormn
3251 3477 3533 3544 adducat
3550 3529 3564 3554 ‚
3631 3477 3809 3544 volui
3875 3499 3995 3561 per
4048 3500 4201 3544 eum

2247 3576 2317 3632 te
2359 3587 2592 3633 rursus
2645 3583 2876 3650 rogare
2919 3572 2996 3631 ut
3012 3614 3027 3638 ,
3082 3565 3138 3630 si
3196 3565 3342 3630 fieri
3399 3564 3603 3647 possit
3618 3614 3633 3642 ,
3690 3563 3795 3629 die
3833 3564 4071 3630 Martis
4118 3568 4199 3629 23

2247 3652 2448 3719 huius
2492 3652 2685 3731 adsis,
2731 3662 2800 3716 et
2840 3652 2896 3719 si
2940 3652 3124 3736 prius
3176 3651 3243 3716 id
3286 3659 3470 3733 potes
3513 3649 3804 3715 indicare
3863 3649 4086 3730 ViretO,
4129 3659 4205 3714 ut

2245 3741 2388 3822 ipse
2440 3759 2695 3822 quoque
2753 3737 2927 3802 adsit
2980 3739 3175 3803 facito
3192 3788 3208 3816 ,
3267 3747 3334 3802 et
3388 3735 3753 3801 Dominum
3804 3756 4070 3817 precare
4129 3745 4206 3802 ut

2246 3833 2551 3891 sanctum
2592 3845 2962 3890 successum
3005 3821 3148 3902 det,
3205 3843 3450 3906 nosque
3505 3843 3732 3886 omnes
3787 3822 3881 3887 ita
3935 3833 4088 3904 agat
4131 3835 4206 3887 ut

2248 3911 2416 3975 nihil
2458 3912 2577 3975 fiat
2618 3930 2829 3993 neque
2874 3909 3129 3975 dicatur
3186 3908 3360 3992 quod
3414 3907 3845 3972 aedificationi
3902 3906 4203 3973 ecclesia·

2246 4018 2395 4062 rum
2440 4015 2574 4060 non
2619 3994 2938 4062 conducat
2974 3995 3349 4078 plurimum.
3440 3992 3727 4059 Senatus
3761 4015 3894 4057 non
3940 3992 4203 4058 videtur

2247 4081 2420 4147 male
2464 4082 2754 4146 affectus,
2843 4080 3035 4147 Unus
3076 4090 3179 4146 est
3221 4082 3331 4163 qui
3373 4082 3595 4143 omnia
3646 4079 3965 4162 impedire
4009 4100 4202 4144 cona-

2248 4179 2379 4248 tur,
2425 4168 2520 4232 ita
2561 4175 2787 4232 tamen
2829 4175 2906 4231 ut
2955 4188 3087 4232 non
3128 4165 3430 4231 videatur
3479 4165 3725 4249 aliquid
3770 4164 3926 4229 mali
3969 4167 4200 4248 egisse,

2248 4253 2366 4320 sed
2406 4255 2478 4318 in
2522 4253 2680 4318 alios
2721 4251 2917 4335 culpa
2968 4253 3181 4318 omnis
3240 4253 3693 4317 transferatur.
3782 4249 3914 4316 Ubi
3960 4253 4202 4333 apertis

2249 4341 2505 4424 cogitur
2548 4337 2777 4405 cedere
2821 4338 3183 4403 rationibus
3243 4338 3544 4404 assentiri
3602 4336 3863 4401 videtur
3916 4344 3980 4400 et
4025 4356 4203 4402 com·

2250 4426 2562 4490 mendare
2628 4424 2928 4500 meliora,
2995 4433 3062 4488 et
3128 4424 3390 4488 demum
3455 4423 3857 4506 poenitentia
3922 4421 4199 4488 ducitur.

2249 4511 2408 4575 Ideo
2452 4509 2861 4576 invocandus
2904 4509 3091 4575 nobis
3136 4519 3237 4575 est
3279 4510 3608 4574 Dominus
3667 4517 3743 4572 ut
3784 4510 3878 4572 ita
3922 4529 4041 4572 nos
4084 4529 4201 4573 suo

2250 4598 2487 4680 spiritu
2521 4605 2725 4680 regat,
2770 4617 2854 4660 ne
2888 4595 3044 4679 quid
3079 4616 3199 4661 nos
3223 4594 3508 4660 Satanas
3544 4616 3660 4678 per
3696 4616 3849 4659 suos
3892 4594 4205 4676 impediat

2251 4682 2418 4765 quod
2468 4683 2552 4748 sit
2610 4704 2647 4746 e
2703 4704 2775 4747 re
2831 4681 3156 4748 ecclesiae.
3249 4683 3554 4747 Arbitror
3601 4679 3940 4761 Casparem
3990 4695 4201 4744 tecum

185 4737 359 4799 trem
416 4735 771 4799 Antonium
830 4741 897 4798 et
945 4733 1029 4798 D.
1099 4733 1175 4798 de
1231 4733 1360 4799 Fer
1376 4736 1436 4816 ⁴)
1494 4743 1562 4798 et
1616 4733 1824 4816 ipsius
1878 4733 2146 4800 domum

209 5005 349 5062 ⁰778.
390 5007 454 5072 1)
508 5006 643 5061 Vide
674 5008 895 5063 omnino
928 5022 1067 5078 quae
1100 5008 1486 5062 annotavimus
1520 5008 1596 5063 ad
1633 5008 1708 5063 N.
1745 5006 1862 5063 765.

395 5076 458 5139 2)
498 5076 694 5130 ibidem
728 5079 790 5130 in
816 5078 1186 5144 post-scripto.

397 5145 466 5210 3)
511 5144 796 5199 Fortassis
828 5147 886 5199 in

397 5214 466 5280 4)
511 5214 641 5268 Sine
683 5215 849 5268 dubio
892 5215 1129 5269 Antonii
1167 5213 1390 5268 Calvini
1431 5230 1673 5269 socerum
1710 5214 2021 5283 Nicolaum,
2056 5216 2156 5284 qui

191 5281 320 5338 alibi
361 5282 453 5337 Le
493 5283 630 5337 Fert
665 5284 836 5338 audit.
912 5283 1192 5338 Caeterum
1227 5282 1316 5336 De
1354 5284 1466 5337 Fer
1501 5300 1696 5337 nomen
1730 5291 1811 5338 est
1839 5285 2016 5351 ymas
2050 5285 2150 5338 ali·

191 5353 347 5405 moitis
389 5352 754 5418 Genevensis,
803 5353 959 5407 cuius
1007 5358 1185 5406 tamen
1228 5354 1520 5408 membrum
1568 5353 1775 5407 nullum
1811 5355 1903 5407 illo
1940 5354 2155 5408 saeculo

190 5420 454 5488 producit
497 5419 713 5490 Galiffe,
747 5421 878 5476 Not.
909 5420 1029 5491 ye'n.
1066 5421 1105 5474 I.
1144 5421 1263 5475 160.

889 5146 1201 5215 quisitor-em
1234 5146 1315 5198 αἶ’
1501 5146 1832 5213 Hispanum.

2459 4938 2519 5000 5)
2560 4938 2734 4992 Laur.
2778 4938 3045 5007 Μαΐῳ-εί,
3099 4937 3318 4991 Caluini
3361 4938 3551 4998 fautor
3598 4944 3647 4991 et
3691 4937 3919 5003 vindere,
3969 4943 4202 4990 marsiae

2249 5013 2442 5075 postea
2477 5009 2538 5059 in
2572 5023 2745 5061 caasa
2778 5015 2971 5061 contra
3006 5007 3299 5060 Peri-inum
3337 5008 3567 5074 aqenda.

2461 5076 2522 5138 6)
2564 5075 2838 5146 Oppidum
2890 5077 3105 5129 Ottonis
3144 5076 3393 5129 Palatini
3440 5077 3691 5128 undecim
3737 5091 3908 5141 supra
3948 5074 4203 5128 Ratisbo·

2256 5162 2387 5198 nam
2422 5147 2751 5199 milliaribus
2785 5146 2862 5198 ad
2897 5144 3221 5198 Danubium
3256 5147 3435 5198 situm.
3494 5145 3579 5197 Eo
3605 5143 3847 5196 Diaeins
3882 5159 3937 5195 se
3972 5145 4203 5197 contule·

2255 5220 2346 5267 rat
2381 5221 2441 5266 ut
2479 5215 2765 5268 cuiusdam
2806 5215 2939 5268 libri
2973 5214 3276 5268 Buceriani
3320 5214 3408 5278 (de
3448 5230 3577 5265 vera
3612 5225 3668 5264 et
3702 5214 3839 5264 falsa
3874 5229 4071 5264 coenae
4110 5215 4205 5265 do-

2257 5283 2485 5336 minicae
2522 5283 2988 5341 administratione
3023 5284 3196 5335 altera
3214 5283 3331 5335 adv.
3356 5283 3540 5335 Barth.
3572 5283 3857 5334 Latomum
3892 5285 4203 5349 responsio)

2258 5369 2410 5474 {uem
2444 5353 2536 5405 ille
2572 5354 2907 5421 typoyrapho
2944 5352 3325 5416 Neoburyenei
3354 5354 3577 5405 miserat
3610 5350 3997 5404 ementiendum.
4034 5367 4203 5404 emen-

2300 5421 2477 5474 atiani
2508 5429 2792 5488 praeesset.
2831 5421 3014 5487 (Sleid.
3051 5421 3116 5474 11.
3153 5419 3299 5487 437.)
