4825 6175
581 388 713 451 615

1487 570 1642 643 965.

1113 707 1524 776 VIRETUS
1570 707 2012 775 GALVINO.

756 881 1261 961 Difficultatibus
1317 884 1374 944 et
1436 878 1901 960 suspicionibus
1956 880 2233 960 undique
2284 879 2547 945 eircum-

580 969 784 1033 ventis
841 969 1002 1030 satis
1047 986 1178 1030 esse
1232 964 1400 1029 debet
1449 965 1608 1030 bona
1666 966 2055 1031 conscientia.
2163 964 2372 1031 Obiter
2414 963 2548 1030 Eu-

579 1054 763 1131 maei,
810 1052 1060 1116 Suleeri
1103 1056 1159 1117 et
1202 1049 1375 1115 Bari
1415 1050 1658 1133 neyotia
1703 1051 2112 1133 attinyuntur.

858 1222 965 1285 (Ex
1001 1220 1339 1299 autographo
1375 1218 1507 1275 Ood.
1544 1219 1747 1274 Genev.
1785 1220 1955 1287 111⁸,
1991 1220 2081 1275 fol.
2125 1218 2264 1287 163.)

580 1376 966 1442 Clarissimo
1026 1374 1171 1439 viro
1217 1375 1300 1439 D.
1346 1374 1582 1440 Ioanni
1636 1372 1918 1439 Calvino
1965 1374 2380 1441 Genevensis
2436 1396 2541 1441 ec-

581 1462 818 1528 clesiae
875 1460 1121 1544 pastori
1189 1459 1693 1543 vigilantissimo
1758 1460 1950 1525 fratri
2014 1469 2082 1524 et
2133 1470 2542 1545 symmystae

1146 1545 1505 1628 plurimum
1551 1545 1976 1611 observando,

755 1679 823 1746 S.
914 1681 1134 1753 Multa
1191 1680 1398 1745 habeo
1456 1702 1622 1764 quae
1681 1702 1992 1764 praesens
2050 1681 2275 1746 malim
2321 1702 2537 1747 coram

579 1786 854 1831 narrare
890 1786 1085 1848 quam
1122 1766 1363 1848 scripto
1409 1768 1832 1845 committere,
1880 1787 2045 1848 quae
2080 1774 2151 1833 tu
2187 1787 2321 1833 non
2356 1768 2542 1852 igno-

576 1873 688 1917 ras
733 1852 1012 1935 penitus.
1103 1851 1272 1916 Nam
1318 1872 1403 1917 ex
1445 1853 1529 1917 iis
1573 1872 1738 1934 quae
1782 1852 1955 1936 apud
2003 1873 2117 1918 vos
2160 1862 2349 1936 gesta
2383 1860 2542 1919 sunt

580 1937 741 2001 satis
785 1937 1079 2015 coniicis,
1137 1937 1261 2002 nisi
1315 1936 1539 2015 fallor,
1600 1939 1669 2002 in
1729 1959 1857 2019 qua
1900 1938 1991 2003 sis
2053 1939 2541 2004 existimatione

579 2021 755 2107 apud
816 2043 925 2088 eos
954 2025 1002 2104 ¹)
1063 2022 1176 2105 qui
1235 2033 1470 2105 putant
1531 2045 1646 2105 per
1703 2030 1768 2087 te
1826 2024 2134 2088 effectum
2190 2025 2541 2108 quominus

578 2108 702 2174 sibi
739 2109 956 2172 omnia
1001 2108 1434 2173 successerint
1470 2130 1551 2173 ex
1598 2108 1801 2174 animi
1846 2113 2193 2174 sententia.
2285 2109 2388 2174 Tu
2434 2130 2539 2176 co·

580 2193 719 2277 gita
762 2193 916 2276 quid
964 2192 1044 2256 de
1090 2202 1173 2271 te,
1221 2194 1330 2275 qui
1376 2195 1662 2259 versaris
1705 2196 1774 2258 in
1817 2216 1890 2259 re
1933 2194 2283 2277 praesenti,
2329 2196 2541 2276 suspi-

580 2279 716 2344 cari
761 2279 1031 2361 possint,
1077 2300 1279 2361 quum
1326 2300 1446 2362 ego
1502 2290 1568 2344 et
1612 2279 1912 2345 Farellus
1953 2300 2086 2344 non
2134 2281 2540 2362 potuerimus

580 2364 872 2448 effugere
913 2365 1069 2445 quin
1116 2365 1416 2447 proxima
1461 2375 1686 2428 nostra
1729 2365 1810 2429 ad
1855 2386 1974 2430 vos
2020 2366 2463 2450 peregrinatio
2483 2368 2537 2441 2)

584 2448 866 2514 sinistris
911 2450 1388 2532 suspicionibus
1424 2456 1490 2514 et
1533 2449 1877 2514 calumniis
1911 2459 2190 2534 gravata
2233 2452 2321 2516 sit
2364 2451 2537 2533 apud

579 2535 742 2600 istos
798 2532 1115 2598 homines
1217 2532 1352 2599 Sed
1418 2534 1573 2618 quid
1636 2535 1842 2619 agas?
1932 2535 2136 2601 Nobis
2195 2536 2356 2602 satis
2410 2537 2538 2601 erit

582 2620 754 2685 bona
798 2619 1212 2685 conscientia.

755 2706 858 2770 Dc
902 2725 1095 2770 causa
1139 2706 1323 2771 cuius
1359 2706 1575 2790 gratia
1609 2704 1715 2771 hic
1750 2703 2129 2771 tabellarius
2165 2705 2247 2769 ad
2282 2713 2350 2770 te
2386 2726 2536 2789 pro·

580 2790 789 2856 fectus
832 2797 932 2855 est
977 2811 1112 2854 non
1159 2792 1366 2855 multa
1425 2792 1723 2856 scribam.
1815 2790 1985 2855 Nam
2032 2790 2112 2856 ab
2158 2813 2232 2857 eo
2275 2791 2538 2875 plenius

581 2876 803 2940 omnia
847 2895 1217 2958 cognosces.
1291 2874 1383 2941 'Si
1429 2876 1510 2941 ab
1568 2876 1757 2940 initio
1803 2897 1942 2941 rem
1988 2885 2063 2942 ut
2102 2884 2246 2941 erat
2289 2877 2537 2942 tenuis-

582 2982 740 3037 sem,
788 2960 1162 3026 habuissem
1220 2960 1392 3043 quod
1453 2961 1932 3044 respondissem
1992 2962 2223 3047 legatis
2266 2962 2338 3026 in
2383 2962 2538 3028 bos-

579 3046 759 3131 pitio,
809 3068 1011 3129 quum
1068 3046 1230 3111 mihi
1294 3046 1374 3112 de
1417 3068 1493 3112 eo
1539 3046 1740 3112 verba
1797 3047 2087 3114 facerent
2129 3048 2317 3115 cuius
2360 3069 2537 3114 nunc

579 3153 776 3199 causa
834 3134 1070 3217 agitur.
1090 3137 1145 3210 ⁸)
1258 3131 1393 3198 Sed
1455 3153 1584 3198 non
1654 3135 1836 3216 potui
1898 3135 2025 3198 nisi
2080 3133 2160 3198 de
2217 3133 2414 3200 certis
2470 3143 2540 3198 et

581 3218 863 3303 cognitis
905 3217 1318 3300 respondere,
1365 3220 1750 3300 praesertim
1797 3240 1873 3283 eo
1918 3228 2207 3301 tempore
2251 3229 2319 3284 et
2361 3217 2538 3303 apud

580 3304 764 3369 tales.
859 3306 949 3367 At
992 3314 1340 3387 postquam
1384 3325 1492 3368 res
1535 3325 1610 3370 eo
1647 3303 1931 3383 devenit,
1979 3324 2246 3370 necesse
2291 3305 2421 3369 erit
2464 3311 2540 3368 ut

578 3389 652 3453 in
719 3388 989 3455 ecclesia
1053 3409 1235 3454 more
1303 3400 1528 3454 nostro
1595 3390 2086 3455 matrimonium
2154 3389 2538 3468 celebretur,

582 3481 696 3538 aut
740 3495 868 3539 non
913 3474 1177 3538 feretur.
1267 3472 1342 3539 Si
1389 3475 1515 3540 alio
1560 3475 1810 3551 abierit,
1857 3483 2078 3541 metuo
2114 3497 2197 3540 ne
2241 3475 2540 3558 pluribus

581 3568 651 3624 et
693 3560 1102 3642 gravioribus
1147 3581 1216 3624 se
1260 3569 1546 3642 exponat
1588 3559 1952 3624 calumniis.

752 3643 834 3708 In
881 3643 1112 3727 quibus
1157 3666 1499 3710 versemur
1557 3643 2051 3710 difficultatibus
2105 3652 2180 3710 ut
2236 3644 2540 3713 omnibus

584 3728 1092 3808 satisfaciamus,
1147 3729 1359 3812 quoad
1407 3733 1545 3797 eius
1589 3732 1728 3816 fieri
1776 3730 2033 3814 poterit,
2078 3751 2162 3796 ex
2206 3729 2327 3796 hoo
2371 3753 2540 3796 nun-

580 3815 679 3881 cio
721 3813 1069 3899 intelliges,
1116 3816 1220 3882 cui
1258 3826 1440 3881 tuum
1480 3816 1663 3882 dabis
1699 3816 2063 3896 consilium,
2109 3824 2185 3881 ut
2220 3837 2296 3896 eo
2330 3815 2540 3882 adiuti

577 3899 966 3984 prudentius
1021 3903 1241 3966 omnia
1297 3922 1335 3966 a
1383 3924 1585 3968 amus.
1689 3901 2059 3967 Plurimum
2128 3922 2238 3968 eos
2300 3909 2540 3986 gravat

581 3986 677 4049 tui
723 3993 791 4048 et
836 3985 1166 4069 Maynifici
1182 3993 1238 4060 ⁴)
1285 4007 1322 4051 o
1369 3987 1525 4052 ium.
1617 3986 1764 4052 'l'ibi
1826 4007 2078 4070 quoque
2134 3988 2262 4051 erit
2320 3998 2536 4053 atten-

581 4070 867 4136 dendum
912 4092 1041 4153 qua
1084 4074 1334 4137 ratione
1379 4093 1679 4138 occurras
1717 4072 2083 4139 calumniae
2120 4093 2286 4154 quae
2332 4094 2416 4138 ex
2460 4096 2535 4138 eo

576 4156 750 4222 facto
795 4156 914 4219 tibi
957 4166 1268 4234 struetur,
1316 4157 1486 4240 quod
1533 4156 1613 4222 ab
1653 4157 1778 4222 hoc
1819 4158 2022 4222 fratre
2067 4158 2309 4223 audies.
2397 4158 2536 4224 Vos

576 4241 836 4306 habetis
882 4240 1076 4306 valde
1130 4243 1292 4307 fidos
1339 4242 1638 4308 homines
1698 4254 1766 4307 et
1810 4252 2161 4308 senatores.
2178 4245 2236 4321 ⁵)
2324 4243 2535 4325 Quid-

611 4464 751 4518 965.
790 4464 847 4533 1)
882 4462 1191 4516 Beruenses
1220 4469 1369 4529 puta,
1403 4474 1466 4517 ut
1499 4481 1568 4519 ex
1601 4466 1944 4534 sequentibus
1976 4473 2222 4532 apparet.

783 4531 844 4595 2)
882 4548 949 4584 m.
988 4530 1287 4599 Septembre
1319 4533 1488 4594 saeta.

775 4599 843 4663 3)
883 4599 1037 4655 Haec
1070 4601 1208 4653 satis
1240 4599 1465 4654 obscure
1500 4600 1644 4654 dicta
1679 4600 1940 4666 fortassis
1972 4600 2053 4654 ali
2087 4601 2190 4654 uid
2222 4601 2360 4655 lueis
2396 4604 2534 4657 acci·

615 4670 726 4720 ient
759 4685 825 4720 ex
867 4666 1089 4721 Calvino·
1121 4683 1381 4734 responso
1408 4670 1660 4736 proxime
1694 4684 1752 4721 se
1825 4671 1941 4722 enti
1972 4677 2022 4723 et
2101 4686 2128 4722 e
2167 4710 2177 4721 .
2217 4670 2295 4723 du
2322 4669 2540 4725 Conset‘l

566 4684 657 4789 go.
715 4741 830 4789 Oct.
874 4735 1079 4802 Gapm'i
1117 4737 1454 4791 Pariaeiensis
1483 4739 1661 4802 frater
1709 4739 1726 4804 (
1804 4778 1815 4790 .
1853 4736 1921 4791 de
1957 4686 2190 4806 Fume'q)
2237 4738 2538 4793 advenerat

572 4820 695 4860 eum
731 4820 903 4858 acrore
936 4822 1099 4874 quam
1145 4819 1260 4858 non
1304 4807 1523 4873 publico
1567 4808 1913 4860 matrimonio
1960 4808 2058 4860 sed
2104 4809 2241 4860 clam
2287 4810 2349 4861 in
2384 4815 2535 4863 coetu

567 4873 814 4938 fidelium
850 4873 960 4926 sibi
990 4873 1344 4929 adiunxerat.
1419 4874 1684 4942 Leyatum
1718 4873 2046 4929 Beruensem
2085 4875 2411 4944 Neyelinum
2448 4893 2533 4931 su·

570 4956 684 5009 pra
719 4943 931 4996 obvium
970 4942 1224 4996 habuisti.

781 5008 842 5075 4)
888 5009 968 5073 Cf.
1006 5009 1082 5064 N.
1119 5009 1236 5063 960.

781 5077 841 5142 5)
885 5078 1003 5131 Hoc
1039 5079 1150 5131 scil.
1188 5081 1399 5131 ironice
1432 5078 1579 5145 dicit,
1616 5093 1798 5131 verum
1837 5078 1957 5131 sine
1990 5094 2176 5133 eausa.
2241 5079 2533 5136 Senatores

573 5146 716 5201 enim
752 5148 852 5216 qui
883 5161 920 5197 a
960 5146 1180 5199 Calvini
1203 5149 1465 5214 partibus
1510 5153 1672 5200 erant
1716 5162 1818 5199 suo
1861 5147 2045 5212 officio
2088 5148 2308 5202 minime
2355 5152 2530 5217 defue-

571 5221 722 5280 runt,
757 5216 1006 5284 quamvis
1029 5216 1338 5283 Mat'yretus
1361 5216 1729 5270 Beruenstbus
1764 5216 1916 5270 haud
1950 5218 2218 5272 immerito
2253 5226 2533 5287 suspectus

565 5291 721 5350 esset,
759 5289 808 5337 et
843 5282 1075 5337 Pero-ini
1104 5285 1266 5352 culpa
1300 5285 1519 5338 minime
1550 5290 1774 5353 pateret.

2023 424 2036 435 ·
2127 383 2659 453 EPISTOLAE
2716 384 3055 449 eet—967

4482 378 4595 442 616

2648 570 2805 656 quid
2847 575 2950 638 est
2993 568 3169 648 mali,
3213 568 3456 634 vestris
3513 565 3804 633 debetur.
3895 565 3957 631 N
3961 587 4049 631 on
4091 566 4342 632 iniuria
4380 586 4599 649 quere-

2647 657 2742 723 ris
2782 656 2967 723 vobis
3012 675 3148 720 non
3192 652 3419 719 deesse
3446 651 3726 719 flabella.
3793 649 4132 734 Quidquid
4176 659 4276 717 est
4318 649 4597 718 incendii

2646 741 2845 808 istinc
2903 749 3133 806 natum
3189 746 3307 804 est.
3412 736 3549 805 Sed
3606 737 3687 804 de
3741 737 3849 802 his
3903 736 4081 804 alias.
4185 735 4301 803 Sic
4356 736 4598 803 habent

2647 828 2839 894 istius
2881 825 3065 892 urbis
3109 825 3264 889 fata.
3910 880 3916 889 .

2820 912 3020 978 Mitto
3064 909 3149 975 ad
3193 920 3258 975 te
3295 907 3564 975 Saltem?
3604 908 3831 975 literas
3872 929 3958 974 ex
3996 908 4231 991 quibus
4272 905 4599 991 intelliges

2646 998 3233 1149 {3:332521533
3265 993 4601 1164 ἔὲρὲἓξῗῗῗωοὲἓὲῧᾉωαὲἓᾚῗᾲῖἐ

4382 1128 4402 1159 2

2648 1188 2869 1235 meum
2912 1167 3025 1232 ille
3079 1188 3118 1233 ο
3165 1172 3296 1245 tat,
3356 1172 3434 1230 ut
3487 1164 3879 1249 prudentius
3938 1172 4005 1230 et
4062 1163 4321 1230 fidelius
4370 1184 4600 1247 queam

2648 1254 3005 1321 consulere.
3162 1252 3335 1319 escio
3383 1272 3468 1317 an
3513 1250 3868 1335 quidquam
3925 1249 4255 1317 audiveris
4309 1248 4392 1315 de
4436 1269 4592 1332 que-

2646 1340 2803 1406 relis
2845 1340 3196 1406 adversum
3240 1358 3364 1417 me,
3410 1337 3551 1403 eius
3593 1334 3798 1403 libelli
3816 1338 3872 1414 ⁷)
3908 1356 4102 1402 causa
4145 1336 4218 1399 in
4261 1355 4395 1419 quo
4441 1355 4603 1400 non-

2646 1424 2810 1491 nihil
2849 1424 3098 1509 aspersi
3133 1444 3244 1489 eos
3280 1423 3392 1507 qui
3428 1422 3800 1488 ministerio
3837 1429 3995 1488 sunt
4029 1417 4345 1487 dedecori.
4411 1420 4603 1505 Mag·

2645 1532 2773 1577 nae
2815 1518 2973 1578 sunt
3017 1509 3123 1575 hic
3161 1510 3234 1574 in
3278 1508 3520 1575 vicinia
3576 1506 3882 1591 querelae
3938 1525 4086 1572 cum
4145 1506 4345 1573 minis
4404 1506 4600 1572 etiam

2645 1597 3045 1663 coniunctae.
3135 1593 3271 1660 Sed
3325 1615 3459 1658 non
3504 1592 3694 1659 valde
3749 1613 4036 1659 moveor.
4126 1592 4415 1658 Paratus
4457 1612 4603 1658 sum

2643 1683 2699 1749 si
2745 1683 2894 1767 quis
2937 1681 3179 1747 habeat
3220 1679 3574 1763 quidquam
3620 1677 3971 1744 adversum
4016 1698 4142 1744 me.

2816 1768 2920 1832 De
2986 1766 3181 1832 rebus
3253 1765 3494 1830 nostris
3559 1763 3727 1829 nihil
3786 1762 3994 1829 habeo
4059 1761 4233 1847 quod
4296 1761 4601 1830 scribam.

2615 1853 2875 1918 .Nostri
2916 1873 3141 1918 omnes
3185 1858 3362 1917 recte
3407 1849 3632 1917 valent
3673 1858 3935 1932 praeter
3979 1869 4272 1924 uxorem,
4319 1868 4491 1932 quae
4535 1868 4603 1913 se

2642 1939 2764 2004 tibi
2802 1948 2872 2004 et
2913 1945 3064 2003 tuae
3107 1937 3304 2001 uxori
3346 1945 3413 2000 et
3455 1935 3699 2000 vestris
3741 1934 4035 2000 omnium
4079 1933 4386 2018 precibus
4430 1954 4604 2000 com-

2644 2022 2928 2090 mendat.
3019 2021 3097 2089 Si
3149 2019 3307 2105 quid
3366 2019 3673 2104 accepisti
3732 2019 3814 2086 de
3867 2020 4170 2105 coniugio
4214 2019 4412 2085 Beati
4458 2018 4605 2085 Bar

2644 2131 2791 2175 cum
2837 2106 3325 2184 Matisconensi,
3370 2106 3474 2171 fac
3520 2127 3640 2170 nos
3684 2106 4010 2172 certiores.
4082 2103 4444 2171 Committe
4482 2104 4604 2170 hoe

2643 2197 2982 2279 negotium
3034 2193 3303 2273 Textori,
3347 2202 3424 2257 ut
3467 2191 3622 2275 quid
3658 2191 3984 2273 acceperit
4027 2189 4215 2255 nobis
4256 2191 4601 2275 significet.

2643 2280 2816 2345 Nam
2858 2280 3107 2345 Beatus
3151 2277 3441 2360 alioquin
3485 2298 3618 2342 non
3665 2275 3921 2341 desinet
3962 2276 4128 2340 mihi
4171 2296 4315 2341 esse
4359 2278 4625 2359 imper·-

2643 2372 2845 2431 tunus
2905 2384 3108 2449 super
3164 2364 3289 2428 hac
3344 2381 3432 2427 re.
3524 2362 3751 2428 Nostri
3807 2366 3876 2426 te
3920 2381 4150 2428 omnes
4193 2361 4459 2427 salvere
4502 2362 4600 2427 iu·

2640 2453 2819 2516 bent.
2908 2449 3093 2516 Vale.
3186 2448 3581 2513 Lausannae
3631 2451 3726 2512 13.
3773 2446 4093 2513 Novemb.
4147 2451 4329 2513 1547.

3621 2584 3806 2650 Tuus
3850 2584 4093 2650 Petrus
4137 2583 4431 2649 Viretus.

3541 3094 3711 3170 966..

3175 3231 3649 3300 (JALVINUS
3692 3231 4065 3299 ‘VIRETQ

2821 3386 3060 3451 Paucis
3101 3387 3427 3469 respondet
3483 3387 3570 3452 ad
3613 3386 4081 3467 praecedentem
4141 3386 4344 3452 Vireti
4404 3394 4461 3453 et
4500 3409 4600 3454 ea·

2642 3471 2782 3538 dem
2822 3477 3046 3539 tractat
3086 3473 3343 3556 περσεία.

2645 3642 2757 3709 (Ex
2794 3643 3132 3713 autographo
3170 3643 3299 3697 Ood.
3335 3642 3541 3696 GeneV.
3576 3641 3696 3709 106,
3730 3642 3823 3697 fol.
3865 3640 3967 3695 202
4000 3642 4122 3696 coll.
4160 3658 4281 3695 exx.
4317 3642 4599 3698 Ionvillaei

2644 3711 2772 3766 Ood.
2811 3708 2986 3774 111⁸,
3032 3711 3125 3766 fol.
3163 3709 3233 3764 14
3265 3728 3315 3766 v.
3394 3712 3674 3765 Turretini
3721 3711 3852 3767 Ood.
3894 3708 4022 3778 111,
4070 3710 4165 3765 fol.
4212 3708 4313 3764 179
4349 3730 4420 3780 v.,
4466 3713 4594 3766 Ber-

2932 3781 3087 3834 nonni
3122 3781 3262 3850 app.
3299 3751 3426 3835 xm.
3462 3796 3516 3849 p.
3552 3777 3655 3833 851
3692 3784 3750 3833 et
3784 3779 4003 3834 simleri
4035 3778 4165 3834 vol.
4203 3778 4314 3849 65.)

2641 3934 2907 3999 Eximio
2972 3934 3245 3999 Domini
3320 3935 3531 4000 nostri
3594 3933 3753 4000 Iesu
3819 3932 4071 4000 Ohristi
4136 3954 4329 4001 servo
4394 3935 4596 4001 Petro

2642 4019 2872 4085 Vireto
2898 4020 3393 4086 Lausannensis
3431 4019 3742 4120 ecclesiae
3777 4021 4024 4102 pastori
4058 4018 4251 4086 fratri
4286 4029 4355 4087 et
4390 4022 4595 4088 amico

3436 4124 3795 4173 carissimo.

2812 4239 3081 4306 Adsunt
3117 4242 3272 4308 novi
3313 4242 3517 4326 legati
3541 4248 3607 4322 ¹).
3680 4242 3970 4307 Immani
4013 4241 4330 4309 adversus
4354 4243 4593 4310 Macri·

2638 4346 2790 4390 num
2844 4324 2992 4390 odio
3049 4327 3382 4407 feruntur,
3439 4338 3505 4394 et
3561 4327 4010 4412 implacabiles
4065 4349 4137 4394 se
4192 4327 4335 4395 fore
4378 4337 4589 4396 osten·

2847 4528 2904 4595 6)
2944 4529 3361 4600 1n9rave³eebae
3428 4531 3647 4585 Bernae
3716 4532 3898 4586 indies
3966 4534 4385 4602 antaqonismus
4451 4538 4588 4590 iata

2640 4598 3016 4665 Zwinylae'anos
3047 4607 3099 4653 et
3130 4599 3633 4656 Lutheram'mutes
3676 4606 3727 4655 et
3759 4600 3977 4655 Salem·
4015 4616 4107 4655 res
4150 4603 4331 4671 suffe
4375 4606 4438 4657 in
4481 4602 4586 4658 dis·

2637 4670 2843 4724 crimen
2878 4669 3173 4723 veniebant.

2847 4734 2907 4800 7)
2946 4736 3020 4790 N.
3055 4735 3174 4804 941,
3209 4742 3320 4791 not.
3357 4735 3406 4789 5.

2664 4801 2808 4860 966.
2849 4805 2908 4871 1)
2949 4802 3032 4869 C't‘.
3071 4805 3145 4860 N.
3180 4803 3300 4871 960,
3344 4811 3457 4859 not.
3506 4803 3553 4857 2.
3634 4802 3793 4860 Novi
3841 4804 4007 4874 leqati
4052 4805 4358 4860 Beruenses
4401 4806 4584 4872 adfue-

2637 4880 2773 4928 runt
2813 4872 3062 4928 Genevae
3108 4874 3158 4929 d.
3198 4875 3280 4927 11.
3322 4872 3461 4927 Noe.
3502 4874 3849 4941 postulantes
3880 4880 3943 4927 ut
3982 4873 4250 4942 Maias-eti
4288 4891 4461 4929 causa
4500 4891 4580 4931 eo-

2636 4959 2759 4998 ram
2791 4941 2992 5010 populo
3026 4949 3243 5012 anatur,
3277 4942 3390 4998 sea.
3428 4948 3710 5009 sperantes
3742 4942 3865 5007 lore
3897 4949 3958 4995 ut
3975 4958 4014 4996 a
4042 4942 4194 5012 plebe
4205 4943 4433 5008 facilius
4464 4959 4580 4999 eon-

2637 5013 3003 5066 demnaretur.
3062 5011 3170 5065 Sed
3200 5011 3476 5080 repulsam
3511 5010 3763 5064 tulerunt.
3826 5007 3975 5077 Quid
4007 5011 4154 5082 quod
4185 5013 4311 5080 ipse.
4327 5012 4581 5068 Calvinae

2637 5096 2699 5135 eo
2734 5080 2826 5134 die
2868 5095 3054 5135 coram
3098 5087 3292 5133 senatu
3335 5095 3439 5147 pro
3485 5093 3547 5134 eo
3592 5079 3756 5133 verba
3796 5080 3953 5146 feeit,
3999 5086 4051 5134 et
4097 5081 4335 5134 eiusdem
4379 5083 4578 5136 amicus

2637 5149 2813 5204 Ambl.
2889 5149 3063 5203 Corne
3096 5149 3157 5201 in
3191 5163 3413 5202 munere
3445 5149 3772 5202 constitutus
3805 5154 3884 5201 est
3917 5149 4065 5218 quod
4098 5148 4381 5204 dicebatur
4413 5151 4574 5205 eve-n

2635 5220 2867 5340 ἒεέιεεὸἑε
2900 5216 3229 5339 Ἥωῖιὲιὶἰεν
3239 5217 3459 5338 (lgeuten25
3464 5223 3563 5270 ant
3609 5217 3897 5283 criminel).
3983 5216 4117 5272 Vide
4155 5215 4358 5287 Galiffe
4392 5219 4426 5274 1.
4458 5218 4493 5271 1.
4524 5235 4573 5286 p.

2637 5289 2648 5306 ⁶
2707 5328 2720 5342 .
2830 5326 2841 5339 .
2978 5302 3043 5338 uc
3118 5291 3140 5338 t
3232 5325 3244 5338 .
3389 5326 3400 5338 .
