4825 6175
646 416 772 477 723

647 599 839 677 Iesu,
896 612 970 666 ut
1011 601 1295 668 Ioannes
1352 600 1536 666 dicit:
1595 597 1832 666 Omnis
1885 601 1999 685 qui
2056 600 2271 685 diligit
2325 622 2431 666 exx
2452 601 2597 667 Deo

648 694 845 751 natus
905 696 1004 752 est
1061 696 1129 750 et
1184 707 1257 751 co
1305 686 1515 752 noscit
1556 684 1805 765 Deum,
1862 688 1973 770 qui
2028 709 2161 752 non
2205 684 2423 774 diligit
2464 708 2596 752 non

648 773 865 851 novit,
918 773 1223 855 quoniam
1336 794 1451 837 eus
1495 772 1734 839 caritas
1778 781 1895 838 est.
1986 771 2328 856 Siquidem
2374 781 2596 856 gusta-

648 858 867 924 vimus
901 878 1095 941 quam
1134 856 1453 942 benignus
1483 857 1572 923 sit
1599 858 1942 936 Dominus,
1982 859 2361 924 abiiciamus
2398 877 2598 941 opera

646 944 1095 1022 tenebrarum,
1139 943 1489 1009 induentes
1539 963 1725 1008 arma
1787 943 1972 1023 lucis,
2017 956 2334 1027 tanquam
2376 944 2449 1007 in
2492 944 2596 1008 die

648 1030 1001 1113 composite
1059 1028 1468 1095 ambulantes
1484 1080 1499 1107 ,
1559 1050 1693 1094 non
1737 1030 2155 1095 contentione
2198 1038 2264 1094 et
2308 1028 2596 1094 aemula·-

644 1116 842 1193 tione,
903 1113 1015 1180 sed
1058 1114 1405 1180 induentes
1450 1115 1804 1180 Dominum
1851 1113 2071 1181 Iesum
2118 1114 2476 1194 Christum,
2522 1122 2599 1180 ut

645 1201 927 1265 fratrum
969 1200 1385 1265 infirmitates
1428 1200 1663 1283 spiritu
1706 1199 2228 1266 mansuetudinis
2271 1202 2596 1271 instaure-

646 1307 812 1365 mus,
857 1285 965 1351 vel
1009 1286 1332 1368 patienter
1375 1288 1677 1351 feramus.
1754 1285 2034 1352 Exsulet
2065 1285 2335 1363 malitia,
2381 1288 2594 1352 omnis

649 1371 856 1449 dolus,
903 1371 1350 1437 simulationes
1397 1393 1472 1436 ac
1512 1370 1950 1437 invidentiae:
2008 1391 2162 1436 nam
2211 1370 2405 1435 modo
2450 1372 2593 1437 nati

645 1478 905 1536 snmus,
955 1457 1056 1522 lac
1098 1456 1259 1521 illud
1305 1458 1504 1521 animi
1549 1456 1718 1540 quod
1763 1457 1986 1522 dolum
2029 1456 2238 1522 nescit
2273 1466 2351 1521 ut
2393 1478 2592 1541 appe-

644 1553 864 1608 tamus
922 1550 988 1607 et
1041 1562 1162 1624 per
1214 1541 1370 1606 illud
1432 1541 1927 1610 subolescamus.
2026 1542 2126 1607 Mi
2181 1541 2468 1621 domine,
2528 1550 2592 1607 te

645 1649 757 1694 oro
799 1629 874 1692 in
916 1627 1183 1694 Christo
1226 1627 1411 1706 Iesu,
1474 1649 1558 1693 ne
1602 1629 1880 1693 nimium
1937 1628 2187 1693 tribuas
2228 1626 2473 1693 invidis
2516 1648 2592 1694 ac

645 1712 978 1779 maledicis
1021 1712 1611 1778 calumniatoribus.
1630 1714 1685 1798 ²)
1765 1715 1913 1779 Non
1957 1714 2222 1796 ignoras
2265 1712 2437 1796 quod
2479 1715 2592 1780 ob-

643 1799 943 1865 trectatio
999 1796 1287 1864 invidiae
1344 1820 1605 1882 semper
1659 1799 1826 1864 solet
1880 1799 2171 1866 lacerare
2227 1798 2587 1883 plerosque,

642 1884 1110 1950 obtrectatores
1153 1884 1363 1949 multa
1401 1886 1679 1968 fingere,
1739 1892 1806 1950 et
1845 1886 2200 1950 fraternam
2248 1885 2592 1949 caritatem

638 1968 893 2035 invidia
934 1982 1002 2033 et.
1045 1968 1515 2035 obtrectatione
1550 1968 1871 2053 impediri.
1949 1970 2237 2034 Valeant
2271 1970 2383 2052 qui
2419 1970 2591 2035 inter

642 2064 707 2120 te
775 2065 840 2119 et
902 2056 1060 2120 istos
1128 2056 1424 2121 homines
1484 2054 1823 2121 dissidium
1889 2055 2139 2120 volunt.
2264 2054 2410 2120 Hoc
2471 2056 2588 2121 tibi

638 2140 946 2224 polliceor
1002 2138 1171 2223 quod
1231 2142 1436 2206 amice
1495 2161 1569 2205 ac
1619 2162 1767 2207 cum
1814 2141 2059 2205 honore
2102 2141 2360 2223 saepius
2404 2162 2587 2205 men—

641 2229 884 2291 tionem
940 2226 1040 2291 tui
1082 2225 1341 2291 faciant.
1446 2226 1538 2290 Et
1579 2247 1947 2309 quanquam
2005 2246 2044 2290 a
2094 2233 2208 2290 tua
2264 2226 2589 2291 sententia

639 2312 707 2376 in
765 2330 961 2376 causa
1013 2309 1390 2395 εὐχαριστίας
1448 2311 1880 2389 dissentiunt,
1950 2311 2050 2375 uti
2111 2321 2177 2376 et
2235 2332 2387 2394 eg0,
2456 2332 2584 2376 non

638 2406 861 2462 tamen
907 2418 947 2461 a
992 2396 1349 2462 christiana
1392 2398 1662 2462 caritate
1709 2396 2054 2473 dissident,
2111 2396 2319 2462 multo
2365 2398 2585 2462 minus

639 2482 967 2547 hostiliter
1016 2481 1313 2560 odiunt*,
1380 2481 1494 2546 sed
1558 2484 1693 2547 suis
1749 2482 2048 2566 precibus
2105 2490 2171 2547 et
2213 2492 2278 2547 te
2322 2491 2389 2547 et
2425 2503 2584 2565 quos

637 2566 965 2633 Dominus
1012 2568 1131 2633 tibi
1174 2568 1241 2631 in
1300 2588 1421 2632 sua
1476 2568 1748 2637 ecclesia
1791 2566 2272 2632 commendavit
2314 2567 2585 2632 sollicite

637 2652 984 2732 adiuvant,
1051 2662 1127 2717 ut
1190 2662 1262 2717 tu
1331 2653 1613 2719 vicissim
1680 2673 1798 2736 pro
1855 2652 1989 2717 illis
2043 2652 2242 2718 facias
2295 2654 2585 2718 maxime

637 2747 917 2821 sperant.
1008 2738 1109 2803 Ne
1155 2739 1303 2809 sitis
1341 2738 1545 2823 igitur
1589 2748 1855 2824 propter
1899 2737 2262 2816 Christum,
2309 2739 2422 2822 qui
2466 2759 2582 2804 suo

634 2824 845 2907 ipsius
888 2825 1211 2909 sanguine
1246 2845 1472 2890 omnes
1514 2825 1911 2901 inimicitias,
1956 2823 2289 2888 infernum
2333 2833 2398 2888 et
2441 2844 2584 2908 pec-

636 2918 872 2989 catum,
912 2912 983 2974 in
1011 2930 1200 2976 cruce
1228 2910 1582 2993 pei-litavit,
1619 2909 2032 2976 contentione
2060 2920 2127 2974 et
2149 2910 2584 2975 aemulatione

635 2993 985 3075 discordes,
1021 3004 1098 3060 ut
1131 3015 1217 3058 ne
1250 2996 1531 3079 amplius
1566 2995 1839 3080 litigetis
1865 2995 2110 3077 lingua,
2150 3016 2357 3078 neque
2393 3017 2584 3062 aures

682 3081 952 3148 raebeas
1009 3082 1090 3147 iis
1144 3081 1380 3165 quibus
1439 3081 1605 3147 nihil
1661 3080 1874 3147 abest.
1900 3081 2027 3146 nisi
2086 3103 2194 3147 res
2237 3092 2303 3147 et
2346 3082 2579 3147 virtus.

695 3174 1088 3253 omponatur
1121 3166 1462 3234 dissidium
1496 3168 1843 3234 autoritate
1878 3167 2076 3233 verbi.
2153 3168 2365 3233 Nemo
2407 3188 2583 3233 mor-

638 3252 824 3320 dicus
870 3274 1056 3320 suam
1093 3255 1486 3319 sententiam
1523 3253 1860 3319 defendat:
1905 3273 2321 3319 recurramus
2362 3254 2583 3337 potius

637 3337 720 3405 ad
763 3340 943 3405 viam
988 3339 1299 3418 veritatis,
1347 3348 1414 3405 et
1452 3339 1790 3404 humiliter
1823 3347 2043 3404 errata
2077 3347 2304 3405 nostra
2348 3359 2583 3424 agnos-

539 3424 552 3434 ”
637 3446 882 3504 camus,
927 3446 1126 3508 quam
1160 3446 1418 3509 semper
1452 3425 1622 3491 male
1659 3444 1921 3491 currere
1964 3432 2031 3489 et
2063 3444 2198 3489 non
2232 3425 2584 3509 poenitere,

636 3532 722 3577 ne
781 3532 1034 3577 errasse
1083 3510 1444 3577 videamur.
1533 3510 2032 3577 Meminerimus
2091 3509 2174 3575 ad
2228 3510 2583 3576 amicitiam

624 3593 706 3661 'et
749 3595 1157 3663 concordiam
1217 3617 1359 3662 esse
1411 3594 1703 3662 conditos
1719 3647 1736 3675 ,
1797 3603 1872 3660 ut
1919 3594 2030 3660 hic
2080 3596 2154 3660 in
2210 3595 2586 3661 tristissimo

638 3683 899 3749 saeculo
941 3683 1194 3748 mutuis
1236 3681 1466 3748 officiis
1501 3682 1775 3747 aliorum
1810 3680 2112 3747 miserias
2147 3681 2583 3761 sublevemus,

638 3775 704 3833 et
744 3767 816 3832 in
858 3768 1077 3834 futuro
1120 3769 1518 3851 sempiterna
1569 3768 1873 3834 felicitate
1925 3788 2076 3832 cum
2121 3765 2385 3833 Christo
2431 3788 2585 3833 con-

637 3874 1004 3937 regnemus.
1108 3852 1273 3934 Quis
1339 3854 1513 3918 enim
1579 3860 1679 3919 est
1736 3851 1962 3918 furor?
2051 3850 2241 3932 Quae
2297 3854 2589 3919 amentia

639 3947 755 4004 aut
793 3939 1081 4018 insania,
1124 3950 1200 4005 ut
1240 3939 1428 4005 illum
1475 3939 1580 4005 hic
1624 3938 1770 4004 odio
1814 3958 2305 4021 prosequamur,
2352 3939 2482 4022 qui,
2529 3940 2586 4004 si

638 4026 711 4089 in
754 4023 1020 4106 Christo
1065 4025 1234 4091 diem
1281 4047 1475 4092 suum
1520 4025 1783 4102 obierit,
1844 4024 2085 4090 transit
2141 4044 2180 4089 a
2238 4033 2449 4091 morte
2502 4023 2585 4089 ad

641 4110 847 4177 vitam
892 4118 1047 4194 (quo
1097 4112 1293 4176 etiam
1351 4131 1469 4194 ego
1531 4110 1693 4177 duce
1737 4108 2002 4175 Christo
2047 4118 2193 4194 post
2238 4110 2357 4176 has
2402 4119 2583 4177 tene·

639 4197 792 4263 bras
852 4196 1111 4262 evolare
1177 4204 1394 4280 spero)
1473 4217 1623 4263 cum
1685 4193 1919 4279 quibus
1942 4197 1978 4231 ⁴*
2030 4203 2347 4280 perpetua
2416 4196 2583 4262 cari-

637 4289 807 4361 tate,
855 4284 1129 4365 perenni
1189 4282 1426 4366 gaudio
1483 4280 2126 4366 conglutinabimur?
2216 4281 2436 4366 Rogo,
2490 4283 2585 4347 mi

644 4366 905 4433 domine
922 4420 939 4445 ,
1026 4389 1112 4432 ne
1189 4378 1454 4451 propter
1510 4367 1855 4433 Lutherum
1921 4365 2170 4449 aliquid
2235 4366 2415 4433 dicas
2478 4368 2584 4434 vel

640 4453 886 4521 scribas
920 4463 1148 4519 contra
1177 4455 1516 4520 caritatem
1546 4463 1660 4518 aut
1693 4453 2022 4535 pietatem,
2060 4463 2126 4517 et
2158 4474 2395 4537 urgeas
2432 4473 2586 4519 con-

640 4541 947 4605 scientias
1030 4539 1368 4605 hominum
1443 4537 1656 4604 verbis
1733 4537 1912 4605 illius
1987 4539 2056 4602 in
2119 4559 2303 4605 sacra
2366 4559 2584 4605 coena.

644 4623 966 4705 Quamvis
1019 4626 1299 4692 libenter
1354 4646 1506 4691 cum
1564 4624 1928 4708 gratiarum
1972 4624 2227 4689 actione
2271 4645 2588 4709 cognosco

644 4710 813 4775 dona
847 4711 975 4775 Dei
1009 4712 1079 4775 in
1119 4711 1382 4776 homine
1416 4710 1549 4774 iam
1584 4718 1861 4788 mortue,
1907 4717 2129 4774 tamen
2165 4731 2294 4775 non
2329 4711 2591 4777 carebat

644 4798 779 4862 suis
823 4796 1018 4863 vitiis.
1106 4798 1251 4863 Hoc
1306 4817 1441 4862 non
1496 4793 1638 4861 dico
1678 4797 1750 4860 in
1791 4795 2255 4861 contumeliam
2299 4795 2592 4862 defuncti

643 4881 956 4961 hominis,
1013 4884 1165 4965 quia
1223 4884 1357 4948 scio
1411 4879 1585 4965 quod
1627 4880 1848 4946 nullus
1903 4882 2136 4947 vivens
2180 4887 2280 4948 est
2321 4880 2591 4963 ἀμύμων,

647 4988 877 5034 omnes
920 4976 1189 5053 egentes
1233 4989 1462 5034 sumus
1519 4968 1731 5051 gratia
1775 4967 1919 5031 Dei.
2008 4967 2447 5050 Posteaquam
2489 4969 2591 5033 in-

857 5256 909 5320 ⁶2)
955 5257 1089 5312 Vide
1120 5273 1197 5311 an
1230 5257 1361 5312 haec
1403 5257 1658 5326 deipsis
1704 5255 2086 5312 immanibus
2121 5257 2271 5314 dcam
2303 5260 2430 5313 sint.
2508 5257 2590 5325 Of.

654 5326 906 5382 Qualem
936 5325 1217 5394 epistolam
1256 5326 1368 5380 Gal.
1406 5326 1531 5380 Iun.
1567 5329 1839 5395 scriptam.

2156 410 2681 480 EPISTULAE
2733 416 3149 480 1037--1039
3308 430 3313 437 ·
4510 370 4617 483 ταί

2701 601 2904 668 caluit
2944 599 3269 680 conflictio
3312 598 3393 665 de
3447 619 3648 667 coena
3690 621 3842 669 cum
3888 600 4180 685 Zaeanyzio
4222 610 4290 666 et
4336 599 4620 669 Oecolam-

2688 688 2917 768 padio,
2977 685 3200 752 multis
3253 684 3415 751 locis
3469 686 3828 768 scripturae
3885 687 4026 752 vim
4078 686 4305 753 intulit
4345 692 4447 766 (ut
4486 700 4620 757 sunt

2698 775 2836 838 isti:
2860 771 3184 839 Ascendit
3199 778 3277 836 ut
3299 770 3689 855 adimpleret
3712 772 3963 839 omnia:
3988 793 4110 857 ego
4137 793 4281 839 sum
4314 774 4620 841 vobiscum

2699 857 2782 923 ad
2825 856 3454 925 consummationem
3499 857 3768 925 saeculi:
3830 866 3897 922 et
3939 877 4058 924 nos
4100 879 4327 924 sumus
4370 879 4513 924 caro
4551 861 4619 928 de

2697 964 2894 1009 carne
2957 944 3096 1009 eius
3160 953 3228 1008 et
3284 963 3357 1008 os
3422 940 3502 1008 de
3558 943 3815 1010 ossibus
3874 945 4044 1027 eius)
4108 957 4186 1008 ut
4241 945 4619 1027 corporalem

2696 1031 3133 1112 praesentiam
3210 1028 3500 1112 corporis
3567 1028 3821 1095 Christi
3894 1031 3961 1094 in
4042 1049 4243 1095 coena
4308 1038 4615 1098 statueret

2697 1114 2917 1197 Quam
2961 1134 3323 1199 perperam,
3360 1121 3571 1180 status
3605 1114 3895 1181 locorum
3924 1115 4185 1182 indicat.
4263 1114 4426 1181 Illos
4463 1116 4619 1183 locos

2700 1200 2781 1267 ad
2826 1198 3287 1267 stabiliendam
3322 1220 3509 1265 suam
3543 1202 3941 1267 sententiam
3977 1221 4111 1266 non
4150 1221 4292 1266 esse
4325 1200 4616 1282 efficaces,

2695 1287 2884 1352 facile
2927 1284 3227 1352 omnibus
3267 1283 3688 1368 probaremus
3704 1334 3719 1362 ,
3774 1288 3830 1351 si
3874 1286 3998 1353 hoc
4039 1297 4339 1351 nostrum
4382 1293 4616 1370 tempus

2696 1393 2831 1437 non
2886 1373 3102 1456 potius
3167 1371 3604 1437 consolatione
3681 1393 3877 1455 quam
3959 1371 4395 1455 disputatione
4470 1373 4611 1439 indi-

2695 1466 2894 1541 geret.
2965 1454 3225 1538 Quibus
3258 1455 3605 1523 calumniis
3648 1468 3714 1522 et
3756 1458 4066 1524 conviciis
4111 1459 4310 1524 etiam
4352 1466 4611 1529 mortuos

2695 1542 3006 1628 proscidit
3048 1561 3239 1607 nemo
3295 1542 3576 1625 ignorat.
3664 1542 3971 1609 Christus
4025 1544 4220 1609 aliam
4276 1542 4615 1611 doctrinam

2696 1628 2914 1695 docuit
2971 1648 3141 1693 suos.
3244 1627 3620 1710 Increpavit
3674 1627 3985 1695 Iacobum
4036 1638 4105 1695 et
4157 1629 4471 1695 Ioannem
4518 1631 4612 1713 qui

2694 1714 3004 1781 volebant
3044 1715 3269 1797 ignem
3326 1711 3405 1778 'de
3446 1714 3624 1779 coelo
3667 1714 3899 1780 cadere
3942 1723 4017 1780 ut
4058 1724 4471 1781 consumeret
4510 1713 4615 1781 Sa-

2692 1800 3067 1866 maritanus.
3147 1799 3240 1864 Et
3281 1798 3472 1865 iussit
3512 1801 3794 1865 inimicis
3828 1803 3991 1866 bene
4026 1802 4240 1867 facere
4282 1809 4353 1866 et
4397 1802 4615 1867 bonum

2690 1886 2945 1967 precari
2977 1883 3532 1951 maledicentibus.
3619 1883 3824 1951 Cuius
3855 1885 4108 1969 spiritu,
4152 1885 4319 1952 bone
4355 1885 4615 1966 domine,

2688 1972 2845 2036 fecit
2900 1979 2974 2035 ut
3029 1978 3214 2036 tanta
3265 1970 3366 2036 ira
3420 1971 3494 2034 in
3544 1971 3876 2036 ministros
3921 1973 4107 2038 verbi
4151 1972 4280 2039 Dei
4322 1972 4612 2038 accende·

2690 2066 2902 2135 retur,
2967 2056 3208 2122 iudicet
3264 2058 3375 2138 qui
3432 2057 3621 2121 novit
3676 2057 4059 2123 abscondita
4112 2055 4426 2124 cordium.
4525 2058 4609 2123 De

2688 2150 2898 2207 morte
2954 2150 3179 2207 tamen
3237 2141 3414 2207 illius
3464 2142 3751 2209 ministri
3807 2142 4002 2209 huius
4051 2144 4362 2209 ecclesiae
4407 2163 4612 2208 omnes

2688 2225 3025 2304 dolebant,
3070 2248 3202 2292 non
3244 2247 3321 2292 ac
3364 2229 3421 2291 si
3465 2227 3915 2295 adversarium
3961 2239 4073 2293 aut
4114 2228 4611 2307 obtrectatorem,

2689 2312 2803 2377 sed
2878 2314 3124 2379 socium
3200 2313 3420 2394 potius
3488 2331 3567 2377 ac
3631 2323 3996 2379 consortem
4062 2315 4329 2398 gloriosi
4398 2314 4613 2381 laboris

2689 2399 3044 2464 amiserant
3062 2401 3113 2461 ἢ
3211 2398 3397 2463 Haec
3466 2399 3630 2463 mihi
3691 2398 4119 2466 humanitatis
4195 2422 4269 2465 ac
4341 2401 4614 2467 caritatis

2689 2503 2932 2567 magna
2985 2492 3142 2549 sunt
3198 2494 3266 2547 et
3321 2504 3480 2549 vera
3534 2482 3789 2549 indicia.
3893 2484 4078 2550 Haec
4121 2506 4252 2550 non
4313 2485 4518 2552 scribo
4556 2487 4613 2549 in

2687 2568 3151 2635 contumeliam
3196 2568 3571 2646 doctissimi,
3614 2569 3728 2635 sed
3772 2578 3846 2634 ut
3888 2592 4080 2636 nemo
4124 2572 4298 2636 iuret
4333 2573 4403 2636 in
4442 2570 4615 2636 verba

2683 2654 2891 2730 illius,
2953 2676 3027 2720 ac
3081 2654 3138 2719 si
3194 2653 3507 2737 quidquid
3551 2654 3661 2719 ille
3705 2658 4036 2738 scripserit
4090 2668 4263 2722 esset
4305 2656 4611 2741 Apollinis

2686 2739 3020 2806 oraculum
3067 2748 3181 2804 aut
3224 2738 3521 2823 Sibyllae
3564 2740 3805 2805 folium.

2857 2824 3136 2901 Scribis,
3159 2836 3167 2843 '
3188 2824 3455 2891 colende
3510 2825 3805 2906 domine,
3850 2836 3915 2892 te
3960 2849 4091 2892 non
4136 2848 4327 2912 posse
4374 2827 4607 2895 credere

2684 2919 3092 2977 sacramenta
3149 2910 3325 2976 nuda
3374 2931 3516 2977 esse
3560 2911 3764 2996 signa.
3854 2914 4049 2978 Absit
4092 2925 4167 2978 ut
4210 2913 4609 2980 Christianus

2686 2996 3237 3063 ineruditissimus
3279 2995 3590 3062 crederet.
3680 2994 3886 3064 Sacra
3941 3019 4141 3065 coena
4196 3021 4329 3065 non
4374 3011 4471 3065 est
4510 3020 4612 3064 nu-

2686 3081 2844 3148 dum
2900 3083 3191 3168 signum,
3251 3104 3374 3149 nec
3426 3083 3592 3148 mihi
3646 3083 3718 3148 in
3772 3105 3852 3150 ea
3907 3085 4042 3151 ullo
4083 3085 4274 3152 modo
4320 3106 4613 3170 superna—

2686 3169 2887 3234 turali
2930 3168 3040 3235 vel
3099 3168 3361 3235 coelesti
3415 3168 3802 3256 exhibeatur
3824 3173 3860 3207 ⁴*
3914 3193 4140 3238 verum
4200 3194 4275 3237 ac
4335 3170 4612 3238 naturale

2687 3275 2922 3337 corpus
2957 3254 3209 3321 Christi
3245 3254 3693 3338 corporaliter:
3740 3263 3964 3323 tamen
4001 3257 4300 3342 religiose
4349 3280 4424 3325 ac
4456 3257 4610 3323 omni

2686 3340 2935 3406 honore
2969 3361 3250 3406 veneror
3287 3350 3355 3406 et
3396 3340 3538 3407 colo
3572 3341 4047 3409 institutionem
4082 3342 4340 3410 Christi
4375 3352 4609 3428 propter

2689 3425 2849 3492 alios
2893 3427 3087 3493 fines:
3127 3426 3650 3510 quandoquidem
3695 3428 3779 3494 sit
3822 3429 4083 3513 signum
4120 3428 4483 3495 voluntatis
4500 3427 4603 3494 Dei

2689 3533 2848 3596 erga
2902 3529 3008 3577 me
3026 3562 3040 3589 ,
3108 3523 3174 3576 et
3230 3519 3576 3578 externum
3634 3515 4080 3580 testimonium
4140 3514 4443 3581 additum
4476 3533 4597 3598 pro-

2689 3597 2988 3663 missioni
3026 3598 3291 3681 gratiae.
3380 3598 3529 3663 Non
3573 3598 3742 3681 quod
3798 3620 3914 3682 per
3956 3600 4216 3683 aliquod
4261 3620 4600 3668 sacramen-

2689 3690 2833 3749 tum
2876 3682 3235 3766 applicetur
3292 3683 3458 3750 mihi
3515 3683 3629 3753 illa
3684 3686 4028 3770 promissio
4046 3738 4063 3765 ,
4122 3686 4238 3753 sed
4297 3686 4466 3771 quod
4498 3705 4605 3768 ‚pet

2687 3767 2853 3833 illud
2895 3769 3240 3850 promissio
3288 3769 3470 3851 prius
3504 3791 3623 3853 per
3667 3769 3862 3836 fidem
3906 3772 4071 3840 mihi
4115 3771 4442 3856 applicata
4479 3792 4607 3838 con-

2687 3854 3007 3919 firmetur.
3108 3852 3223 3919 Sic
3276 3854 3549 3921 ecclesia
3604 3854 3733 3920 Dei
3791 3856 4111 3939 baptismo
4168 3858 4427 3941 publice
4479 3876 4607 3922 eum

2688 3940 2920 4022 recipit
2979 3940 3091 4023 qui
3149 3942 3332 4023 prius
3388 3949 3529 4006 erat
3582 3951 3882 4024 receptus
3944 3964 4063 4026 per
4117 3945 4419 4027 gratiam.
4514 3940 4608 4008 Sic

2687 4024 3026 4090 Abraham
3043 4076 3058 4103 ,
3104 4025 3173 4091 in
3218 4026 3318 4091 uit
3370 4026 3619 4092 Paulus
3633 4079 3648 4103 ‚
3707 4029 3950 4111 accepit
4020 4036 4262 4108 σημεῖον
4319 4027 4608 4112 περιτομῆς

2688 4109 2993 4195 σφραγῖδα
3029 4114 3128 4189 τῆς
3212 4111 3540 4191 mambrae
3578 4110 3680 4192 τῆς
3723 4123 3984 4187 πίστεως
4026 4121 4129 4193 τῆς
4174 4121 4232 4178 ἐν
4275 4117 4349 4198 τῇ
4382 4113 4607 4199 ἀκροβυ-

2688 4208 2825 4286 στίᾳ
2838 4246 2857 4280 ,
2914 4195 3037 4263 hoc
3105 4208 3205 4262 est
3260 4198 3707 4264 testimonium
3761 4220 3891 4283 quo
3948 4200 4133 4266 Deus
4199 4210 4478 4267 testatus
4526 4206 4609 4266 est

2688 4304 2839 4348 eum
2872 4292 3205 4366 receptum
3240 4304 3381 4349 esse
3423 4284 3494 4348 in
3577 4285 3829 4364 rafiam,
3875 4305 4009 4351 non
4055 4287 4229 4369 quod
4265 4308 4383 4370 per
4417 4305 4608 4352 sacrae

2688 4379 2987 4433 mentum
3031 4377 3202 4434 esset
3244 4369 3527 4451 recipien
3575 4393 3680 4448 us,
3741 4370 3856 4436 sed
3903 4373 3973 4436 in
4014 4393 4090 4436 ea
4131 4371 4353 4456 potius
4395 4371 4609 4438 confir·

2689 4453 2989 4519 mandus.
3076 4452 3189 4520 Sic
3245 4474 3430 4520 sacra
3487 4476 3688 4522 coena
3730 4465 3832 4522 est
3873 4457 4321 4522 testimonium
4382 4459 4608 4542 gratiae

2690 4550 2756 4604 et
2797 4541 3185 4623 mysterium
3231 4538 3695 4624 redemptionis
3734 4550 4024 4622 nostrae,
4069 4543 4140 4608 in
4183 4565 4312 4626 qua
4356 4550 4608 4609 testatur

2690 4623 2876 4692 Deus
2945 4624 3131 4690 nobis
3196 4625 3434 4692 donata
3498 4626 3817 4694 beneficia
3873 4626 4150 4708 Christi,
4224 4650 4357 4694 non
4412 4638 4482 4694 ut
4532 4625 4605 4692 ibi

2691 4711 3051 4796 applicetur
3103 4712 3399 4778 remissio
3464 4720 3872 4795 peccatorum
3892 4764 3907 4791 ,
3973 4735 4138 4797 quae
4202 4715 4270 4779 in
4337 4714 4608 4780 fidelibus

2693 4816 2954 4861 omnem
2992 4817 3184 4862 usum
3217 4806 3769 4864 sacramentorum
3804 4799 4192 4881 praecedere
4229 4798 4471 4876 debeat,
4507 4814 4609 4862 neo

2692 4888 2769 4947 ut
2811 4882 3199 4948 exhibeatur
3240 4904 3392 4949 cum
3426 4899 3596 4966 pane
3631 4905 3861 4950 verum
3897 4907 4131 4969 corpus
4169 4884 4416 4952 Christi
4459 4880 4606 4968 quod

2692 4969 2764 5032 in
2807 4967 3003 5034 coelis
3036 4979 3138 5035 est
3177 4977 3246 5035 et
3281 4990 3417 5035 non
3458 4970 3531 5033 in
3566 4971 3778 5048 terris,
3819 4971 3934 5037 sed
3969 4981 4045 5038 ut
4076 4972 4413 5038 confirmet
4447 4970 4605 5034 illam

2693 5052 2888 5120 fidem
2944 5073 3139 5136 quam
3194 5053 3402 5121 habeo
3456 5058 3526 5120 in
3571 5066 3777 5121 morte
3820 5065 3888 5122 et
3930 5059 4233 5140 passione
4274 5056 4447 5121 illius
4484 5074 4605 5121 cor-

2692 5140 2870 5225 poris
2926 5139 3066 5205 vivi
3121 5141 3368 5206 mortui
3420 5150 3487 5206 et
3538 5142 3922 5209 resuscitati.
4021 5143 4112 5208 Et
4169 5144 4460 5208 minister
4512 5138 4607 5204 dat

2693 5225 2862 5310 quod
2908 5233 3007 5291 est
3047 5226 3118 5290 in
3163 5248 3283 5292 sua
3325 5234 3671 5309 potestate,
3732 5248 3967 5311 nempe
4011 5250 4244 5312 panem
4291 5236 4356 5292 et
4399 5227 4603 5294 vinum

2641 5325 2647 5368 ἑ
2694 5319 2764 5377 et
2805 5332 2938 5377 non
2977 5332 3213 5395 corpus
3248 5311 3515 5391 Christi,
3561 5334 3681 5379 nec
3716 5314 3907 5379 aliter
3939 5315 4007 5379 in
4047 5336 4248 5382 coena
4290 5311 4604 5379 exhibetur
