4825 6175
675 427 803 489 579

1496 615 1651 687 939.

1208 768 1680 838 CALVINUS
1725 768 2093 837 VIRETO.

852 940 1102 1009 Sulzeri
1139 948 1197 1008 et
1232 941 1614 1010 Hotomanm'
1644 942 1907 1025 neyotia.
1975 940 2206 1009 Contra
2232 942 2628 1009 Tridentinos

664 1028 979 1108 scriptum
1011 1028 1384 1108 inchoatum,
1430 1028 1538 1095 sed
1578 1028 1780 1092 invita
1825 1027 2138 1095 Minerva.

677 1198 962 1269 (Sequitur
993 1201 1240 1269 proxime
1316 1201 1692 1254 raecedentem
1727 1201 1796 1255 ad
1816 1202 2070 1255 Viretum
2105 1203 2160 1256 in
2196 1201 2447 1255 omnibus
2481 1200 2626 1254 codi-

676 1267 828 1322 cibus
863 1268 977 1322 scil.
1017 1268 1152 1325 Gen.
1195 1270 1213 1320 1
1293 1312 1306 1335 ‚
1349 1268 1438 1321 fol.
1486 1267 1588 1322 196
1631 1276 1760 1335 aut„
1807 1269 1864 1325 C.
1900 1268 2071 1337 111⁸,
2122 1270 2213 1324 fol.
2264 1269 2330 1324 13
2366 1287 2441 1333 ι,
2489 1269 2620 1323 Ood.

1086 1336 1201 1405 111,
1236 1338 1328 1390 fol.
1367 1336 1484 1404 171,
1522 1340 1683 1392 Bern.
1721 1355 1777 1407 p.
1812 1336 1930 1405 840,
1969 1339 2209 1406 Simler.)

674 1506 940 1573 Eximio
984 1507 1233 1574 Christi
1290 1508 1559 1574 Domini
1622 1511 1829 1575 nostri
1885 1531 2074 1575 servo
2133 1510 2334 1578 Petro
2387 1511 2622 1576 Vireto

1068 1595 1566 1660 Lausannensis
1609 1595 1915 1683 ecclesiae
1955 1596 2217 1678 pastori.

846 1730 917 1798 S.
1004 1733 1298 1798 Remitto
1342 1733 1569 1797 literas
1617 1732 1881 1799 Sulzeri.
1915 1731 1961 1820 ¹)
2048 1730 2259 1798 Video
2318 1731 2473 1816 quid
2516 1754 2623 1816 pe-

674 1825 788 1882 tat.
877 1817 987 1883 Illi
1033 1817 1149 1882 abs
1205 1830 1272 1882 te
1328 1840 1578 1883 morem
1625 1819 1761 1902 geri
1808 1839 2087 1901 aequum
2132 1827 2247 1884 est.
2338 1820 2483 1903 Ego
2525 1821 2623 1884 ita

673 1903 1148 1985 scriptionibus,
1196 1903 1583 1970 et‘assiduis
1627 1916 1695 1969 et
1735 1904 2115 1988 plerumque
2157 1905 2469 1984 molestis,
2514 1904 2622 1972 ob-

673 2009 857 2069 ruor,
917 1999 993 2054 ut
1048 2012 1154 2054 me
1207 1990 1671 2074 propemodum
1733 1990 1904 2055 vitae
1963 1988 2236 2056 taedeat.
2326 1991 2619 2057 Oorolla-

666 2073 841 2139 rium
886 2085 1105 2141 tamen
1152 2076 1410 2161 aliquod
1460 2085 1609 2141 tuae
1654 2075 2088 2143 lucubrationi
2147 2077 2445 2142 adiiciam
2505 2078 2618 2142 ubi

669 2161 935 2243 paulum
983 2164 1405 2245 respiravero.
1497 2161 1851 2243 Coeperam
1911 2160 2226 2227 adversus
2268 2163 2616 2229 concilium

670 2244 1127 2312 'tridentinum
1176 2247 1475 2312 meditari
1535 2248 1752 2312 nescio
1796 2248 1969 2331 quid.
2058 2246 2192 2313 Sed
2237 2249 2393 2313 huic
2436 2250 2617 2333 operi

669 2335 969 2415 experior
1013 2355 1117 2398 me
1160 2334 1295 2398 fore
1353 2336 1668 2416 imparem
1728 2335 1854 2399 nisi
1912 2333 2115 2400 fracto
2173 2335 2441 2419 ingenio
2498 2335 2617 2400 ali-

671 2417 828 2500 quid
872 2417 1108 2484 dedero
1155 2420 1526 2485 laxationis,

840 2506 1105 2569 Literac
1149 2527 1309 2587 quas
1344 2508 1660 2588 scripsisti
1705 2505 2038 2571 Otomanni
2055 2507 2110 2582 2)
2154 2515 2390 2590 rogatu
2430 2506 2618 2571 valde

670 2589 833 2654 mihi
879 2592 1155 2673 placent.
1227 2591 1452 2657 Unum
1499 2593 1747 2656 veritus
1792 2611 1969 2669 sum,
2035 2612 2119 2655 ne
2178 2593 2458 2657 maritus
2503 2612 2618 2657 ex-

668 2686 1006 2757 asperetur
1070 2677 1127 2741 si
1193 2698 1300 2742 eas
1355 2678 1546 2760 legat.
1643 2677 1737 2741 Et
1792 2678 2019 2759 procul
2077 2676 2270 2742 dubio
2325 2678 2616 2745 lecturus

667 2770 826 2840 erat,
872 2764 928 2827 si
974 2765 1040 2827 in
1084 2784 1350 2827 manum
1394 2763 1729 2828 venissent
1775 2764 2009 2828 uxoris.
2101 2763 2245 2827 Imo
2304 2784 2613 2847 quorsum

668 2847 782 2912 abs
828 2857 894 2912 te
938 2849 1116 2915 locus
1160 2849 1271 2913 ille
1327 2858 1644 2914 tractatus
1688 2850 1871 2928 foret,
1919 2849 2046 2913 nisi
2089 2860 2163 2913 ut
2206 2850 2303 2914 illi
2346 2850 2613 2933 prodes-

665 2932 811 2998 set?
880 2932 1057 2999 Sunt
1091 2942 1307 2999 autem
1353 2936 1484 2999 iam
1520 2933 1834 3015 quaedam
1881 2934 2054 2999 mala
2087 2935 2404 2999 intestina
2448 2956 2615 3017 quae

667 3017 969 3083 lenienda
1031 3031 1187 3085 sunt
1251 3021 1467 3103 potius
1534 3040 1729 3104 quam
1797 3021 2253 3086 exulceranda.
2350 3021 2612 3085 Nollem

664 3116 884 3171 tamen
929 3107 1152 3171 literas
1194 3107 1344 3171 illas
1383 3108 1615 3189 perire.
1705 3108 2001 3172 Rursum
2044 3110 2267 3190 quanti
2304 3110 2388 3172 sit
2420 3107 2611 3172 labo-

664 3193 757 3257 ris
803 3213 912 3256 eas
957 3213 1036 3256 ex
1082 3192 1341 3277 integro
1386 3193 1686 3271 scribere,
1733 3215 1876 3258 meo
1913 3194 2209 3275 exemplo
2252 3193 2403 3276 plus
2449 3198 2610 3259 satis

663 3279 981 3360 experior.
1071 3277 1372 3355 Proinde,
1416 3280 1472 3343 si
1513 3279 1840 3345 videbitur
1883 3278 2053 3361 quod
2115 3279 2193 3343 de
2237 3280 2432 3344 caede
2476 3280 2612 3344 illic

665 3364 947 3429 habetur
991 3363 1252 3429 brevius
1295 3373 1361 3428 et
1409 3365 1744 3430 obscurius
1788 3366 2089 3447 attinges,
2135 3385 2220 3429 ne
2242 3374 2432 3448 putet
2453 3387 2612 3429 uxo-

662 3450 755 3514 ris
801 3451 1091 3514 animum
1129 3471 1167 3514 a
1202 3451 1386 3516 nobis
1422 3450 1692 3514 alienari
1731 3450 1812 3515 ab
1848 3471 1921 3514 eo
1959 3471 2194 3530 amore,
2241 3472 2433 3532 quem
2469 3452 2609 3534 ipse

664 3555 783 3599 sua
827 3535 1019 3616 culpa
1064 3538 1317 3600 evertit.
1409 3538 1695 3600 Tantum
1745 3536 1983 3601 valebit
2027 3537 2432 3618 subscriptio,
2490 3559 2609 3603 nec

659 3621 871 3686 multo
894 3622 1347 3686 aestimabitur
1383 3624 1656 3687 minoris
1680 3643 1872 3706 quam
1896 3624 1949 3686 si
1988 3632 2099 3686 tua
2132 3643 2334 3686 manu
2368 3623 2611 3704 scripta

659 3706 829 3771 foret
872 3718 1008 3771 tota
1053 3708 1341 3791 epistola.
1431 3709 1713 3790 Reliqua
1763 3710 2156 3793 perplacent.
2242 3709 2430 3785 Vale,
2476 3709 2605 3772 fra-

660 3805 762 3856 ter
785 3800 851 3856 et
872 3794 1076 3859 amice
1098 3794 1534 3877 integerrime.
1586 3792 1891 3878 Collegae
1914 3805 2023 3860 tuo
2058 3794 2457 3877 caeterisque
2478 3794 2608 3858 fra-

658 3877 887 3954 tribus,
925 3881 1114 3943 uxori
1153 3891 1299 3944 tuae
1338 3891 1403 3944 et
1438 3881 1558 3943 toti
1597 3881 1895 3958 familiae,
1934 3880 2282 3963 plurimam
2306 3879 2604 3945 salutem.

658 3962 987 4030 Dominus
1049 3986 1163 4030 vos
1219 3986 1444 4030 omnes
1510 3976 1727 4030 servet
1783 3987 1857 4031 ac
1917 3973 2106 4049 regat
2166 3966 2405 4048 spiritu
2468 3985 2604 4032 suo,

659 4049 895 4115 Amen.
984 4050 1212 4116 Prima
1267 4072 1522 4134 quaque
1580 4051 1914 4118 occasione
1970 4049 2292 4118 indicabis
2353 4073 2442 4118 an
2502 4053 2607 4117 hic

657 4136 863 4201 frater
918 4136 1114 4202 istinc
1176 4137 1451 4202 Tessano
1508 4136 1855 4203 abduxerit
1909 4137 2378 4223 paedagogum.
2470 4138 2604 4204 Ge-

659 4241 866 4288 nevae
912 4227 1010 4287 21.
1058 4223 1226 4305 Aug.
1279 4227 1458 4286 1547.

1579 4357 1862 4423 Ioannes
1905 4358 2223 4426 Calvinus
2265 4367 2435 4427 tuus.

951 4515 1062 4522 -.-.

690 4613 833 4668 089.
875 4612 931 4679 1)
971 4613 1047 4667 ad
1094 4613 1333 4668 Vis-etum
1361 4591 1530 4683 puta,
1553 4613 1650 4669 sed
1682 4615 1842 4669 nobis
1863 4614 2187 4684 deperditas.
2254 4617 2481 4672 Videtur
2515 4635 2602 4674 ro-

654 4697 815 4753 qaoee
850 4688 913 4737 nt
946 4682 1054 4736 eibi
1086 4682 1275 4736 adsint
1307 4684 1490 4737 noem-i
1520 4699 1555 4737 a
1708 4683 2032 4738 Bes-nenses.

863 4749 922 4816 2)
959 4749 1167 4805 Franc-
1205 4751 1508 4806 Hoffmann
1571 4754 1694 4807 ieter
1728 4752 1794 4807 de
1830 4751 2405 4808 Vt'llc'crc·15'aint·Paul
2452 4755 2607 4820 filins

547 4861 553 4866 -
655 4821 951 4875 aaronem&
982 4820 1271 4874 cuiusdam
1312 4820 1651 4874 Pas-lamenti
1685 4821 2022 4875 Parisiensis
2064 4829 2230 4876 notus
2273 4839 2324 4877 a.
2366 4796 2517 4895 1524,
2551 4842 2604 4879 α.

657 4886 794 4943 1546
829 4889 993 4943 sivnul
1023 4904 1145 4944 eum
1182 4888 1466 4944 Balduino
1500 4889 1698 4944 ibidem
1734 4890 1946 4945 scholas
1980 4892 2252 4945 iuridicas
2298 4901 2604 4962 aperuerat,

655 4957 754 5012 ced
783 4959 897 5011 iam
933 4972 1082 5012 anno
1117 4966 1364 5026 sequente
1383 4958 1748 5013 &mannam
1782 4962 2056 5023 concessit,
2092 4960 2375 5014 literarum
2412 4968 2465 5016 et
2495 4963 2604 5016 his-

657 5027 832 5081 t'on'ae
878 5025 1270 5094 professionem
1326 5029 1715 5094 auspicaturus
1777 5028 1996 5099 (Bayle,
2045 5026 2292 5099 Teissier,
2327 5029 2498 5101 Haoy
2534 5031 2604 5088 V.

657 5093 775 5162 525,
817 5093 1036 5149 Ructat
1069 5095 1167 5149 IV.
1203 5093 1324 5161 438,
1361 5095 1635 5150 Baldm'ni
1669 5095 1815 5165 Biqa
1848 5113 1908 5151 re
1979 5138 1989 5148 .
2029 5115 2079 5165 p.
2116 5096 2253 5162 163).
2322 5097 2605 5155 Caeterum

655 5179 723 5219 ea
764 5178 904 5233 quae
949 5164 1038 5218 hic
1088 5166 1436 5233 auinquntnr
1469 5180 1571 5219 nos
1600 5164 1842 5235 suffiunt.
1947 5181 2108 5235 psum
2145 5174 2324 5222 tamen
2356 5186 2469 5225 non
2504 5172 2603 5225 diu

661 5239 792 5288 mne
831 5231 1172 5288 Lau-sannae
1204 5235 1471 5289 mansisse
1505 5233 1663 5301 infra
1694 5235 1917 5289 videbis.

2239 426 2639 497 EPISmL
2647 428 2771 497 AB
2813 434 3146 497 939-941

4549 437 4648 500 586

3634 617 3790 690 940.

3218 770 3689 841 OALV'INUS
3732 771 4198 843 FARELLO.

2906 942 3063 1024 Quis
3124 961 3353 1010 emesae
3399 942 3824 1011 Perrinianae
3874 949 4080 1013 statue
4112 947 4196 1011 sit
4210 996 4227 1027 ,
4280 948 4557 1028 προπίῃ
4599 969 4650 1014 se

2728 1027 2937 1109 ipsum
3009 1029 3095 1095 ad
3135 1028 3688 1095 reconciliationem
3750 1050 4133 1113 propensum
4187 1051 4321 1098 ease
4376 1031 4649 1115 affimat.

2730 1111 3112 1193 Frmnentus
3152 1113 3710 1181 reconciliationem
3743 1115 3954 1198 ambit,
3998 1138 4041 1183 a
4074 1117 4259 1184 cuius·
4288 1138 4485 1184 uxore
4515 1122 4649 1185 ati-o-

2727 1198 2875 1264 citer
2915 1200 3053 1280 ipse
3096 1199 3304 1267 laesus
3345 1206 3450 1265 est.

4312 1414 4326 1428 .
4363 1372 4651 1441 383,1.m„

2729 1368 2920 1432 (Manu
2955 1369 3161 1439 scripta
3194 1387 3304 1424 non
3340 1378 3536 1425 exstat.
3608 1371 3798 1425 Edidit
3842 1373 3987 1426 Beza
4035 1373 4239 1427 Genea
4452 1444 4500 1497 Δ
4571 1445 4603 1498 li

4370 1483 4384 1496 .
4501 1461 4573 1515 ng
4602 1461 4650 1499 ce

2728 1452 2780 1505 p.
2824 1434 2935 1504 153,
2973 1436 3186 1492 Hanov.
3222 1456 3276 1508 p.
3314 1437 3432 1505 172,
3468 1439 3678 1494 Chouet
3712 1457 3766 1509 p.
3803 1438 3922 1507 526,
3961 1443 4227 1564 Amatmp.

3194 1524 3349 1561 versa
3383 1509 3586 1578 legitur
3622 1509 3704 1562 ed.
3744 1508 3941 1564 Edinb.
3977 1509 4047 1564 H.
4085 1510 4116 1563 1
4191 1512 4231 1577 .)

2895 1674 2964 1742 Β.
3031 1676 3091 1741 Ε
3139 1698 3176 1742 o
3222 1698 3375 1742 vero
3416 1681 3727 1745 maiorem
3762 1680 3880 1746 tibi
3920 1681 4205 1764 gratiam
4239 1682 4446 1748 habeo
4481 1703 4650 1767 quam

2724 1761 2941 1827 verbis
2985 1762 3108 1827 faci
3136 1784 3172 1827 e
3218 1766 3443 1828 testari
3489 1787 3756 1849 queam,
3809 1765 3980 1848 quod
4037 1767 4234 1832 fidem
4279 1789 4652 1852 operamque

2723 1854 2906 1912 tuam
2951 1850 3137 1913 nobis
3181 1849 3353 1914 ultro
3390 1849 3695 1929 detulisti,
3724 1852 3773 1934 ¹)
3817 1872 4018 1935 quum
4056 1872 4175 1918 nos
4211 1855 4471 1938 magnis
4506 1854 4649 1919 diffi-

2723 1933 3072 1999 cultatibus
3132 1937 3351 2018 urgeri
3410 1948 3688 2019 putares.
3778 1934 4171 2021 Quanquam
4217 1939 4385 2004 nihil
4431 1962 4649 2005 novum

2722 2019 2931 2084 fecisti
2988 2041 3105 2084 nec
3158 2020 3700 2104 inexspectatum.
3805 2021 4000 2103 Quod
4057 2031 4277 2089 autem
4332 2047 4472 2092 non
4529 2048 4649 2092 sum

2722 2125 2897 2182 usus,
2944 2103 3012 2168 id
3049 2106 3116 2169 in
3157 2127 3352 2172 causa
3386 2106 3513 2172 fuit
3554 2107 3728 2190 quod
3761 2108 4130 2175 volitabant
4172 2111 4651 2195 circumquaque

2721 2190 2890 2254 varii
2934 2210 3229 2255 rumores
3273 2212 3433 2274 quos
3475 2196 3836 2259 exstinctos
3894 2194 4218 2277 optabam.
4319 2199 4516 2280 Atqui
4556 2219 4650 2262 ex·

2721 2276 2903 2340 citati
2947 2275 3223 2341 fuissent
3265 2278 3473 2363 magis
3519 2300 3594 2346 ac
3638 2280 3845 2363 magis
3888 2282 3942 2345 si
3990 2290 4053 2344 te
4099 2303 4173 2347 ac
4236 2280 4517 2348 Viretum
4556 2281 4650 2348 ad·

2724 2382 3074 2453 vocassem.
3156 2362 3303 2429 Scis
3342 2363 3732 2447 quibuscum
3776 2364 4147 2432 hominibus
4193 2368 4381 2433 nobis
4425 2391 4532 2434 res
4563 2369 4651 2447 sit,

2722 2455 2790 2511 et
2832 2468 3029 2529 quam
3075 2448 3463 2532 obloquendi
3499 2450 3770 2534 cupidis,
3862 2450 4173 2533 Quotidie
4217 2453 4449 2518 literae
4495 2452 4651 2519 adfe-

2722 2532 3054 2611 rebantur,
3102 2535 3485 2617 praesertim
3529 2535 3955 2621 Lugduno‚2)
4008 2560 4093 2602 ex
4153 2538 4388 2622 quibus
4430 2540 4652 2605 intelli·

2721 2616 2954 2702 gebam
2989 2640 3095 2683 me
3140 2619 3284 2702 plus
3322 2620 3533 2686 decies
3576 2622 3776 2688 fuisse
3819 2623 4121 2689 occisum.
4192 2624 4515 2691 Tollenda
4552 2626 4654 2710 igi·

2720 2714 2831 2768 tur
2872 2703 3318 2786 improborum
3362 2708 3774 2773 sermonibus
3818 2710 4064 2774 occasio
4108 2710 4248 2774 fuit.
4315 2710 4514 2777 Nunc
4554 2730 4652 2795 pa-

2721 2797 2902 2855 catus
2947 2799 3048 2855 est
3092 2797 3320 2857 status.
3412 2789 3733 2857 Senatum
3791 2792 4112 2860 habemus
4172 2796 4383 2861 bonae
4444 2817 4655 2862 causae

2717 2876 3064 2940 faventem.
3155 2877 3512 2944 Amedaeus
3554 2886 3781 2944 noster
3834 2879 4046 2945 adhuc
4093 2890 4195 2946 est
4236 2882 4306 2945 in
4355 2881 4589 2948 Gallia.
4609 2882 4655 2969 ⁸)

2719 2959 2905 3026 Uxor
2946 2961 3117 3043 apud
3161 2971 3431 3044 pat-rem,
3452 2962 3507 3050 ⁴)
3568 2965 3679 3029 ubi
3725 2986 3842 3029 suo
3888 2985 4070 3030 more
4116 2966 4492 3033 bacchatur.
4577 2967 4655 3031 Et

2717 3056 2936 3112 tamen
2981 3047 3286 3133 petiimus
3331 3070 3369 3113 a
3414 3048 3742 3130 Senatu·‘’)
3800 3060 3875 3116 ut
3934 3053 3987 3117 si
4042 3072 4236 3135 quam
4283 3054 4655 3137 resipiscen-

2714 3134 2843 3196 tiae
2882 3154 3064 3215 spem
3101 3136 3491 3214 ostenderet,
3528 3139 3863 3219 superiora
3898 3140 4119 3202 omnia
4152 3139 4650 3222 ignoscerentur.

2714 3218 2859 3282 Hoc
2904 3239 3037 3283 non
3082 3227 3184 3284 est
3224 3222 3662 3304 impetratum.
3766 3224 3937 3287 Nam
3997 3245 4150 3290 eous
4197 3246 4277 3289 ue
4322 3245 4653 3311 progressa

2715 3311 2816 3367 est
2858 3313 2935 3367 ut
2977 3326 3157 3387 spem
3201 3308 3432 3371 veniae
3487 3309 3607 3373 sibi
3652 3307 4055 3391 praeciderit.
4149 3244 4481 3391 &uoniam
4528 3310 4650 3375 dies

2713 3408 2950 3454 coenae
2995 3411 3194 3473 appro
3241 3393 3472 3474 inquat
3521 3393 3964 3459 Penthesileam
4008 3397 4416 3468 conveniam.

2884 3475 3113 3558 Nuper
3157 3412 3610 3554 lgumrztusss)
3658 3478 3737 3544 de
3781 3481 4306 3547 reconciliatione
4351 3485 4507 3567 egit,
4551 3481 4649 3547 sed

2715 3560 2974 3625 volebat
3040 3584 3176 3626 rem
3246 3566 3520 3648 transigi
3589 3587 3658 3630 se
3726 3563 3987 3631 arbitro,
4089 3567 4467 3651 Respondi,
4532 3588 4650 3633 non

2714 3644 2874 3711 adeo
2919 3645 3298 3713 destitutam
3345 3672 3485 3714 esse
3530 3660 3820 3715 nostram
3858 3651 4195 3717 ecclesiam
4233 3655 4391 3735 quin
4430 3656 4651 3719 stati-es

2714 3733 2841 3796 mei
2886 3731 3040 3797 huic
3083 3735 3456 3816 provinciae
3500 3734 3877 3802 subeundae
3930 3758 4121 3820 pares
4171 3739 4380 3804 futuri
4426 3747 4647 3806 essent.

2713 3817 3140 3885 'Pentabimus
3185 3822 3420 3886 omnia.
3508 3822 3601 3886 Et
3655 3832 3875 3887 tamen
3928 3825 4235 3889 atrociter
4290 3845 4399 3891 me
4457 3825 4649 3890 laesit.

2711 3902 2894 3968 Nam·
2950 3925 3150 3988 quum
3207 3905 3281 3969 in
3337 3906 3662 3990 baptismo
3732 3906 3945 3974 Iacobi
4023 3910 4232 3975 nostri
4292 3910 4373 3976 de
4439 3911 4647 3977 uxoris

2733 4193 2882 4246 940.
2922 4194 2979 4259 1)
3019 4192 3104 4316 gf.
3143 4194 3219 4249 N.
3256 4194 3375 4250 935.

2914 4263 2976 4327 2)
3063 4264 3105 4326 f.
3142 4263 3218 4317 N.
3253 4262 3371 4317 937.

2913 4329 2974 4395 3)
3016 4329 3105 4383 De
3155 4331 3377 4387 Pes-rim·
3418 4333 3680 4403 leqatione
3735 4334 3812 4388 ad
3855 4336 4041 4390 aulam
4084 4334 4325 4392 Hem-ici
4366 4337 4437 4391 IL
4490 4350 4647 4407 supra

2708 4399 2910 4454 dictum
2942 4406 3038 4454 cet.
3079 4399 3161 4465 Cf.
3201 4401 3274 4455 N.
3308 4399 3428 4454 912.

2912 4467 2977 4530 4)
3016 4468 3092 4522 N.
3129 4467 3248 4536 921,
3282 4478 3394 4524 not.
3428 4471 3478 4524 5.

2914 4536 2974 4602 5)
3018 4536 3087 4590 Se
3129 4538 3229 4592 hoc
3270 4539 3467 4604 fecisse
3511 4542 3628 4607 ipse
3672 4540 3822 4595 solus
3864 4542 4023 4597 nobis
4069 4548 4234 4597 autor
4277 4551 4368 4598 eat.
4467 4545 4643 4600 Vm

2707 4606 2849 4660 idem
2880 4611 3121 4660 narrant
3160 4605 3546 4662 commentarii
3580 4606 3737 4665 Cone.
3786 4607 3862 4663 ad
3894 4607 3975 4663 14.
4014 4610 4123 4665 Iul.
4160 4610 4226 4666 de
4258 4627 4511 4668 sororum
4541 4629 4645 4666 nu·

2706 4675 2857 4729 lieris
2890 4675 3108 4728 maritis
3156 4674 3378 4742 TissotO,
3417 4676 3624 4730 Bonna
3659 4683 3708 4732 et
3747 4677 4055 4733 Rev-nardo.

2790 4813 2801 4825 ·
2913 4741 3173 4824 6)”Quae
3232 4752 3533 4813 sequuntur
3584 4746 3870 4827 obscurius
3925 4747 4092 4803 dicta.
4187 4747 4523 4805 mmmm
4566 4749 4643 4804 In‘e

2706 4811 3031 4947 muliplicem
3044 4814 4029 4964 :qclizassedtomvdltgvoltugbalgzlnum
4053 4816 4425 4941 eumderini
4445 4883 4642 4942 uxore?

2706 4964 2836 5003 nam
2870 4950 3089 5002 verbum
3124 4950 3333 5003 taes-at
3369 4951 3450 5005 ad
3483 4967 3745 5005 nemmem
3776 4958 3996 5020 praeter
4029 4953 4175 5008 hanc
4218 4955 4401 5023 ipsam
4441 4956 4638 5010 collant

2705 5018 2909 5083 referri
2934 5032 3107 5085 posse.
3181 5017 3416 5072 Iacobus
3444 5036 3587 5087 puer
3628 5021 3846 5074 Caluini
3873 5023 4273 5092 primoyenitus
4291 5030 4463 5078 nam
4493 5031 4566 5079 eu
4591 5028 4635 5078 et

2704 5092 2951 5140 mortuus
3001 5103 3054 5142 a.
3107 5083 3246 5138 1542
3356 5086 3494 5141 Eius
3539 5103 3681 5144 uxor
3737 5096 3900 5144 antea
3945 5091 4349 5162 ,anabaptistae
4391 5097 4639 5163 stupuerat

2703 5156 3053 5210 matrimonio
3086 5154 3253 5209 huius
3287 5163 3462 5210 sectae
3493 5172 3642 5211 more
3676 5171 3712 5210 a
3748 5159 3904 5213 civili
3932 5161 4392 5230 mayistratunon
4425 5163 4635 5218 meilo-

2709 5223 2802 5279 Sic
2835 5230 2973 5277 certe
3006 5222 3291 5277 Bonnetus
3323 5239 3431 5278 rem
3467 5226 3697 5294 expedit.
3774 5225 3840 5281 Si
3869 5233 4049 5282 tamen
4093 5231 4404 5298 proximan·
4440 5229 4639 5286 Μ

2694 5292 2999 5418 ίονοοιίιιῖῑενηίεν
3030 5290 3134 5356 (N.
3173 5290 3318 5360 942),
3350 5296 3537 5362 potius
3576 5294 3866 5351 Frumenti
3896 5312 4118 5353 umorem
4152 5303 4395 5353 notatam
4432 5317 4468 5354 a
4504 5298 4629 5356 Noo-

2750 5376 2783 5418 ο
2854 5373 3041 5415 werza
