4825 6175
212 404 324 468 445

211 588 424 658 adimis
464 585 848 669 scrupulum
892 585 975 651 ad
1019 605 1216 668 quem
1258 581 1543 650 haereo?
1631 583 1922 649 Tametsi
1967 581 2146 647 enim

211 669 509 742 tentanda
551 673 773 737 omnia
807 670 1117 738 videntur
1157 672 1377 754 potius
1463 689 1617 734 uam
1662 677 1742 733 ut
1782 667 1972 733 nobis
2006 688 2144 732 ces-

210 758 491 829 santibus
534 759 758 823 omnia
800 778 1064 841 pessum
1109 765 1296 834 eant,
1409 756 1421 770 '
1480 755 1494 768 '
1565 764 1792 819 tamen
1835 754 2143 836 tempori·

207 848 317 915 bus
377 843 537 908 adeo
600 843 849 923 dubiis,
930 841 1103 925 apud
1169 842 1472 907 homines
1534 848 1672 904 tam
1738 841 2144 923 suspiciosos,

206 931 361 1000 addo
400 930 596 995 etiam
633 928 1024 1006 fastidiosos,
1070 947 1337 995 movere
1383 925 1608 992 audeo.
1677 925 1871 1007 Quod
1908 925 1988 990 ad
2026 945 2145 990 vos

204 1023 441 1103 spectat
483 1013 809 1100 synodum
852 1015 1067 1079 modis
1110 1014 1413 1079 omnibus
1456 1032 1695 1097 urgere
1738 1012 2067 1078 convenit.
2087 1013 2142 1092 ²)

205 1102 328 1171 Sed
379 1100 796 1167 festinatione
848 1121 1013 1185 opus
1077 1109 1196 1165 est.
1308 1099 1530 1165 Stulte
1594 1119 1755 1164 vero
1825 1096 2144 1176 Salamas,

202 1189 305 1273 qui
346 1208 468 1253 nos
525 1184 689 1252 adeo
747 1187 984 1253 stultos
1043 1193 1261 1268 putat,
1324 1195 1398 1249 ut
1452 1184 1768 1268 quidquid
1827 1184 2143 1249 hactenus

469 1282 550 1337 nt
587 1279 812 1338 nostro
855 1273 1116 1337 silentio
1158 1269 1528 1354 probemus.
1595 1271 1829 1353 Egone
1873 1269 1954 1334 de
1984 1270 2146 1333 Hen-

199 1359 374 1438 n'ehO,
391 1360 446 1441 ⁸)
495 1358 805 1436 Macrino,
854 1357 1274 1441 Ghamperello
1315 1366 1583 1440 rogatus
1626 1365 1744 1420 aut
1784 1357 1853 1419 in
1892 1354 2147 1420 Sulseri

200 1445 472 1531 gratiam
525 1446 773 1529 fingam
826 1443 992 1508 mihi
1051 1444 1292 1509 factum
1343 1442 1600 1526 placere
1656 1451 1772 1506 aut
1828 1449 2140 1523 tanquam

198 1533 262 1597 in
314 1530 491 1595 mala
554 1551 755 1596 causa
811 1528 1300 1595 obmutescam?
1405 1526 1735 1611 Equidem
1780 1527 1984 1592 nolim
2029 1545 2141 1590 eos

199 1618 388 1683 etiam
445 1618 583 1682 suis
640 1616 924 1697 peccatis
968 1635 1147 1680 nunc
1211 1616 1491 1699 gravari.
1581 1611 1717 1679 Sed
1775 1614 2143 1679 consideret

198 1701 350 1787 quid
392 1703 583 1768 nobis
624 1702 837 1767 liceat.
927 1703 1174 1766 Decem
1234 1710 1574 1765 coronatos
1631 1699 1844 1781 prima
1889 1719 2143 1781 quaque

198 1790 528 1854 occasione
550 1788 824 1852 mittam.
893 1788 1131 1853 Postea
1164 1787 1452 1869 comperi
1485 1807 1592 1851 me
1626 1786 1696 1849 in
1734 1807 1851 1851 sex
1875 1784 2143 1867 reliquis

196 1874 391 1939 fuisse
437 1872 935 1940 hallucinatum.
1026 1874 1242 1938 Erant
1285 1873 1463 1936 enim
1498 1872 1734 1937 fratres
1778 1871 1924 1936 mei.
1993 1869 2145 1934 Duo

194 1960 298 2026 isti
341 1960 774 2025 Lausannam
819 1960 1339 2042 proficiscuntur,
1385 1966 1463 2023 ut
1503 1979 1728 2024 senem
1770 1958 2141 2040 Biturigem

194 2047 298 2127 qui
355 2044 536 2128 apud
589 2066 709 2111 vos
766 2045 1019 2110 habitat
1073 2066 1288 2110 secum
1347 2043 1479 2109 huc
1534 2064 1739 2126 usque
1796 2042 2142 2108 adducant.

193 2129 266 2197 Si
303 2131 468 2216 quid
513 2132 641 2197 erit
674 2130 1097 2209 difficultatis,
1144 2143 1215 2195 tu
1261 2130 1596 2195 hominem
1637 2129 2029 2212 persuadeas
2061 2148 2146 2192 ne

191 2225 450 2283 recuset
515 2215 599 2282 ad
663 2237 785 2282 nos
851 2217 1095 2282 venire.
1182 2215 1384 2293 Vale,
1441 2215 1650 2280 frater
1704 2214 2141 2299 integerrime.

191 2301 525 2369 Dominus
561 2312 629 2368 te
664 2313 1008 2368 conservet
1029 2323 1306 2386 semper,
1344 2323 1477 2367 una
1511 2322 1661 2367 cum
1685 2323 1910 2379 uxore,
1946 2323 2143 2384 quam

187 2388 350 2453 mihi
419 2388 775 2473 diligenter
838 2387 1184 2464 salutabis,
1252 2398 1320 2453 et
1382 2409 1609 2454 omnes
1673 2389 1927 2452 fratres.
2038 2387 2144 2452 De

192 2473 384 2541 Goelii
455 2473 748 2541 discessu
809 2474 1164 2539 audieram.
1183 2476 1242 2550 ⁴)
1343 2473 1492 2539 Non
1546 2481 1771 2539 tamen
1824 2473 2143 2540 audebam

187 2559 453 2626 credere
499 2560 706 2626 donec
749 2561 987 2626 certior
1041 2580 1162 2644 per
1205 2569 1272 2625 18
1314 2581 1462 2625 811111
1505 2559 1738 2626 factus.
1829 2559 2144 2626 Genevae

192 2650 284 2712 14.
329 2646 650 2713 Decemb.
705 2651 884 2710 1846.

1118 2732 1401 2798 Ioannes
1444 2730 1766 2798 Calvinus
1809 2740 1979 2798 tuus.

1089 3142 1246 3216 864.

723 3280 1197 3350 OALVINUS
1241 3278 1611 3348 VIRETO.

355 3451 768 3521 Commendat
809 3454 870 3518 ei
908 3452 1168 3520 Gallam
1208 3455 1522 3537 quendam
1565 3454 1950 3521 Lau-sannae
1990 3457 2145 3522 reoi-

169 3539 490 3622 piendum
533 3545 588 3604 et
629 3539 1021 3621 eumpaella
1062 3539 1675 3622 exii-sdemfinibus
1717 3542 2143 3610 advectam-

178 3627 479 3693 tn'mom'o
518 3626 917 3711 iunyendam.

182 3798 576 3861 (Praecedenti
612 3797 855 3851 subiecta
890 3813 950 3850 re
990 3798 1164 3852 eritur
1207 3799 1266 3852 in
1303 3801 1555 3854 omnibus
1587 3800 1750 3855 modo
1784 3800 2019 3853 laudatis
2055 3815 2143 3853 co·

179 3866 422 3922 dicibus:
462 3866 603 3923 Gen.
636 3865 754 3929 106,
789 3867 881 3921 fol.
918 3814 1018 3920 181
1056 3874 1185 3932 ant,
1219 3867 1390 3938 111⁸,
1426 3869 1518 3924 fol.
1549 3868 1634 3929 10,
1672 3867 1791 3936 111,
1826 3868 1918 3924 fol.
1955 3867 2056 3922 159
2074 3885 2146 3936 v.‚

724 3936 891 3990 Bern.
926 3953 981 4005 p.
1021 3935 1124 3990 798
1158 3943 1215 3991 81
1250 3939 1463 3992 Simler.
1499 3936 1613 3999 62.)

175 4107 612 4177 Fidelissimo
656 4106 911 4174 Christi
951 4130 1143 4174 servo
1188 4108 1271 4174 D.
1316 4109 1521 4175 Petro
1564 4110 1798 4176 Vireto
1841 4111 2143 4178 Lausan-

217 4198 455 4263 nensis
501 4194 813 4260 ecclesiae
856 4195 1106 4278 pastori
1149 4196 1338 4260 fratri
1372 4203 1440 4261 et
1481 4197 1690 4262 amico
1733 4197 2086 4264 carissimo.

350 4331 429 4400 S.
481 4331 871 4399 franciam
910 4331 1023 4399 hic
1063 4341 1305 4412 noster,
1334 4333 1384 4416 ¹)
1419 4340 1771 4418 antequam
1819 4336 2145 4418 Tigurum

389 4504 456 4569 2)
496 4502 1693 4572 Hiceonmamdusflundesh.p.2023.

393 4575 457 4637 3)
501 4575 591 4628 De
625 4575 683 4630 la
725 4575 911 4629 Mare.
979 4573 1098 4627 Hic
1132 4573 1223 4627 die
1266 4573 1343 4627 15.
1378 4571 1603 4641 Aprilis
1636 4521 1902 4630 dimissus
1934 4575 2143 4644 fuerat,

180 4641 438 4711 Μάρκε
474 4643 592 4696 iam
628 4645 712 4697 23.
750 4644 990 4711 Martii,
1030 4642 1442 4712 champerezlus
1476 4658 1627 4697 amno
1663 4645 1950 4712 superiore
1985 4645 2143 4699 abdi-

180 4710 1627 4780 emmaumoritateBememiamap.Gaimes
1670 4713 2144 4781 ”muster-{osmu-

178 4782 435 4847 yebamr.
517 4782 712 4837 Etiam
746 4782 996 4851 Maioret
1026 4796 1230 4836 novam
1264 4780 1630 4837 conditionem
1662 4781 1728 4836 in
1760 4782 1970 4838 ditione
2002 4785 2145 4839 Ber-

179 4850 447 4905 nausiam
481 4856 684 4906 nactus
715 4856 919 4915 tuerat.
979 4851 1300 4921 Quiomnes
1321 4850 1780 4917 Calvinoinfensi
1810 4852 1883 4908 ab
1916 4868 1977 4907 eo

181 4934 284 5041 8¹⁶
310 4921 464 4975 male
511 4920 827 4975 erudiebant.
899 4919 1159 4991 (Galiffe,
1206 4920 1464 4975 Ameaaoe
1508 4936 1571 4989 p.
1622 4921 1693 4974 52
1738 4936 1817 4991 sq.
1888 4920 2024 4991 Rey.
2069 4923 2149 4978 du

225 4990 478 5113 moad)
503 5059 572 5113 N
589 4989 718 5113 ‘8237

214 5125 2147 5199 sc4.1)mehmtcnostrumdicoet‚patetGaaumfwimat-
2259 5169 2280 5173 ,

184 5210 285 5266 que
317 5201 388 5251 ut
423 5196 648 5253 videtur
683 5196 1000 5251 Picardum.
1072 5197 1435 5264 Ammon-ati
1466 5197 1594 5251 olim
1628 5202 1682 5251 et
1719 5198 1915 5254 Parioi
1947 5197 2151 5253 madiis

183 5284 413 5336 operam
451 5266 679 5323 dederat
731 5267 993 5333 fortassis
1036 5268 1200 5321 etiam
1223 5265 1477 5321 eeclesiae
1494 5266 1683 5335 aliquo
1699 5266 1860 5322 modo
1893 5283 1950 5322 se
1963 5267 2150 5321 81118111

177 5337 567 5406 praestiterat.
637 5308 812 5393 Nunc
845 5338 1065 5404 quaerit
1097 5335 1461 5390 conditionem
1505 5336 1664 5405 apud
1697 5336 2147 5392 Laasoemtenses.

1898 397 2060 458 1646
2102 390 2504 460 DEOEMB.

4080 404 4207 468 446

2250 587 2319 646 et
2355 580 2515 646 inde
2554 584 3080 667 Argentoratum
3123 587 3320 652 etiam
3364 587 3766 669 concederet,
3808 588 4069 655 vixerat
4099 587 4211 657 hic

2249 665 2425 749 apud
2469 688 2590 766 nos
2633 669 2891 768 circiter
2933 668 3097 736 duos
3130 693 3408 739 menses.
3477 673 3577 739 Eo
3620 682 3915 757 tempore
3957 674 4208 740 medio-

2250 771 2435 817 crem
2473 774 2724 837 ingemi
2771 755 2913 819 eius
2955 767 3225 840 gustum
3270 778 3589 841 ceperam,
3644 769 3721 823 ut
3761 761 4050 825 maxime
4093 782 4207 826 cu-

2251 858 2476 920 perem
2533 838 2863 905 hominem
2928 841 3036 908 hic
3086 864 3371 909 manere.
3473 846 3946 927 Argentinensi
4001 845 4208 912 eccle-

2250 924 2385 989 siae
2429 926 2522 989 ita
2565 946 2636 990 se
2680 927 2982 1008 probavit
3022 936 3100 992 ut
3135 937 3453 1012 quotquot
3492 930 3674 996 illinc
3720 940 4045 1008 venerunt
4087 932 4207 996 ho-

2250 1010 2626 1075 nestissimo
2671 1013 3046 1079 testimonio
3091 1035 3242 1079 eum
3287 1016 3603 1080 ornarint.
3674 1016 3818 1081 Nisi
3862 1036 3970 1082 me
4011 1016 4207 1084 valde

2249 1095 2421 1159 fallit
2463 1096 2801 1174 iudicium,
2848 1100 3206 1181 experieris
3251 1100 3586 1167 hominem
3632 1099 3895 1167 doctum
3940 1112 4007 1168 et
4051 1123 4207 1185 pru·

2250 1178 2515 1246 dentem
2561 1181 2803 1265 absque
2845 1187 3284 1250 ostentatione
3304 1238 3319 1264 ,
3375 1195 3442 1252 et
3492 1186 3662 1270 quod
3722 1187 3932 1270 pluris
3991 1187 4206 1254 facere

2248 1265 2592 1343 debemus,
2662 1270 2937 1350 probum
2993 1281 3060 1335 et
3118 1271 3366 1337 nullius
3421 1274 3581 1350 fuci,
3643 1283 3711 1336 et
3768 1271 3851 1337 ad
3895 1273 4207 1340 ecclesiae

2250 1350 2766 1419 aedificationem
2810 1356 3029 1420 animo
3086 1358 3519 1439 compositum
3569 1368 3638 1422 et
3701 1358 3918 1442 aliqua
3970 1360 4209 1442 peritia

2249 1438 2668 1504 instructum.
2735 1439 2932 1521 Quod
2977 1441 3058 1506 ad
3104 1442 3394 1525 puellam
3429 1444 3669 1508 attinet
3712 1444 3792 1509 de
3836 1444 4021 1510 cuius
4065 1445 4205 1529 agi·

2250 1535 2359 1588 tur
2400 1525 2724 1609 coniugio,
2768 1528 3048 1609 scriptae
3090 1528 3254 1593 mihi
3288 1530 3556 1594 fuerunt
3590 1529 3822 1594 literae
3857 1552 3943 1594 ex
3978 1531 4206 1596 Picar-

2250 1609 2360 1673 dia
2401 1631 2570 1692 quae
2614 1621 2967 1688 testantur,
3026 1612 3109 1679 ab
3153 1635 3229 1678 eo
3273 1622 3341 1679 et
3393 1615 3724 1680 nonnullis
3770 1615 3917 1682 aliis
3960 1636 4204 1701 magno

2247 1694 2537 1778 periculo
2572 1718 2953 1781 summaque
2988 1699 3371 1765 difficultate
3391 1711 3681 1784 ereptam
3719 1721 3801 1766 ex
3823 1700 4203 1785 labyrintho

2251 1781 2530 1855 venisse,
2575 1783 2708 1847 imo
2752 1805 2794 1848 a
2836 1784 2973 1849 81118
3009 1785 3466 1850 liberatoribus
3508 1785 3858 1851 adductam
3892 1788 4096 1853 fuisse
4130 1788 4204 1853 in

2250 1866 2445 1933 aedes
2488 1868 2727 1934 nobilis
2772 1880 2839 1934 et
2882 1871 3178 1953 primarii
3216 1871 3549 1937 cuiusdam
3588 1873 3717 1937 viri
3753 1881 3820 1936 et
3853 1872 3991 1940 illic
4025 1882 4202 1940 caste

2247 1951 2558 2018 habitam.
2651 1953 2900 2021 Scribit
2932 1957 3110 2021 inter
3153 1956 3315 2023 alios
3348 1960 3570 2041 regius
3611 1958 3978 2040 praefectus
4021 1959 4206 2027 urbis

2249 2048 2528 2117 nostrae,
2551 2042 2609 2120 ²)
2655 2040 2849 2106 homo
2894 2042 3202 2108 cordatus
3245 2051 3311 2107 et
3345 2045 3455 2126 qui
3493 2066 3577 2108 ex
3614 2044 3838 2108 animo
3861 2044 4207 2110 Christum

2249 2124 2472 2207 spirat.
2542 2125 2689 2192 Illic
2710 2127 2897 2191 nulla
2928 2128 3329 2193 matrimonii
3370 2130 3445 2193 fit
3486 2130 3754 2195 mentio.
3823 2129 4018 2196 Unde
4053 2151 4206 2195 con·

2247 2209 2432 2290 iicio,
2490 2211 2816 2277 nihildum
2876 2214 3075 2278 fuisse
3123 2223 3278 2280 tunc
3321 2216 3494 2280 inter
3537 2236 3647 2280 eos
3692 2225 3930 2280 actum.
4011 2213 4206 2296 Quod

2248 2294 2379 2361 illis
2423 2306 2602 2362 certe
2645 2297 2820 2362 laudi
2865 2297 3234 2364 ducendum
3292 2310 3409 2365 est.
3499 2300 3672 2366 Nam
3730 2302 3858 2366 scis
3909 2322 4053 2366 esse
4096 2322 4203 2366 ra—

2248 2401 2396 2445 rum
2441 2384 2834 2466 exemplum.
2922 2385 3007 2448 In
3050 2386 3325 2451 caeteris
3382 2394 3449 2450 et
3491 2408 3631 2451 rem
3676 2395 3930 2469 gestam
3976 2394 4045 2452 et
4085 2386 4205 2452 ho·

2248 2467 2494 2532 minem
2538 2469 2705 2534 mihi
2748 2490 3146 2554 magnopere
3182 2492 3302 2536 8118
3336 2481 3403 2534 81
3436 2472 3691 2554 piorum
3727 2472 3995 2538 nomine
4029 2492 4204 2537 com·

2246 2553 2535 2619 mendat.
2602 2556 2747 2639 Ego
2789 2557 3012 2639 itaque
3047 2556 3166 2622 tibi
3210 2566 3277 2621 et
3319 2557 3629 2624 fratribus
3672 2556 4205 2624 commendatum

2248 2661 2391 2705 8888
2443 2640 2653 2723 cupio.
2755 2642 2836 2706 In
2904 2642 3205 2791 coniugio
3255 2641 3422 2706 nihil
3478 2642 3669 2709 video
3724 2644 4202 2726 impedimenti.

2248 2725 2482 2808 Itaque
2525 2737 2835 2810 rogatum
2891 2736 2960 2793 te
3014 2748 3096 2793 ve
3128 2728 3214 2792 ’m
3265 2736 3341 2793 ut
3403 2727 3716 2794 honestae
3755 2729 4012 2811 puellae
4056 2750 4207 2796 con-

2248 2810 2448 2889 sulas,
2492 2812 3022 2897 qnandoquidem
3066 2814 3444 2897 coniugium
3487 2815 3624 2879 fore
3669 2824 3897 2898 aptum
3940 2815 4205 2898 utrique

2247 2896 2520 2963 confido.
2611 2898 2810 2977 Vale,
2869 2898 3075 2964 frater
3132 2899 3576 2983 integerrime.
3679 2897 3914 2966 Saluta
3965 2901 4206 2966 fratres

2248 3003 2476 3048 omnes
2532 2982 2884 3068 diligenter
2938 3005 3087 3051 meo
3140 2986 3434 3066 nomine,
3498 3004 3773 3051 uxorem
3826 3006 4083 3070 quoque
4136 2991 4206 3051 et

2246 3068 2587 3136 familiam.
2653 3070 2846 3137 Uxor
2886 3092 3035 3138 mea
3077 3069 3301 3137 ambos
3343 3071 3707 3155 plurimum
3742 3071 4006 3140 salutat.
4075 3070 4206 3139 Ge-

2248 3176 2458 3222 nevae
2509 3160 2605 3222 17.
2650 3157 2960 3223 Decemb.
3014 3160 3196 3223 1546.

3174 3293 3458 3360 Ioannes
3503 3292 3825 3361 Calvinus
3868 3305 4040 3362 111118.

3038 3587 3445 3597 ————-—-—-—

3146 3837 3301 3909 865.

2725 3991 3159 4062 BUOERUS
3205 3993 3443 4061 BLAU
3453 3993 3731 4061 RERO.

2428 4167 2706 4234 Pertinet
2738 4168 2826 4233 ad
2844 4165 3232 4232 Ber-oensem
3264 4167 3741 4232 controversiam
3775 4166 3940 4230 inter
3962 4163 4209 4249 Zminy-

2251 4255 2458 4321 lianos
2501 4259 2558 4319 et
2599 4252 3176 4319 LutheranisanteS.

2252 4428 2366 4494 (Ex
2401 4424 2741 4495 autographo
2775 4424 2996 4479 Archiv.
3034 4421 3295 4475 Theman.
3330 4421 3558 4492 Argent.
3579 4451 3646 4462 —
3683 4421 3895 4477 Simler.
3930 4420 4057 4475 Vol.
4092 4418 4205 4486 62.)

2251 4596 2671 4663 Fidelissimo
2746 4595 3022 4661 Domini
3101 4593 3402 4660 ministro
3468 4591 3819 4659 Ambrosio
3896 4590 4209 4657 Blaurero

2421 4683 2671 4767 pastori
2714 4680 3024 4747 ecclesiae
3046 4680 3573 4746 Constantiensis
3617 4678 3880 4744 domino
3924 4685 3993 4742 et
4026 4697 4207 4766 sym-

2422 4774 2683 4853 mystae
2723 4766 2998 4834 colendo
3042 4775 3110 4831 et
3150 4766 3502 4832 carissimo.

2424 4902 2695 4988 Aliquid
2745 4902 2947 4968 huius
3001 4924 3119 4969 nos
3177 4923 3409 4969 rursus
3471 4901 3783 4966 molimur
3803 4951 3822 4980 ,
3887 4907 3955 4966 81
4020 4920 4209 4982 spero

2252 5012 2393 5057 rem
2460 4990 2678 5074 aliquo
2734 5010 2924 5073 posse
2985 4987 3287 5072 perduci,
3362 5008 3732 5072 quanquam
3812 4985 4209 5070 impedimur

2458 5264 2519 5331 2)
2554 5263 2817 5318 Eundem
2854 5264 3199 5333 praefectum
3250 5259 3760 5330 Noviodunum,
3809 5258 4034 5315 Galeim’
4067 5259 4207 5314 ami-

2251 5347 2394 5400 oum,
2431 5332 2652 5387 obvium
2685 5333 2930 5388 habm'sti
2960 5348 3141 5403 supra
3180 5332 3252 5387 N.
3279 5331 3398 5385 808.
