4825 6175
242 470 311 533 29
1890 471 2055 534 1545
2102 467 2571 539 FEBRUAR.
4140 481 4223 543 30

239 675 409 740 quem
448 652 644 719 valde
685 663 955 738 cuperet
1009 678 1050 721 a
1103 676 1211 721 me
1264 663 1334 722 et
1384 655 1501 723 abs
1556 662 1625 723 te
1668 654 2003 723 emendari
2020 707 2038 735 ,
2092 663 2168 722 ut

238 738 650 807 excuderetur
705 748 822 806 aut
877 743 1399 827 supprimeretur
1457 742 1518 809 si
1570 743 1758 809 nobis
1814 744 1908 808 ita
1950 744 2165 810 visum

236 833 401 894 esset.
504 827 600 891 At
641 822 712 890 id
767 847 810 892 a
863 837 1105 893 neutro
1159 826 1356 895 audet
1394 827 1744 911 postulare,
1789 827 1963 912 quod
2006 828 2167 895 satis

234 910 539 994 intelligat
579 912 813 995 quibus
848 915 1127 998 negotiis
1161 922 1434 998 uterque
1478 913 1813 993 obruatur,
1858 923 1933 979 tu
1976 936 2165 998 prae-

235 997 458 1066 sertim.
568 997 715 1081 Ego
779 998 1043 1081 quidem
1109 999 1359 1085 perlegi
1422 1008 1741 1084 quantum
1805 1001 1991 1067 licuit
2045 1021 2167 1084 per

234 1085 435 1151 otium.
504 1079 687 1163 Quid
720 1093 939 1149 autem
976 1087 1323 1169 profecerit
1355 1106 1502 1151 mea
1534 1086 1730 1152 lectio
1767 1089 1926 1153 satis
1961 1086 2163 1153 conii·

235 1189 363 1237 cere
412 1177 617 1250 potes.
704 1169 770 1234 Ν
771 1191 855 1235 00
911 1192 1059 1236 sum
1118 1171 1296 1236 enim
1356 1193 1432 1237 00
1485 1171 1727 1239 iudicio
1781 1175 1895 1257 qui
1950 1173 2165 1237 ausim

233 1251 567 1340 quidquam
619 1253 694 1319 in
737 1276 1081 1322 censuram
1136 1258 1276 1323 eius
1330 1259 1515 1323 cuius
1572 1257 1772 1324 velim
1818 1277 2164 1324 censuram

233 1340 444 1408 subire.
511 1338 685 1406 Nam
727 1341 883 1424 qnid
920 1340 1001 1407 (10
1034 1340 1344 1408 idiomate
1386 1342 1675 1409 iudicare
1718 1364 1987 1427 possum
2024 1345 2166 1410 eius

231 1429 481 1512 ignarus
494 1424 527 1489 Ἰ
615 1426 826 1492 Porro
873 1447 1070 1511 quam
1121 1429 1544 1494 temerarium
1589 1440 1761 1495 esset
1803 1430 2167 1495 sententias

230 1514 543 1578 invertere
585 1519 664 1576 ut
705 1513 874 1578 bene
917 1514 1092 1580 dicta
1148 1513 1595 1597 depravarem.
1684 1516 2002 1600 Legendo
2045 1536 2164 1581 no-

230 1597 354 1664 tavi
395 1595 724 1662 duntaxat
767 1600 970 1664 minio
1015 1621 1182 1683 quae
1217 1600 1485 1666 aliunde
1518 1601 1913 1684 requirenda
1954 1609 2164 1680 erant,

229 1685 288 1749 in
345 1683 755 1767 marginibus
826 1704 997 1767 quae
1055 1684 1454 1750 videbantur
1506 1687 1787 1752 inventu
1851 1687 2162 1764 difficilia,

228 1790 343 1853 qua
379 1769 449 1833 in
498 1789 575 1833 re
616 1769 912 1835 oculatos
1238 1771 1405 1855 phos
1449 1792 1590 1839 esse
1633 1780 1910 1856 oportet.
1997 1773 2163 1839 Pro-

229 1854 364 1920 inde
404 1855 607 1920 huius
652 1854 1033 1922 admonebis
1081 1858 1438 1923 Girardum
1454 1909 1470 1938 ,
1528 1858 1639 1924 ubi
1681 1858 1852 1924 liber
1895 1857 1979 1924 ad
2022 1880 2164 1924 ma-

229 1962 338 2006 nus
380 1949 531 2006 tuas
574 1943 972 2024 pervenerit,
1019 1945 1073 2007 si
1119 1942 1395 2027 dignum
1429 1944 1678 2010 iudicas
1721 1944 1837 2028 qui
1880 1942 2163 2011 excuda-

231 2035 342 2092 tur.
426 2025 603 2091 Nam
646 2026 798 2110 plus
852 2025 1000 2092 fidit
1043 2027 1339 2094 Faffellus
1396 2039 1617 2095 nostro
1661 2051 1857 2114 quam
1902 2051 2022 2096 suo
2062 2030 2163 2096 iu·

231 2111 396 2178 dicio,
482 2112 627 2177 Vix
682 2114 801 2178 tibi
859 2112 1081 2198 legere
1141 2115 1430 2196 vacabit,
1497 2126 1603 2181 sat
1659 2116 1814 2184 scio.
1902 2116 2163 2182 Poteris

230 2205 427 2263 tamen
471 2205 743 2282 gustum
789 2199 1073 2283 aliquem
1128 2221 1377 2284 capere.
1466 2201 1578 2266 Ex
1622 2202 1815 2267 titulo
1861 2201 2164 2268 coniicies

230 2291 676 2369 argumentum
746 2293 813 2350 et
863 2287 1189 2351 rationem
1247 2285 1592 2352 tractandi.
1696 2286 1997 2354 Farezzus
2060 2288 2160 2353 sui

229 2391 465 2453 semper
509 2369 746 2436 similis
791 2378 910 2450 est,
955 2372 1179 2455 gravis
1213 2380 1279 2437 et
1311 2372 1548 2455 plenus
1585 2373 1956 2452 affectuum,
2002 2395 2163 2456 quos

264 2456 630 2522 ctissimum
674 2457 919 2522 exserit
974 2459 1047 2523 in
1090 2458 1226 2524 suis
1288 2457 1371 2523 ad
1415 2456 1780 2523 Dominum
1837 2459 2159 2544 precibus,

227 2563 284 2606 1n
329 2542 566 2625 quibus
622 2551 802 2607 totus
854 2544 979 2608 iste
1041 2543 1209 2610 liber
1273 2551 1594 2610 versatur.
1686 2543 1968 2628 Scripsit
2020 2546 2161 2610 Au·

228 2629 514 2712 gustinus
560 2627 719 2692 olim
762 2626 965 2693 libros
1015 2630 1517 2708 confessionum,
1563 2651 1714 2696 cum
1759 2631 1996 2714 quibus
2041 2629 2161 2696 ali-

226 2711 361 2796 quid
403 2713 624 2779 simile
666 2712 864 2779 habet
909 2713 1239 2796 Farellus‘,
1296 2716 1596 2800 quamvis
1656 2716 1835 2782 aliud
1895 2725 2049 2801 agat
2098 2723 2165 2782 et

224 2800 293 2950 {¹51
319 2798 1284 2970 ξῖῗέἕέἓιῑὲἑᾞέῃοῗέἐῇῒ
1294 2801 1463 2970 ..3¹3
1495 2802 2165 2972 ἕᾛὲἒθέηῗέἒῖἓῗέ

224 2969 476 3055 legatur.
547 2970 655 3036 Ita
698 2973 1047 3037 confitetur
1089 2973 1313 3056 populi
1346 2981 1614 3058 peccata
1657 2982 1732 3038 ut
1766 2974 1964 3040 simul
2001 2975 2161 3040 abu·

222 3078 318 3123 sus
359 3065 423 3123 et
463 3056 910 3142 blasphemias
973 3057 1218 3125 indicet
1277 3059 1513 3143 quibus
1567 3081 1727 3127 vera
1770 3060 2002 3146 religio
2046 3060 2157 3126 ob-

221 3152 354 3209 ruta
393 3153 511 3225 est,
558 3164 720 3227 quas
755 3143 929 3227 apud
949 3143 1315 3210 Dominum
1351 3145 1534 3211 velut
1568 3148 1889 3212 confitens
1931 3167 2159 3213 recen-

222 3236 326 3295 set.
408 3230 640 3296 Pauca
693 3229 857 3295 haec
911 3230 1029 3295 tibi
1088 3232 1341 3314 aperire
1398 3231 1579 3297 volui
1597 3284 1614 3311 ,
1690 3233 1747 3298 si
1800 3233 1966 3297 forte
2025 3253 2160 3297 non

221 3321 393 3380 vacat
445 3316 691 3400 legere.
795 3317 954 3382 Misi
1009 3316 1305 3382 libellum
1360 3316 1444 3381 ad
1506 3317 2028 3400 Chri-§topmrum
2082 3325 2159 3382 ut

223 3399 293 3465 ad
330 3408 394 3466 te
437 3423 514 3469 ac
574 3400 810 3466 deinde
868 3402 951 3467 ad
1001 3402 1356 3468 Girardum
1409 3404 1902 3555 typographum
1925 3476 1930 3480 ,
1944 3403 2157 3488 perfe-

222 3486 479 3553 rendum
522 3497 806 3565 curaret,
850 3487 907 3553 si
942 3486 1061 3553 tibi
1097 3488 1440 3555 consilium
1523 3512 1559 3555 0
1595 3489 1973 3556 excudendo
2009 3512 2158 3574 pro·

222 3569 416 3639 batur.
501 3572 717 3657 quue
759 3574 885 3639 feci
928 3594 1162 3658 ocyus,
1223 3575 1397 3659 quod
1455 3576 1718 3641 audiam
1772 3576 1969 3642 isthic
2014 3596 2156 3641 esse

221 3656 436 3725 fratres
480 3660 596 3743 qui
641 3667 1024 3744 exspectent
1079 3670 1156 3727 ut
1215 3682 1437 3727 secum
1479 3662 1717 3728 abituri
1759 3662 1828 3727 in
1871 3662 2157 3746 patriam

225 3752 629 3828 comportent.
726 3745 1051 3812 Girardus
1106 3769 1242 3812 non
1294 3747 1392 3811 ita
1444 3746 1692 3812 dudum
1734 3749 1924 3831 petiit
1965 3768 2005 3812 a
2046 3768 2155 3813 me

223 3834 290 3892 ut
339 3829 420 3895 ad
477 3852 550 3897 se
613 3831 948 3897 mitterem
1003 3852 1220 3899 meam
1275 3832 1814 3899 Necromantiam
1831 3837 1890 3918 ⁵)
1954 3854 2155 3900 excu-

225 3910 486 3982 dendam
499 3969 518 3997 ‚
586 3924 933 4001 postquam
1004 3918 1338 3984 absolutae
1405 3928 1592 3985 erant
1659 3926 1813 3984 tuae
1875 3919 2155 3985 Institu-

234 4218 326 4301 Via.⁸
358 4224 498 4277 enim
535 4228 703 4279 autor
734 4224 1027 4279 secundam
1064 4225 1305 4295 aliquam
1341 4225 1628 4280 editionem
1662 4226 1914 4294 opusculi
1937 4225 2156 4294 pridem

224 4286 667 4349 edilia-uicorum
699 4296 1930 4364 censuraequaeinovumopueeubmisieset.
1985 4293 2157 4350 Prior

224 4356 300 4412 ille
331 4359 485 4415 liber.-
533 4362 732 4416 Ferme
780 4362 1074 4427 d'oraison,
1123 4379 1348 4418 recusus
1394 4369 1473 4418 est
1505 4365 1568 4417 in
1604 4363 1754 4418 Hiet-
1791 4363 1884 4417 des
1917 4368 2158 4433 martyre

228 4422 343 4479 1619
373 4430 467 4495 fol.
507 4428 611 4483 169
656 4436 706 4485 el
739 4432 801 4487 in
846 4431 1152 4486 collectione
1199 4431 1416 4488 Fickii:
1471 4432 1559 4485 Du
1603 4448 1741 4503 vray
1790 4449 1886 4485 usa
1923 4447 1953 4483 0
1998 4431 2067 4485 (10
2103 4432 2157 4485 10

227 4496 358 4550 croix
394 4496 528 4552 1865
565 4516 619 4569 p.
659 4498 776 4553 278.
848 4498 1097 4555 Exstant
1126 4508 1408 4568 praeterea
1443 4501 1559 4555 alia
1605 4500 1715 4555 duo
1752 4500 1876 4555 Far
1942 4500 1969 4553 i
1997 4514 2156 4568 opus-

227 4564 336 4619 cula
365 4568 603 4622 eumdem
632 4569 861 4638 aeneo-ie,
900 4568 1026 4623 olim
1061 4585 1088 4623 s
1226 4571 1358 4625 atim
1394 4569 1557 4635 edita,
1586 4576 1781 4637 postea
1813 4569 2002 4624 itidem
2036 4585 2156 4622 etun

227 4631 309 4686 2110
337 4650 526 4691 recusa
560 4638 624 4691 ia
657 4638 807 4693 Eiet.
855 4638 951 4692 des
987 4638 1245 4709 Martyrs
1285 4639 1381 4706 fol.
1423 4637 1523 4692 164
1567 4644 1619 4693 et
1664 4636 1765 4692 166
1811 4655 1860 4692 υ.
1908 4643 1959 4691 et
2002 4637 2156 4704 apud

231 4698 467 4759 Fickium
544 4742 556 4755 .
596 4704 698 4759 242
735 4721 803 4760 se.
841 4712 894 4761 et
924 4704 1028 4758 272
1065 4722 1136 4761 88.
1172 4707 1397 4764 scilieet:
1457 4707 1511 4761 A
1545 4713 1671 4760 tous
1705 4723 1895 4760 cueurs
1934 4706 2154 4759 affamez

230 4767 290 4822 du
321 4771 460 4827 (10011-
492 4722 564 4827 ςο
599 4775 653 4828 10
685 4775 1024 4845 predication
1048 4776 1119 4829 du
1144 4777 1318 4829 sainct
1335 4777 1598 4845 Evangile
1623 4781 1680 4829 et
1713 4776 1786 4828 du
1820 4792 1955 4845 vray
1991 4791 2155 4843 usage

231 4837 312 4892 des
344 4857 660 4914 sacremens,
697 4850 777 4898 et:
824 4846 953 4898 Aux
999 4845 1211 4914 Eglises
1247 4845 1316 4899 de
1350 4853 1538 4899 nostre
1575 4845 1840 4914 Seigneur
1876 4854 1928 4899 et
1965 4860 1997 4895 a
2031 4850 2154 4896 tous

231 4905 518 4965 Chrestiens
629 4930 692 4966 ur
726 4914 881 4966 avoir
911 4913 1034 4966 aide
1062 4918 1119 4966 et
1153 4914 1367 4967 confort
1402 4932 1469 4968 en
1490 4914 1545 4966 la
1579 4912 1843 4968 necessita
1862 4917 1920 4966 et
1952 4912 2152 4965 famine

233 4973 290 5029 de
330 4979 383 5031 la
423 4997 557 5049 paro
581 4997 614 5034 0
658 4982 728 5036 (10
775 4982 927 5036 Dieu.
1011 4981 1308 5054 Utrumque
1344 4983 1588 5052 primum
1636 4982 1873 5037 Metensi
1907 4981 2158 5036 eccleciae

234 5043 538 5103 destinatum
569 5049 767 5116 fuerat.
1346 5054 1349 5055 ⁷

413 5117 473 5184 ὃ)
506 5118 588 5172 La
623 5135 974 5174 necromance
1007 5136 1081 5189 pa
1119 5121 1203 5174 ale
1224 5119 1358 5173 faite
1391 5137 1493 5190 par
1526 5120 1779 5190 dialogus
1812 5136 1879 5173 en
1912 5117 2156 5172 maniere

233 5180 292 5236 de
322 5184 466 5239 devie
509 5184 663 5240 1553.
738 5188 965 5242 Annum
1008 5205 1045 5242 a
1173 5188 1372 5244 ῶίηιιιε
1415 5205 1483 5244 ece
1529 5190 1826 5244 autoritate
1872 5185 2161 5242 Schmidtii

236 5257 277 5305 a
305 5252 520 5324 Haaqii,
557 5261 609 5311 el
640 5257 809 5322 facule
838 5258 999 5312 nobis
1025 5259 1421 5325 persuademus
1453 5273 1516 5313 eo
1550 5273 1721 5328 usque
1752 5257 2036 5313 editionem
2072 5253 2155 5308 di-

233 5317 382 5447 w
412 5326 597 5392 titisse,
634 5342 800 5397 quum
840 5327 961 5395 ipse
1001 5332 1168 5382 autor
1201 5327 1253 5383 h.
1286 5328 1323 5384 l.
1365 5326 1562 5382 libo-m
1606 5324 1853 5382 nondum
1896 5329 2157 5394 paratum

2272 658 2563 742 tiones-⁶)
2609 665 2676 724 et
2727 657 2895 724 liber
2946 659 3019 723 in
3062 657 3460 726 Libertinos.
3561 663 3656 727 At
3696 662 3871 728 malo
3912 662 4102 728 illum
4143 662 4225 729 li-

2271 742 2518 808 bellum
2555 742 2804 810 Farelli
2844 744 3252 829 praecedere.
3341 745 3609 813 Interea
3648 747 3893 831 parabo
3937 749 4227 833 dialogos

2271 828 2540 911 aliquot,
2563 830 2621 913 7)
2678 850 2838 913 (1000
2902 829 3230 897 &irardus
3285 832 3344 896 si
3401 831 3578 898 volet
3642 833 3952 915 excudet,
4020 834 4224 903 donec

2268 913 2738 981 Necromantia
2780 916 3072 1000 paratior
3114 916 3217 982 sit.
3284 917 3457 982 Nam
3493 920 3863 1003 occupatior
3897 921 3991 985 fui
4027 940 4225 1004 quam

2269 1009 2346 1065 ut
2388 1000 2452 1064 ei
2495 1021 2761 1153 (geram
2807 1023 3004 1085 quam
3048 1003 3515 1070 constitueram
3568 1004 3950 1090 impendere
3991 1014 4223 1090 potue-

2267 1086 2415 1236 a'drrm.
2567 1088 2634 1152 ui
2678 1086 2927 1155 accedit
2981 1087 3152 1172 quod
3196 1089 3328 1154 nisi
3381 1110 3623 1176 urgear
3663 1111 3801 1156 non
3843 1098 3982 1157 tam
4025 1092 4222 1157 ardeo

2394 1193 2579 1255 opus.

2441 1257 2636 1323 Duae
2677 1257 2830 1324 illae
2871 1258 3233 1343 legationes
3275 1260 3667 1339 Bernam,⁸)
3720 1281 3880 1345 quas
3922 1283 4029 1327 me
4072 1282 4223 1328 cum

2276 1343 2558 1409 Tornaco
2577 1346 2634 1419 ⁹)
2679 1344 2862 1410 obire
2905 1346 3213 1429 oportuit,
3273 1346 3400 1411 hac
3444 1353 3583 1412 tota
3625 1346 3862 1431 hyeme
3906 1369 3946 1412 a
3987 1346 4223 1413 studiis

2270 1449 2476 1511 paene
2544 1439 2923 1496 avocarunt.
3038 1429 3188 1497 Scis
3252 1439 3595 1514 praeterea
3658 1454 3851 1516 quem
3918 1433 4222 1500 comitem

2270 1514 2568 1580 habeam.
2601 1518 2681 1596 ¹⁰)
2770 1516 3128 1600 Nusquam,
3175 1520 3471 1583 omnium
3512 1517 3756 1584 iudicio
3771 1571 3788 1598 ‚
3848 1520 4221 1604 graviorem

2270 1608 2384 1666 aut
2428 1601 2871 1667 nocentiorem
2928 1603 3172 1667 inflixit
3224 1603 3486 1687 plagam
3544 1603 3871 1670 ecclesiae.
3960 1602 4096 1671 Sed
4141 1604 4222 1670 de

2267 1685 2374 1751 his
2418 1687 2598 1753 alias.
2662 1686 2831 1752 Nolo
2875 1688 3051 1753 enim
3087 1688 3211 1754 hoc
3253 1689 3513 1773 ingredi
3555 1689 3843 1775 pelagus,
3887 1711 4007 1755 nec
4049 1691 4221 1756 iusto

2269 1794 2418 1837 meo
2476 1772 2682 1838 dolori
2741 1792 2918 1838 nunc
2980 1773 3342 1858 indulgere.
3446 1775 3689 1841 Exitus
3745 1776 4011 1841 tandem
4075 1783 4221 1842 acta

2269 1858 2587 1942 probabit.
2654 1859 3010 1925 Praeterea
3050 1860 3509 1925 constituimus
3554 1861 3726 1926 circa
3768 1863 3830 1927 A
3879 1861 4069 1927 rilem
4107 1868 4222 1926 aut

2268 1944 2543 2026 Maium,
2589 1953 2705 2010 aut
2748 1945 2804 2010 si
2854 1965 2925 2010 se
2969 1945 3153 2027 prius
3206 1944 3519 2011 obtulerit
3572 1968 3823 2012 commo
3869 1968 3910 2012 a
3951 1949 4216 2024 occasi0,

2266 2028 2485 2097 isthuc
2530 2029 2614 2094 ad
2657 2039 2722 2095 te
2764 2031 3103 2114 proficisci,
3148 2051 3289 2116 ego,
3334 2031 3728 2099 Franciscus
3774 2032 4011 2098 Rivius
4035 2035 4116 2115 ¹¹)
4154 2041 4221 2097 et

2275 2116 2712 2194 Tmacensis,
2773 2116 2854 2181 de
2907 2115 3136 2181 multis
3194 2125 3409 2182 tecum
3456 2117 3772 2184 collaturi.
3864 2117 3997 2185 Sed
4045 2117 4220 2184 dices

2270 2208 2333 2267 te
2377 2199 2593 2268 adhuc
2636 2207 3020 2285 exspectare
3064 2201 3221 2285 quid
3266 2204 3512 2268 nostris
3555 2203 3992 2289 legationibus
4027 2204 4221 2270 effec-

2268 2296 2410 2352 tum
2456 2288 2561 2353 sit.
2651 2287 2821 2353 'I'um
2864 2288 3125 2371 plenius
3168 2288 3392 2353 omnia
3432 2289 3777 2374 intelliges.
3867 2287 4004 2355 Sed
4038 2311 4122 2356 ne
4156 2299 4222 2355 te

2267 2371 2518 2438 diutius
2563 2372 2978 2456 suspendam,
3023 2375 3096 2438 in
3137 2374 3508 2457 praesentia
3542 2395 3755 2457 pauca
3795 2374 4101 2441 adiiciam
4137 2396 4221 2440 ex

2267 2458 2504 2543 quibus
2547 2458 2800 2543 reliqua
2841 2459 3031 2526 facile
3076 2459 3393 2525 coniicies.
3481 2460 3843 2527 Effecimus
3878 2459 4049 2544 quod
4083 2459 4220 2526 illic

2266 2544 2452 2610 solet.
2523 2544 2898 2612 Porcelletus
2941 2567 2982 2611 a
3024 2545 3385 2611 ministerio
3428 2545 3768 2612 abdicatus
3807 2554 3925 2612 est.
3993 2545 4218 2629 Scrip-

2268 2639 2406 2695 tum
2453 2638 2556 2696 est
2609 2630 2694 2696 ad
2789 2632 3105 2698 raefectos
3160 2652 3359 2714 super
3411 2631 3708 2697 articulis
3761 2653 3924 2714 quos
3981 2652 4220 2714 propo-

2266 2736 2626 2781 sueramus.
2803 2716 2914 2781 uid
2977 2716 3338 2800 profectum
3403 2716 3489 2782 sit
3555 2716 3850 2782 nondum
3929 2725 4216 2801 apparet.

2267 2801 2448 2883 Quid
2492 2809 2711 2868 autem
2754 2802 3301 2885 postulaverimus
3344 2802 3507 2868 alias
3551 2803 3759 2869 fusius
3802 2802 4045 2868 audies.
4111 2803 4219 2868 De

2266 2888 2520 2974 synodo
2564 2888 2719 2970 quid
2762 2909 3155 2972 responsum
3213 2888 3337 2965 sit,
3395 2887 3679 2953 arbitror
3731 2899 3800 2953 te
3856 2909 3897 2953 a
3942 2887 4217 2954 Christo-

2253 2973 2455 3056 phoro
2498 2974 2856 3040 rescivisse.
2924 2973 3064 3039 Nec
3106 2994 3414 3039 concessa
3447 2985 3548 3039 est
3580 2972 3706 3039 hoc
3739 2983 4052 3055 tempore,
4097 2995 4218 3041 nee

2263 3059 2336 3125 in
2381 3071 2717 3144 posterum
2762 3067 3021 3145 negata.
3087 3057 3240 3125 Non
3282 3068 3442 3145 puto
3485 3067 3709 3126 tamen
3754 3066 4047 3125 nostram
4082 3059 4217 3128 illic

2265 3147 2513 3230 aliquot
2546 3145 2804 3212 dierum
2840 3145 3379 3212 consuetudinem
3412 3145 3698 3211 obfuisse
3731 3146 4218 3212 controversiae

2265 3254 2432 3315 quae
2474 3232 2610 3298 illic
2654 3231 2815 3297 adeo
2860 3233 3091 3298 fervet.
3122 3233 3204 3313 ¹²)
3270 3230 3617 3297 Sensimus
3659 3231 3965 3296 nonnihil
4003 3232 4217 3296 utrin-

2266 3339 2391 3400 que
2436 3317 2850 3384 emollescere
2894 3318 3177 3395 animos,
3235 3319 3534 3400 quamvis
3588 3337 3722 3382 non
3775 3337 4019 3401 magna
4068 3338 4216 3401 spes

2261 3404 2351 3468 sit
2394 3402 2746 3469 diuturnae
2790 3402 3188 3470 concordiae.
3280 3401 3416 3468 Sed
3473 3402 3603 3468 ista
3658 3403 3731 3467 in
3789 3411 4088 3468 nostrum
4132 3402 4217 3468 ad

2261 3495 2329 3554 te
2373 3487 2731 3555 adventum
2766 3488 3171 3555 differantur.
3239 3488 3378 3554 Nos
3415 3490 3592 3552 enim
3629 3495 3885 3572 oportet
3930 3489 4217 3572 aliquam

2262 3576 2631 3661 excogitare
2687 3574 2866 3640 viam
2920 3596 3051 3659 qua
3103 3573 3207 3640 his
3267 3574 3510 3639 morbis
3566 3574 3818 3640 mederi
3871 3575 4214 3658 possimus.

2258 3661 2341 3727 Id
2386 3668 2607 3727 autem
2652 3681 2781 3744 quo
2824 3659 3018 3726 modo
3063 3660 3206 3725 fieri
3262 3659 3660 3727 commodius
3704 3661 3927 3744 possit,
3972 3660 4216 3725 melius

2259 3747 2706 3832 intelligemus
2728 3747 2844 3812 ubi
2879 3747 3236 3813 sententias
3272 3745 3759 3813 contulerimus.
3818 3746 3992 3811 Nam
4025 3744 4213 3812 nobis

2468 4018 2525 4085 6)
2558 4020 2791 4089 qallicae
2805 4019 3021 4087 scilicet,
3058 4036 3110 4074 a.
3135 4017 3269 4073 1545
3286 4018 3439 4088 apud
3466 4016 3772 4074 Girardum
3789 4032 4035 4084 eaecueae,
4072 4033 4207 4088 qua·

2260 4107 2386 4146 rum
2419 4090 2530 4143 iam
2564 4089 2838 4170 eremplar
2871 4091 3026 4145 nacti
3045 4103 3230 4143 sumus
3246 4094 3296 4143 et
3329 4087 3545 4158 quidem
3566 4087 3734 4142 solum
3762 4086 3910 4156 quod
3942 4088 4212 4155 inteyrtm

2261 4172 2540 4307 superes&
2561 4196 2913 4282 Continuatio
2945 4226 3063 4280 eius
3084 4225 3231 4307 ‚libri
3258 4228 3357 4306 qui
3378 4241 3427 4278 a.
3449 4222 3589 4278 1544
3617 4223 3929 4305 prodierat.-
3966 4222 4210 4305 60000ᾶο

2262 4303 2320 4351 et
2353 4296 2631 4349 troisieme
2678 4295 2856 4364 partie
2900 4295 2996 4348 des
3042 4294 3407 4363 disputatione
3453 4294 3837 4347 chrestiennes.
3917 4292 4076 4346 Dialo
4149 4308 4208 4345 es

2261 4366 2333 4419 du
2371 4364 2631 4419 desordre
2668 4365 2762 4432 qui
2798 4369 2883 4416 est
2916 4381 2949 4416 a
2970 4369 3193 4432 present
3228 4380 3297 4415 00
3312 4362 3524 4416 monde.
3580 4361 3813 4415 Geneve.
3835 4358 4036 4414 Girard
4056 4359 4085 4413 1
4122 4357 4206 4423 45.

2260 4502 2299 4557 ἆ
2422 4432 2520 4568 fss)
2559 4432 2654 4485 Ex
2689 4434 3028 4502 sequentibus
3063 4437 3296 4500 apparet
3342 4431 3409 4485 de
3452 4430 3748 4499 disciplina
3782 4430 4017 4483 maxime
4051 4444 4209 4497 αραι-

2300 4518 2389 4557 um
2451 4516 2613 4556 uisse.

2466 4569 2525 4635 9)
2560 4570 2691 4624 Iean
2725 4570 2794 4623 de
2829 4569 3080 4637 Toumay
3114 4567 3197 4620 dit
3231 4567 3299 4621 de
3333 4568 3389 4621 la
3407 4568 3553 4621 Tour
3588 4571 3752 4636 ayant
3784 4565 4012 4636 presche'
4046 4578 4207 4632 pure-

2259 4644 2410 4694 ment
2443 4639 2742 4708 l'Evangile
2790 4654 2858 4691 00
2893 4637 3050 4690 habit
3083 4636 3183 4690 d’A
3321 4636 3402 4690 tin
3448 4636 3584 4688 dans
3619 4636 3762 4689 Alen
3830 4655 3868 4689 n
3912 4639 3969 4687 et
4015 4633 4205 4703 depuis

2261 4707 2452 4763 exerce
2486 4708 2538 4761 le
2573 4708 2854 4761 ministere
2889 4722 3022 4760 avec
3163 4723 3199 4759 n
3239 4722 3270 4758 e
3306 4705 3613 4774 reputation
3659 4703 3728 4757 de
3802 4703 4009 4758 octrine
4044 4708 4101 4756 et
4136 4702 4204 4756 (10

2258 4780 2373 4831 zele
2409 4793 2468 4831 es
2503 4781 2681 4832 terres
2716 4776 2811 4829 des
2842 4776 2954 4829 Srs.
2990 4723 3268 4828 deggeme
3303 4772 3453 4826 avoit
3487 4779 3602 4826 este
3635 4773 3949 4826 finalement
3982 4771 4205 4824 accorde

2260 4865 2293 4900 a
2327 4845 2547 4915 l’Eglise
2582 4845 2650 4898 de
2671 4845 2877 4898 Chinon
2915 4841 3052 4897 1559
3086 4847 3143 4896 et
3176 4843 3260 4895 fut
3293 4841 3403 4895 l'un
3437 4841 3533 4895 des
3552 4842 3785 4911 deputez
3820 4856 3957 4909 pour
3991 4841 4045 4893 la
4079 4856 4204 4893 000-

2257 4915 2473 4969 ference
2509 4913 2577 4966 de
2613 4914 2804 4983 Poissy
2839 4913 3006 4981 (Hist.
3043 4911 3162 4966 eccl.
3200 4912 3275 4965 Π.
3306 4909 3457 4977 589).
3533 4911 3646 4965 Pro
3690 4915 3924 4977 tempore
3955 4914 4076 4964 erat
4107 4909 4205 4963 mi·

2257 4986 2432 5039 nister
2463 4983 2619 5037 verbi
2647 4983 2708 5035 in
2738 4997 2875 5050 ayro
2923 4979 3175 5037 Vadenei.

2432 5050 2525 5116 10)
2568 5049 2742 5105 Ludit
2776 5052 2839 5105 ia
2870 5050 3087 5103 nomine
3121 5046 3291 5103 Beati
3328 5046 3553 5101 Comitis
3585 5046 3826 5114 colleoae.

2435 5119 2521 5187 11)
2558 5118 2765 5173 Franc.
2807 5118 3081 5172 Man-toret
3123 5116 3202 5171 du
3241 5116 3435 5170 Rivier
3479 5116 3605 5169 olim
3639 5114 3964 5182 monachus,
4024 5115 4084 5169 V.
4123 5112 4202 5166 D.

2262 5189 2348 5243 M.
2367 5191 2433 5243 in
2452 5187 2705 5242 Moudon
2729 5185 2863 5241 1537
2877 5191 3067 5255 postea
3089 5187 3152 5239 in
3173 5182 3227 5239 S.
3250 5184 3441 5239 Blaise
3464 5189 3513 5238 ei
3534 5183 3669 5238 alibi
3702 5183 3932 5251 (Hermj.
3943 5183 4203 5252 passim).

2433 5255 2528 5322 12)
2563 5254 2719 5310 Inter
2741 5255 3237 5310 Latheranisantes
3269 5258 3322 5307 et
3341 5251 3729 5323 ZaeoinqlianoS,
3765 5253 3961 5323 quibus
3982 5257 4205 5307 senatus

2260 5341 2439 5380 mense
2473 5324 2767 5381 Decembre
2799 5325 3071 5379 silentium
3105 5322 3380 5392 ieipoeuit,
3424 5322 3505 5377 ita
3538 5328 3599 5375 ut
3634 5320 3976 5392 aliquandiu
4008 5319 4208 5375 lassati

2257 5395 2437 5465 Μαρία
2468 5409 2633 5466 quam
2665 5395 2860 5451 satiati
2888 5393 3103 5462 mri'que
3134 5392 3465 5463 quiescerent
3489 5389 3803 5475 (Haudeslu.
3818 5405 3876 5459 p.
3897 5388 4005 5443 190
4015 5389 4202 5458 καφ).
