4825 6175
618 432 739 495 691

650 616 805 682 Quod
839 616 928 670 hic
973 617 1072 671 tibi
1121 615 1393 669 offerimus
1438 620 1755 686 excerptum
1802 621 1888 669 est
1931 630 2000 669 ex
2036 615 2254 669 Simleri
2299 620 2449 669 tomo
2484 612 2568 668 66.

708 686 722 699 “
760 685 975 755 quidem
1010 701 1070 738 se
1104 685 1293 739 desum
1332 685 1469 738 sisse
1515 684 1750 738 affirmat
1794 699 1863 738 ex
1898 683 2064 739 Arch.
2113 685 2240 739 cccl.
2277 683 2569 755 'rigui-inae

707 771 761 824 p.
798 754 858 808 Τ.
892 753 1142 808 xxxm.
1191 771 1244 823 p.
1279 699 1384 806 ΕΒ
1417 770 1488 806 as.
1563 753 1771 806 Verum
1816 770 1917 806 nos
1959 769 2138 821 neque
2185 753 2243 806 in
2277 752 2383 807 hoc
2416 753 2566 806 volu-

616 823 789 888 mine,
889 821 997 877 uod
1043 838 1187 876 nunc
1237 837 1460 875 numero
1509 819 1609 876 155
1656 822 1836 875 Plutei
1881 820 1977 874 vl.
2023 823 2342 892 insignitur,
2389 837 2569 890 neque

803 891 875 944 ah
914 892 934 945 i
970 892 1257 961 vestigium
1295 890 1453 943 huius
1490 890 1751 960 epistolae
1785 890 2027 959 reperire
2060 890 2381 960 potuimus.)

617 1112 1147 1198 vigilantissimo
1194 1111 1633 1178 eruditissimo
1688 1120 1755 1177 et
1810 1112 2236 1195 integerrimo
2290 1111 2438 1178 viro
2482 1112 2569 1179 D.

788 1198 1080 1264 Henrico
1146 1196 1532 1283 Bullingero
1591 1197 2005 1264 ecclesiastae
2074 1197 2390 1282 Tigurino
2450 1218 2570 1263 suo

789 1287 858 1348 in
897 1283 1161 1350 Christo
1203 1283 1391 1348 fratri
1434 1293 1512 1366 et,
1548 1283 1811 1349 domino
1859 1292 2052 1365 atque
2093 1291 2370 1366 patrono
2404 1303 2572 1348 sem-

789 1390 908 1453 per
952 1368 1377 1434 observando,

790 1625 882 1690 Et
915 1624 1423 1691 Lausannenses
1465 1645 1738 1708 quoque,
1786 1644 1921 1688 non
1966 1625 2108 1689 sine
2136 1623 2387 1690 Calvini
2422 1644 2572 1709 sug-

702 1712 928 1788 stione,
1008 1710 1575 1776 Bucerianismum
1660 1711 1732 1773 in
1796 1707 2088 1775 scholam
2153 1710 2567 1775 invexerant.

657 1796 700 1862 d
733 1804 1158 1880 posteaquam
1204 1803 1470 1862 senatus
1526 1796 1808 1873 rescivit,
1826 1796 1886 1867 ²)
1931 1795 2137 1860 coacti
2193 1803 2353 1861 sunt
2395 1795 2571 1861 Lau-

619 1902 980 1948 sannenses
1022 1881 1495 1957 conclusiones,
1557 1902 1719 1964 quas
1772 1901 1894 1946 nos
1947 1887 2261 1964 tanquam
2305 1902 2567 1963 suspec-

616 1975 720 2035 tas
764 1987 803 2031 a
846 1967 1112 2050 reliquis
1156 1967 1430 2033 selectas
1486 1986 1988 2050 reposueramus
2003 2016 2018 2043 ,
2075 1965 2569 2048 probationibus

615 2053 906 2120 stabilire
922 2104 937 2129 ,
995 2052 1229 2136 quibus
1287 2053 1460 2117 tueri
1516 2073 1628 2118 eas
1684 2051 2102 2118 confiderent.
2204 2051 2284 2117 Id
2331 2051 2569 2117 deinde

615 2160 657 2204 a
697 2139 885 2205 nobis
923 2140 996 2202 in
1038 2140 1481 2222 germanicum
1540 2137 1936 2203 translatum
1980 2145 2047 2203 et
2089 2157 2129 2200 a
2170 2138 2566 2221 magistratu

616 2223 909 2289 auditum
956 2231 1071 2290 est.
1162 2223 1355 2291 Unde
1399 2224 1685 2307 profecto
1742 2224 2069 2307 gravitate
2112 2222 2566 2290 offendebatur

613 2309 788 2393 quod
834 2317 930 2375 tot
972 2311 1447 2392 scripturarum
1490 2309 1613 2374 loci
1659 2315 1880 2375 essent
1921 2308 2121 2375 citati.
2190 2307 2567 2375 Verebatur

613 2396 813 2461 etiam
857 2415 978 2460 nos
1020 2396 1312 2461 fortassis
1356 2416 1488 2460 non
1526 2397 1912 2460 suffecturos
1947 2395 2031 2460 iis
2066 2396 2366 2461 omnibus
2409 2415 2564 2461 con-

610 2481 926 2547 futandis.
1018 2480 1267 2546 Verum
1313 2481 1597 2546 obtinuit
1652 2502 1730 2546 ea
1772 2482 2103 2545 sententia
2141 2488 2219 2544 ut
2259 2502 2379 2546 nos
2422 2501 2562 2545 om·

611 2567 724 2632 nia
777 2568 1304 2632 examinaremus
1322 2617 1337 2644 ,
1399 2581 1465 2631 et
1521 2566 1797 2651 singulis
1844 2566 2267 2648 pensiculatis
2326 2564 2564 2631 deinde

611 2674 644 2718 s
868 2653 926 2716 'o
993 2662 1213 2718 nostro
1259 2661 1375 2716 aut
1417 2650 1840 2734 probaremus
1887 2662 2002 2716 aut
2043 2650 2558 2735 reprobaremus.

611 2736 695 2802 D.
742 2738 1027 2811 Ioniacas,
1091 2737 1385 2804 Weber-us
1404 2742 1460 2815 ⁸)
1521 2737 1827 2803 Nicotaus
1842 2736 1900 2820 ⁴)
1955 2743 2023 2801 et
2076 2757 2197 2821 ego
2254 2739 2562 2820 reproba·

611 2825 830 2888 vimus
873 2834 947 2888 ut
990 2823 1212 2890 fucata
1268 2831 1336 2887 et
1389 2823 1583 2888 falsa:
1645 2821 1959 2900 suemus,
2016 2820 2268 2901 Battus,
2285 2826 2345 2900 ⁶)
2406 2821 2564 2889 Gort-

608 2910 808 2975 radue
822 2911 878 2985 ⁶)
914 2909 1099 2973 miris
1145 2909 1506 2991 praeconiis
1548 2907 2012 2991 adpmbarunt,
2056 2906 2231 2991 quod
2264 2929 2400 2974 non
2434 2910 2562 2974 nisi

609 2996 967 3079 genuinam
1020 3004 1218 3077 atque
1277 2995 1675 3077 ipsissimam
1731 2994 2125 3077 scripturam
2169 2993 2560 3071 redolerent,

610 3090 679 3146 et
718 3079 947 3147 mirari
989 3103 1107 3148 cur
1163 3103 1285 3146 nos
1331 3080 1859 3148 adversaremur:
1922 3102 2154 3147 verum
2214 3102 2335 3147 nos
2375 3081 2563 3164 inge-

607 3169 721 3232 nia
783 3175 1011 3234 nostra
1086 3187 1423 3232 reservare
1486 3187 1641 3254 quo,
1681 3186 1938 3249 semper
2014 3165 2256 3233 iudicia
2335 3175 2565 3233 nostra

607 3254 1128 3337 praecipitemus.
1240 3254 1334 3318 At
1390 3253 1551 3319 iussi
1607 3272 1833 3318 sumus
1881 3252 2244 3318 sententias
2299 3261 2562 3318 nostras

607 3339 888 3422 scriptis,
924 3337 1116 3404 nobis
1159 3339 1357 3403 etiam
1417 3338 1721 3403 omnibus
1772 3338 2228 3420 praesentibus
2245 3389 2260 3414 ,
2314 3339 2562 3404 referre

608 3423 692 3490 ad
737 3432 1055 3490 senatum.
1145 3423 1469 3490 Fecimus.
1559 3424 1704 3510 Ego
1762 3445 1803 3489 a
1860 3433 2084 3490 nostra
2136 3431 2326 3508 parte
2367 3444 2559 3507 prae-

607 3512 750 3576 stiti
804 3530 972 3593 quae
1109 3511 1224 3574 tui.
1324 3510 1496 3574 Mihi
1564 3510 1741 3575 enim
1793 3510 2228 3575 injunxerant
2278 3508 2344 3574 id
2409 3529 2558 3575 mu-

606 3617 752 3662 nus.
852 3530 1175 3660 Absofflto
1243 3598 1503 3680 negotio
1557 3604 1626 3660 et
1686 3595 2132 3661 confutatione
2189 3596 2347 3661 satis
2402 3616 2556 3678 pro·

604 3681 743 3746 lixa
785 3689 1009 3765 (quam
1054 3688 1275 3747 tamen
1319 3681 1832 3761 succinctiorem‚
1886 3681 2015 3745 nisi
2055 3680 2561 3760 intricatiorem,

606 3767 799 3832 edere
842 3766 1047 3844 uolui)
1068 3819 1083 3844 ,
1142 3767 1475 3850 expedita,
1536 3769 1806 3849 insuper
1871 3766 2096 3831 audita
2146 3765 2425 3850 placuit:
2482 3768 2554 3831 in

599 3873 736 3936 qua
787 3852 1076 3918 fallacias
1133 3862 1199 3918 et
1247 3861 1586 3919 truncatas
1642 3854 2114 3936 scripturarum
2174 3852 2553 3928 sententias,

605 3948 831 4022 aperte
893 3938 1180 4021 proditas
1245 3937 1542 4004 volebam
1561 3989 1577 4017 ,
1643 3958 1770 4020 quo
1835 3947 1905 4002 et
1967 3939 2265 4004 rudiores
2328 3939 2554 4004 fucum

602 4045 862 4090 omnem
904 4031 1229 4107 caperent.
1318 4024 1489 4090 Nam
1533 4024 1871 4089 alterutris
1926 4044 2258 4089 summum
2300 4025 2554 4107 impen-

604 4109 797 4176 debat
839 4110 1201 4193 periculum
1219 4162 1234 4188 ,
1285 4110 1502 4193 potius
1556 4110 1973 4194 evangelicae
2026 4109 2312 4175 veritati.
2402 4109 2554 4175 Non

601 4197 820 4279 itaque
862 4195 1267 4279 parcendum
1320 4196 1447 4260 fuit
1503 4195 1741 4260 verbis.
1829 4195 2125 4260 Tandem
2182 4195 2391 4261 auditi
2449 4217 2558 4261 su-

601 4303 752 4349 mus
816 4282 940 4364 ipsi
1006 4292 1074 4346 et
1132 4281 1390 4365 scripta·
1441 4281 1640 4346 etiam
1705 4281 1953 4359 omnia,
2034 4302 2186 4346 cum
2264 4281 2554 4347 maximo

808 4606 869 4672 2)
907 4607 998 4661 De
1039 4611 1150 4661 toto
1194 4605 1295 4660 hoc
1440 4606 1550 4661 otio
1594 4604 1667 4671 cf.
1704 4605 1923 4660 Hauon·
1969 4604 2115 4659 dior.
2160 4605 2283 4660 init.
2334 4602 2559 4660 Ruchat

615 4677 677 4732 V.
713 4674 816 4729 343
851 4691 928 4746 sq.
1002 4672 1352 4740 Kirchhot'cr‚
1444 4675 1561 4729 arel
1592 4672 1680 4727 11.
1716 4672 1800 4728 92.
1874 4672 2054 4728 Plura
2082 4679 2209 4740 poet
2246 4672 2555 4728 &euleu-um

602 4743 1341 4879 ‘m‘sszffsm’
1364 4743 1580 4866 εαοῖιῖο
1590 4742 1884 4879 affusa-et
1899 4742 2211 4866 ῌΖώοααοι·
2226 4739 2439 4879 Pbaitmg
2481 4756 2555 4865 ἐἴ

602 4884 708 4938 hac
755 4883 1129 4961 controversia
1150 4882 1394 4962 ‘0631ch
1434 4887 1626 4935 contra
1681 4879 1857 4934 Vir-etc·
1896 4879 2095 4935 librum
2140 4880 2208 4934 de
2251 4881 2558 4934 ministerio

602 4958 652 5007 ἰ
687 4955 1498 5099 ’ωὲῗοὸῗιὲιρῗῖῗῗωωνωη
1523 5014 1664 5070 1544
1722 5017 1811 5071 ver
1853 5017 1990 5086 pius
2045 5023 2096 5072 et
2150 5016 2405 5072 nomm
2458 5014 2555 5073 aaa

601 5095 792 5144 curtae
825 5085 1169 5156 supellecttlts
1201 5086 1508 5153 (Hundcsh.
1541 5101 1598 5155 p.
1637 5083 1781 5152 187).

809 5155 873 5293 g}
903 5154 982 5278 ἑο
1015 5222 1038 5289 (
1094 5195 1250 5278 catus
1511 5226 1569 5291 .).

809 5294 868 5361 6)
909 5291 998 5348 Dc
1033 5290 1335 5347 Schmidtio
1366 5308 1412 5347 v.
1518 5334 1528 5344 .
1566 5291 1704 5347 1013
1745 5295 1856 5348 not.
1905 5290 1937 5343 1
1973 5295 2025 5346 et
2067 5288 2293 5358 Statim
2341 5289 2553 5347 Rerum·

610 5364 849 5420 Mauso&
886 5362 975 5417 11.
1008 5359 1127 5414 499.
1202 5360 1483 5417 Hundech.
1515 5378 1571 5430 p.
1607 5359 1730 5417 209.

2117 425 2644 495 EPIS'BOLAE
2695 430 3113 493 lou—1015

2672 617 2861 681 serio.
2948 614 3114 683 Nam
3160 621 3426 682 senatus
3479 614 3551 680 in
3610 615 3886 681 summis
3924 615 4455 699 occupationibus
4497 617 4608 681 mi-

2671 723 2799 767 nus
2842 722 2978 767 non
3020 700 3150 768 nisi
3192 701 3315 768 hoc
3371 700 3710 786 negotium
3764 700 3977 786 spatio
4020 699 4301 767 duorum
4344 700 4607 781 dierum,

2675 798 2743 851 et
2784 794 3012 870 postca
3053 792 3153 851 tot
3192 784 3422 853 diebus
3465 785 3771 853 similiter
3824 785 4091 853 diacosii
4146 786 4421 854 eandem
4464 807 4611 853 cau-

2674 892 2818 938 sam
2860 878 3230 940 tractarunt
3243 923 3260 951 ,
3315 880 3391 938 ut
3439 874 3553 956 qui
3605 871 3911 939 omnibus
3963 870 4193 938 studiis
4246 880 4314 938 et
4366 873 4611 938 viribus

2673 957 2844 1025 hanc
2901 958 3388 1026 contentionem
3452 956 3782 1024 sublatam
3836 957 4203 1042 cupiebant.
4309 957 4611 1026 Obtinuit

2672 1042 2913 1196 &aegide
2927 1043 2975 1131 1)
3033 1044 3279 1110 veritas
3335 1052 3405 1110 et
3457 1044 3728 1112 confusa
3778 1052 3880 1109 est
3933 1042 4294 1127 ceciditque
4348 1044 4609 1111 falsitas.

2812 1130 2900 1195 sit
2939 1129 3090 1212 pius
3133 1130 3562 1214 magistratus
3596 1149 3858 1196 omnem
3894 1127 4137 1206 dolum,
4183 1128 4475 1214 adeoque
4508 1128 4612 1194 ad·

2670 1234 2907 1282 versus
2949 1235 3060 1282 eos
3102 1215 3367 1294 exarsit,
3413 1223 3479 1281 et
3521 1214 3783 1298 saepius
3825 1214 4003 1281 laesa
4043 1215 4360 1299 patientia
4402 1216 4473 1281 in
4517 1216 4613 1281 fu·

2669 1321 2886 1367 rorem
2929 1299 3400 1385 propemodum
3443 1308 3543 1367 est
3582 1299 3863 1366 redacta.
3948 1300 4108 1367 Ideo
4163 1322 4202 1367 a
4255 1302 4615 1368 ministerio

2670 1394 2986 1472 tanquam
3028 1385 3265 1469 perfidi
3300 1396 3369 1452 et
3421 1387 3667 1469 periuri
3727 1385 4006 1471 depositi
4061 1395 4234 1452 sunt.
4260 1389 4315 1466 ⁷)
4416 1387 4613 1453 Adfe-

2670 1491 2814 1537 ram
2876 1492 3133 1538 mecum
3198 1492 3393 1538 omne
3455 1473 3793 1557 negotium
3861 1472 4201 1557 utriusque
4265 1474 4475 1557 partis
4538 1472 4615 1538 ad

2668 1559 3112 1629 Pentecosten
3125 1606 3142 1637 ,
3199 1556 3344 1622 Deo
3397 1552 3676 1625 volente.
3780 1558 4077 1643 Legatus
4089 1559 4146 1639 ⁸)
4216 1567 4444 1626 noster
4502 1558 4616 1624 tibi

2674 1644 3008 1794 urzig-ers?d
3033 1643 3331 1795 exactli3us
3373 1644 3735 1794 recenselbit
3780 1651 3886 1795 eil:q
3890 1644 4131 1710 referre
4114 1645 4430 1796 oeprpligeffit
4506 1645 4618 1744 'Pu

2672 1750 2741 1794 m
2827 1750 2867 1795 o
3007 1749 3151 1794 csse
3273 1749 3472 1794 ernae
3540 1751 3622 1795 ve
3647 1751 3722 1796 ιε.
3887 1751 3974 1796 on
4030 1751 4113 1814 po
4392 1750 4617 1795 maiori

2670 1815 2984 1882 beneficio
3055 1815 3259 1879 animi
3328 1815 3534 1881 nostri
3591 1815 3667 1881 'Pi
3760 1816 3926 1881 rinis
3991 1813 4310 1883 devinciri
4376 1824 4449 1881 et
4510 1817 4616 1881 ob-

2671 1900 2938 1985 stringi,
3006 1899 3134 1965 nisi
3200 1901 3326 1966 isto
3391 1900 3566 1984 quod
3628 1922 3666 1967 e
3742 1902 4087 1986 agitamus.
4110 1902 4169 1986 ⁹)
4267 1901 4480 1968 Effice
4538 1922 4617 1966 ne

2668 1986 2997 2070 repulsam
3041 1986 3388 2068 patiamur,
3475 2006 3563 2052 uo
3597 1987 4010 2054 exulceratae
4054 1987 4227 2072 apud
4272 2008 4393 2053 nos
4437 2008 4618 2052 men-

2668 2081 2768 2138 tes
2832 2073 3140 2138 fomcntis
3210 2072 3336 2156 piis
3399 2071 3441 2139 b
3557 2071 3637 2138 de
3714 2081 4082 2140 tractentur
4154 2081 4220 2139 et
4281 2082 4615 2140 curentur.

2667 2159 3009 2224 Profectus
3063 2159 3210 2242 plus
3270 2165 3370 2223 est
3422 2159 3491 2223 in
3550 2157 3747 2224 huius
3801 2179 3888 2223 ne
3974 2160 4048 2223 tii
4102 2180 4363 2226 recessu
4426 2178 4617 2242 quam

2669 2264 2792 2329 ego
2837 2243 3053 2310 verbis
3096 2243 3405 2326 expedire
3448 2243 3707 2326 possim.
3796 2180 4019 2310 Noffin
4061 2244 4366 2330 vulgatas
4411 2256 4483 2309 et
4517 2245 4619 2308 fri-

2670 2330 2879 2411 volas,
2961 2350 3042 2394 ne
3105 2329 3316 2396 dicam
3382 2329 3590 2395 aniles
3653 2340 3720 2395 et
3782 2329 4076 2395 inciviles
4141 2331 4617 2396 excusationes.

2669 2415 3203 2482 PerduravimuS.
3293 2413 3355 2481 Ο
3517 2423 3717 2481 uutus
3759 2426 3860 2482 est
3901 2416 4090 2482 nobis
4132 2428 4418 2482 senatus,
4491 2414 4619 2480 Cu-

2668 2503 2885 2654 gaus
2928 2501 3777 2670 iffeszilidieffimpotiugmgtdid
3790 2510 4298 2653 γ(ῑῖᾔοιιοῐιιιιιὶιεεῖἳίοθις
4313 2521 4621 2651 offigiffis

2670 2672 2783 2739 sed
2828 2671 3246 2757 peculiariter
3302 2680 3373 2737 et
3421 2672 3725 2754 inprimis
3768 2674 3912 2739 Deo
3967 2681 4035 2738 et
4077 2671 4266 2739 nobis
4309 2672 4618 2738 debeatis.

2668 2758 2842 2825 Nam
2896 2758 3188 2824 universi
3243 2758 3525 2841 petimus
3581 2757 3942 2839 Hunorum,
3998 2777 4297 2842 proceres
4353 2767 4427 2823 et
4482 2757 4619 2822 vul-

2665 2865 2790 2929 gus
2856 2853 3048 2928 atque
3113 2843 3275 2910 urbs
3337 2843 3664 2911 universa.
3774 2844 4115 2910 Increbuit
4176 2864 4423 2909 nomen
4484 2844 4618 2908 eius

2666 2930 2842 3015 apud
2900 2950 3019 2994 nos
3075 2949 3115 2993 a
3177 2929 3398 3011 priore
3462 2929 3864 3013 expetitione
3889 2932 3971 3008 ¹⁰)
4052 2938 4119 2994 et
4190 2951 4324 2995 non
4389 2950 4619 2995 sumus

2666 3015 2894 3082 auditi.
2982 3013 3185 3080 Haud
3229 3034 3463 3098 parum
3508 3012 3731 3081 doluit.
3820 3014 4146 3081 Nolumus
4162 3066 4176 3094 ,
4231 3015 4449 3081 multo
4505 3035 4617 3099 po·

2663 3103 2996 3170 tissimum
3039 3101 3328 3185 periculo
3378 3102 3667 3169 instante
3681 3153 3698 3182 ,
3758 3102 4167 3187 Augustanis
4219 3101 4616 3185 posthaberi,

2664 3187 2938 3272 ideoque
3000 3208 3262 3254 rursum
3319 3187 3602 3270 petimus
3658 3186 3895 3254 obnixe
3908 3240 3925 3267 ,
3993 3207 4365 3255 successum
4432 3187 4615 3253 nobis

2663 3276 2686 3338 i
2770 3275 2823 3341 ’s
2865 3272 3248 3358 pollicentes
3290 3280 3359 3338 et
3518 3280 3772 3339 rantes:
3829 3271 3906 3339 Si
3961 3294 4083 3339 nos
4139 3272 4306 3340 salvi
4348 3273 4614 3351 erimus,

2663 3362 2683 3426 i
2776 3368 2841 3425 et
2882 3360 2950 3425 iu
2996 3381 3112 3426 vos
3155 3357 3456 3426 redunda
3499 3360 3570 3424 it.
3660 3358 3843 3445 Urge
3886 3379 4012 3443 quo
4056 3381 4097 3425 a
4141 3357 4321 3429 vobis
4365 3357 4455 3422 ad
4501 3378 4615 3423 nos

2663 3446 3065 3530 commigret.
3154 3443 3304 3509 Non
3350 3445 3584 3510 sentite
3628 3466 3780 3512 cum
3822 3444 4041 3531 vulgo,
4086 3442 4259 3528 quod
4303 3465 4613 3527 praesen·

2662 3534 2759 3598 tia
2815 3531 3143 3597 duntaxat
3186 3531 3470 3614 respicit.
3570 3528 3710 3597 Vos
3767 3551 3969 3613 quum
4033 3530 4178 3596 sitis
4235 3527 4610 3613 prudentes,

2660 3618 2861 3683 altius
2901 3637 3020 3699 per
3060 3637 3290 3683 omnes
3345 3616 3871 3683 circumstantias
3927 3613 4278 3699 expendite
4329 3614 4460 3683 hoc
4504 3635 4612 3681 ne-

2865 3906 3913 3974 vasantam-amomacum
3954 3906 4380 3974 &conceptum
4420 3906 4609 3973 refer.-

2658 3976 3052 4060 Ayant'trouve
3071 3992 3207 4057 nous
3227 3981 3285 4030 ct
3300 3983 3461 4030 notre
3487 3974 3661 4045 grand
3690 3974 4021 4057 consciique
4054 3991 4143 4029 ees
4164 3972 4232 4027 10
4264 3972 4452 4028 theses
4487 3979 4609 4028 sont

2658 4062 2924 4170 3333?ss
2956 4042 3930 4194 32¹1.⁸'329.¹1“03310⁰i{‘232²„⁸01'3ffit
3940 4044 4606 4166 “a“ffltzffixszlt

2660 4188 2841 4239 bonne
2888 4184 2991 4237 fois
3039 4198 3177 4251 pour
3223 4187 3405 4236 tontes
3451 4197 3539 4235 ces
3586 4182 3672 4236 dis
3711 4187 3831 4235 utes
3890 4191 3947 4234 et
3993 4195 4083 4234 ces
4129 4181 4397 4250 querellas
4414 4221 4427 4245 ‚
4476 4196 4605 4235 nous

2660 4251 2952 4308 avons'ete
2985 4252 3331 4305 occasionnes
3362 4250 3431 4305 de
3468 4267 3568 4306 con
3622 4250 3634 4264 '
3695 4267 3756 4304 er
3788 4255 3892 4304 etc.
3954 4249 4131 4304 'Vatia
4164 4256 4345 4304 tanea
4376 4251 4455 4304 &a

2658 4319 4402 4388 missatiaitsieonsstoeiuumooconerasumiaw

2657 4395 2843 4461 spisse.
2924 4386 3084 4457 Quod
3127 4404 3293 4459 quum
3335 4389 3519 4455 facere
3564 4393 3902 4443 recusassent
3950 4385 4005 4441 d.
4052 4386 4136 4444 11.
4188 4386 4342 4441 Maii
4382 4392 4603 4441 sesam

2658 4457 4069 4580 summramuntfacamfumqmm'sanua
4113 4453 4602 4524 &miserim

2656 4543 2731 4585 m
2762 4533 3167 4583 mmanue-
3195 4566 3207 4578 .

2864 4595 2922 4664 8)
2960 4595 3044 4649 Io.
3095 4593 3245 4650 Rea.
3289 4594 3357 4651 de
3407 4592 3760 4662 Graffenried
3805 4596 4041 4658 amor,
4106 4589 4363 4647 Mam
4408 4592 4603 4646 nisus

2655 4673 2718 4722 ut
2758 4664 3039 4724 Hunorum
3086 4663 3458 4719 &nescibas
3499 4660 3895 4718 madenam
4086 4666 4149 4713 et.
4220 4659 4434 4727 (Leben
4468 4658 4599 4714 Hal·

2656 4735 2783 4791 lev-’e
2816 4735 2879 4789 in
2916 4732 3210 4788 Schmun·
3242 4731 3482 4787 Manum.
3517 4731 3685 4784 Bm.
3722 4729 3810 4784 II.
3952 4728 3990 4795 .)
4558 4795 4570 4806 ι

2862 4802 2924 4867 9)
2961 4799 3097 4856 ab.
3135 4801 3265 4856 Mac·
3307 4799 3616 4855 Mansio
3648 4803 3874 4853 seam
3905 4798 4120 4853 movit.-
4158 4796 4230 4850 So
4264 4795 4471 4850 habent
4508 4809 4599 4848 vm·

2656 4874 2792 4930 Gott
2836 4889 2901 4925 au
2947 4871 3041 4926 lob
3076 4871 3212 4939 jnen
3269 4870 3375 4923 den
3429 4867 3733 4938 gedaohten
3780 4866 3896 4920 Her
3952 4866 4030 4920 Io.
4066 4864 4351 4919 Hallerum
4397 4864 4478 4919 τί
4515 4865 4596 4917 sin

2655 4942 2953 5011 bestimptc
2986 4945 3105 5010 zytt
3138 4955 3205 4993 ve
3342 4945 3368 4990 t
3399 4937 3511 4991 vnd
3545 4937 3760 5005 erloupt
3792 4935 3907 4988 also
3941 4935 4039 4989 das
4075 4950 4136 4987 er
4310 4939 4399 4987 ntz
4433 4930 4605 4987 hinuff

2794 5011 2944 5064 Bern
2978 5009 3148 5062 keren
3292 5007 3451 5060 einen
3484 5010 3672 5061 monat
3706 5003 4039 5074 vngefarlich
4078 5003 4198 5073 jrer
4271 5002 4448 5056 ssehen
4482 5017 4597 5055 vor·

2653 5087 2777 5138 stan
2815 5078 2927 5132 vnd
2960 5077 3161 5131 dienen
3194 5074 3304 5129 vnd
3351 5091 3412 5130 so
3459 5091 3520 5128 er
3567 5074 3691 5128 ‘nen
3724 5072 3927 5127 anmiiti
4010 5071 4120 5126 vnd
4221 5071 4274 5125 fe
4319 5072 4333 5085 ‘
4406 5070 4595 5124 vollen

2655 5151 2758 5203 wir
2791 5148 2888 5201 das
2924 5163 2986 5200 er
3026 5146 3129 5198 mit
3172 5145 3345 5197 sinem
3393 5143 3489 5197 vol
3578 5145 3589 5157 “
3641 5141 3803 5196 hinuf
3976 5156 4006 5194 e
4057 5158 4131 5194 vn
4213 5140 4304 5194 ein
4439 5140 4476 5192 b
4512 5139 4598 5208 jar

2653 5214 3185 5337 huszhablichegioeby
3212 5213 3349 5282 jnen
3383 5213 3498 5283 sige
3533 5211 3670 5277 (vnd
3694 5210 3831 5265 auch
3854 5210 3993 5264 noch
4018 5210 4107 5264 cin
4129 5207 4301 5263 ander
4333 5209 4459 5264 halb
4485 5208 4596 5277 jar)

2658 5285 2899 5342 Mmol.
2928 5300 2989 5353 p.
3131 5321 3144 5336 .

2827 5350 2922 5418 10)
2963 5350 3038 5407 Ν.
3074 5349 3194 5419 966,
3228 5355 3340 5406 not.
3378 5347 3431 5403 2.
