4825 6175
204 453 300 516 301

198 643 521 725 praecepto
561 636 834 704 Domini
881 638 1167 706 iubentis
1206 640 1384 707 Mosi
1424 647 1503 707 ut
1544 641 1870 725 acciperet
1910 642 2121 707 Aaro-

199 745 329 791 nem
371 731 439 789 et
480 723 746 789 demum
788 724 1191 804 Eleazarem,
1236 734 1305 793 et
1344 727 1534 794 Eliae
1578 736 1653 793 ut
1692 736 1960 794 vocaret
1978 728 2118 793 Eli-

196 830 413 878 saeum.
502 808 696 891 Quod
737 818 956 876 autem
1014 813 1430 897 magistratui
1490 813 1762 878 offertur
1805 823 1872 879 et
1926 813 2118 896 plebi,

195 919 264 963 ex
340 895 483 962 sitis
548 896 902 963 virtutibus
966 905 1031 962 et
1097 897 1288 965 donis
1351 919 1521 982 quae
1584 900 1830 983 pastori
1894 897 2120 965 adesse

193 917 428 1060 deffint,
472 1002 693 1047 nonne
737 981 899 1048 haec
942 990 1100 1048 sunt
1141 992 1217 1049 ut
1252 985 1528 1051 virtutes
1570 992 1639 1050 et
1671 985 2009 1064 miracula,
2053 998 2121 1051 et

190 1081 257 1135 ut
293 1067 489 1133 vestis
547 1074 616 1135 et
678 1076 1066 1134 ornamenta
1106 1069 1341 1154 quibus
1385 1072 1574 1137 Mose
1615 1070 1942 1137 vestiebat
1983 1073 2118 1136 Aa·

187 1174 394 1220 renem
438 1159 508 1219 et
543 1153 968 1220 Eleazarem?
1059 1154 1411 1240 Quumque
1466 1178 1570 1222 res
1624 1156 1718 1220 ita
1774 1155 2003 1235 habet,
2062 1157 2119 1223 is

186 1240 283 1324 qui
323 1239 568 1306 electus
610 1247 710 1306 est
751 1239 946 1324 plena
988 1241 1118 1306 fide
1153 1249 1370 1326 potest
1404 1263 1596 1307 suum
1640 1262 1881 1307 munus
1918 1241 2117 1322 obire,

187 1333 385 1391 certus
428 1325 600 1409 quod
645 1324 853 1392 aDeo
890 1327 1129 1395 missus
1164 1329 1363 1394 fuerit
1396 1338 1463 1392 et
1505 1327 1678 1412 quod
1725 1349 1838 1410 per
1873 1328 2117 1394 ostium

183 1410 448 1491 intrarit,
495 1420 562 1476 et
599 1411 785 1495 plebs
838 1415 1077 1478 certior
1130 1423 1230 1480 est
1282 1412 1456 1497 quod
1512 1423 1843 1498 pastorem
1901 1415 2116 1493 habet,

183 1518 305 1563 non
347 1496 578 1581 lupum
634 1506 749 1563 aut
801 1498 1124 1564 latronem
1180 1501 1296 1583 qui
1355 1521 1475 1583 per
1531 1499 1772 1567 ostium
1825 1520 1961 1564 non
2015 1501 2118 1565 in·

181 1583 374 1648 trarit.

336 1666 497 1735 Ideo
539 1668 703 1734 haec
745 1670 957 1736 fusius
1014 1671 1227 1737 scribo
1281 1679 1355 1737 ut
1408 1671 1582 1754 quod
1641 1678 1717 1737 tu
1769 1673 1994 1754 paucis
2051 1679 2119 1738 et

176 1755 407 1839 apertis
465 1763 533 1820 et
588 1754 811 1821 solidis
872 1756 1236 1822 rationibus
1301 1755 1384 1822 ad
1439 1778 1560 1823 nos
1616 1757 1885 1837 misisti,
1952 1778 2118 1841 quae

176 1840 350 1907 nobis
395 1847 536 1905 tam
580 1840 945 1925 probantur
990 1851 1064 1908 ut
1106 1842 1273 1909 nihil
1317 1844 1548 1928 magis,
1595 1844 1654 1908 si
1695 1842 1957 1927 quando
2001 1865 2119 1927 por

172 1925 451 2010 aliquem
494 1926 656 1992 haec
699 1926 829 2010 legi
872 1949 1094 2009 cures,
1154 1942 1470 1994 annotare
1525 1927 1752 1996 iubeas
1808 1930 2116 1995 lectorem

173 2032 243 2077 ea
283 2033 411 2096 que
455 2033 563 2078 me
606 2033 799 2078 nosse
853 2024 1108 2096 oportet
1162 2023 1235 2079 ut
1298 2026 1429 2081 tam
1488 2023 1718 2082 sancta
1761 2015 2007 2082 sanctis
2049 2023 2118 2081 et

164 2099 365 2164 firmis
412 2106 687 2165 tractem
734 2099 1117 2166 rationibus.
1208 2099 1549 2182 Quamvis,
1594 2110 1669 2166 ut
1703 2101 1917 2181 audio,
1963 2100 2118 2167 data

165 2185 358 2249 fuerit
398 2205 600 2268 opera
640 2192 716 2250 ut
758 2185 826 2249 in
871 2183 1123 2250 fumum
1168 2186 1426 2252 abirent
1468 2187 1688 2252 omnia
1730 2209 1895 2270 quae
1936 2195 2115 2252 attu-

31 2300 32 2307 ι
161 2268 375 2349 limus,
423 2279 650 2335 tamen
693 2269 1077 2338 conclusum
1132 2271 1261 2337 fuit
1314 2273 1697 2339 electionem
1753 2273 1944 2339 nobis
1987 2274 2115 2339 sal-

161 2376 309 2421 vam
355 2355 596 2422 debere
639 2378 926 2434 manere,
973 2356 1088 2422 sed
1132 2357 1436 2424 adessent
1479 2359 1843 2441 praefectus
1886 2366 1953 2424 et
1997 2359 2116 2425 ali·

29 2446 32 2453 *
154 2442 283 2594 &ui⁸
311 2462 539 2507 secum
582 2453 994 2541 praesentes,
1055 2465 1142 2543 ne
1196 2444 1352 2527 quid
1416 2446 1603 2510 fieret
1657 2441 2115 2543 indec[03·um].

218 2549 450 2594 mcum
487 2537 831 2612 supererat
865 2527 1349 2611 diverticulum,
1393 2552 1630 2614 nempe
1674 2551 1785 2597 eos
1830 2552 1944 2613 qm
1974 2531 2116 2614 ple-

29 2614 36 2651 ’·
155 2613 251 2680 bis
293 2613 570 2678 nomine
610 2613 885 2679 aderant
937 2635 1073 2679 non
1125 2617 1341 2683 facere
1392 2616 1592 2682 fidem
1635 2616 1808 2700 quod
1850 2627 2118 2700 possent

29 2712 30 2719 ’
154 2698 569 2766 concludere.
655 2701 817 2765 Ideo
874 2699 1204 2786 agendum
1258 2703 1387 2768 fuit
1441 2701 1614 2786 apud
1672 2702 1929 2786 plebem
1988 2703 2116 2786 piis

29 2802 32 2803 *
153 2786 540 2852 rectoribus.
631 2784 766 2852 Sed
823 2807 953 2852 non
1012 2788 1140 2852 nisi
1194 2789 1487 2854 maxima
1530 2786 1917 2855 difficultate
1961 2810 2114 2855 con-

151 2870 410 2937 clusum
459 2871 587 2937 fuit
627 2879 703 2937 ut
747 2881 1002 2938 starent
1058 2874 1194 2939 iam
1247 2875 1319 2939 in
1365 2895 1513 2941 arce
1556 2874 1877 2941 conclusa.
1966 2872 2115 2941 Scis

152 2977 349 3040 quam
393 2957 487 3023 sit
526 2956 872 3041 plausibile
927 2968 1001 3023 ut
1057 2959 1241 3043 plebs
1296 2959 1532 3027 habeat
1586 2962 2005 3026 autoritatem
2049 2968 2116 3026 et

27 3058 30 3134 j
147 3041 441 3129 eligendi
485 3052 555 3110 et
591 3042 1087 3111 commendandi
1132 3052 1479 3130 pastorem.
1543 3046 1676 3114 Ubi
1713 3044 1850 3113 dies
1886 3045 2115 3114 aderat

27 3161 28 3166 κ
146 3150 340 3196 nemo
378 3151 508 3196 nos
543 3130 845 3196 vocabat:
889 3133 1270 3199 nesciebant
1311 3140 1707 3200 conventum
1749 3132 2114 3199 indicatum

27 3217 30 3284 ⁴]
144 3214 258 3299 qui
301 3237 398 3283 ex
454 3215 644 3300 plebe
701 3215 929 3283 adesse
984 3217 1321 3285 debebant.
1423 3216 1726 3286 Dixisses
1779 3218 1951 3284 nihil
1990 3218 2113 3284 mi·

27 3303 30 3340 ²
145 3322 271 3368 nus
314 3302 623 3368 futurum
671 3322 869 3387 quam
937 3304 1109 3387 quod
1164 3303 1545 3372 conclusum
1613 3305 1846 3371 fuerat.

27 3423 30 3486 s
142 3388 767 3539 ffdpmefoetum'
860 3390 976 3455 Ait
1018 3412 1090 3455 se
1133 3398 1511 3492 exspectare
1554 3390 1841 3475 aliquos,
1898 3390 2114 3475 queri-

27 3497 30 3530 s
345 3495 387 3540 e
437 3524 457 3540 .

27 3559 30 3626 ?
145 3565 366 3625 turam
383 3611 404 3640 ,

1949 3303 2114 3370 Adi-

504 3524 520 3539 .
559 3521 575 3539 .
621 3523 637 3541 .
659 3476 717 3553 ⁷)
803 3474 945 3541 Nos
988 3496 1451 3556 convenimus,
1507 3483 1867 3543 tractamus
1910 3478 2113 3562 scrip-

469 3567 539 3625 et
579 3579 789 3659 paene
842 3561 1061 3627 omnia
1104 3583 1270 3647 quae
1312 3561 1708 3631 videbantur
1751 3564 2113 3643 tractanda,

144 3646 352 3712 etiam
420 3644 510 3712 de
572 3646 655 3712 ils
718 3668 884 3731 quae
947 3647 1205 3732 agenda
1264 3656 1421 3715 sunt
1484 3670 1702 3715 coram
1767 3650 2112 3732 praefecto,

141 3733 506 3816 praecipue
547 3737 625 3798 ut
666 3730 1019 3800 concordes
1063 3755 1355 3801 essemus
1393 3735 1467 3800 in
1509 3734 1843 3812 electione,
1904 3742 1974 3801 et
2018 3734 2115 3801 bis

140 3818 486 3885 mittimus
529 3815 613 3883 ad
652 3820 1087 3903 praefectum,
1145 3820 1257 3904 qui
1312 3821 1426 3886 ubi
1479 3842 1760 3904 pransus
1814 3829 1915 3887 est
1957 3820 2115 3888 libe·

142 3922 293 3969 rum
337 3904 512 3972 facit
552 3910 631 3969 ut
670 3904 755 3970 ad
798 3926 870 3971 se
904 3906 1264 3973 veniamus.
1330 3906 1461 3974 Ubi
1506 3906 1620 3973 diu
1662 3914 2114 3990 exspectatum

140 3988 289 4069 fuit,
328 3999 795 4058 convenerunt
826 3990 1096 4057 tandem
1132 3993 1244 4077 qui
1279 3992 1510 4059 adesse
1547 3992 1887 4059 debebant.
1948 3992 2117 4059 Dico

142 4075 391 4143 stati-es
440 4085 710 4162 paratos
752 4097 895 4144 esse
928 4077 1151 4144 omnia
1185 4099 1380 4163 agere
1423 4085 1491 4143 et
1533 4079 1727 4162 plura
1767 4100 1965 4162 quam
2003 4079 2115 4145 de-

140 4159 384 4244 beant,
447 4184 573 4228 nec
625 4183 746 4246 per
801 4184 910 4230 eos
955 4170 1133 4229 stare
1177 4166 1335 4248 quin
1380 4164 1692 4231 ecclesiae
1736 4164 2116 4231 consulatur

144 4267 348 4331 qnam
408 4248 694 4332 optime,
752 4255 817 4314 et
884 4249 1171 4315 maxime
1234 4248 1542 4317 idoneum
1598 4250 1867 4336 eligant.
1966 4250 2115 4317 Hoc

140 4354 358 4401 unum
419 4354 694 4418 poscere
758 4355 986 4400 omnes
1041 4343 1307 4419 propter
1349 4334 1719 4415 Christum,
1779 4344 2114 4421 exspecta-

141 4426 290 4486 tum
332 4422 482 4486 iam
542 4420 692 4504 plus
746 4419 906 4486 satis
945 4441 1103 4487 esse.
1191 4419 1574 4488 Praefectus
1626 4421 1819 4505 petiit
1873 4431 1951 4487 ut
2000 4422 2116 4506 qui

140 4505 332 4588 prius
367 4528 513 4572 non
549 4508 858 4572 iurarunt
889 4506 1111 4572 iurent
1144 4528 1373 4573 omnes
1408 4529 1479 4573 se
1514 4515 1740 4574 sancte
1773 4506 2111 4575 electuros.

143 4590 348 4674 Quod
385 4593 644 4658 factum
665 4591 808 4657 fuit.
866 4593 1032 4659 Post
1065 4592 1527 4660 iusiurandum
1562 4592 1882 4659 admoneo
1916 4615 2114 4677 quam

141 4696 428 4762 possum
475 4698 705 4744 omnes
755 4698 877 4763 per
918 4676 1258 4745 Christum
1315 4678 1623 4746 ardenter
1679 4689 1754 4744 ut
1806 4679 2114 4746 ecclesiae

143 4764 528 4831 consulant.
614 4763 778 4829 Post
819 4783 1047 4847 preces
1089 4785 1249 4849 rogo
1307 4785 1535 4831 omnes
1578 4764 1968 4849 singillatim
2007 4786 2114 4831 co-

143 4868 288 4916 ram
336 4848 657 4916 omnibus
713 4856 957 4915 votum.
1046 4847 1298 4917 Omnes
1346 4848 1855 4934 OEristophorum
1897 4850 2113 4938 elege-

143 4944 336 5003 runt:
388 4944 581 5003 actae
621 4934 896 5000 fuerunt
934 4937 1188 5020 gratiae
1209 4936 1357 5002 Deo
1401 4936 1483 5002 ab
1527 4936 1830 5002 omnibus
1864 4944 1934 5002 et
1963 4958 2113 5022 pre-

147 5040 253 5091 ces
297 5023 525 5091 factae
567 5028 648 5087 ut
664 5021 993 5086 Dominus
1027 5020 1200 5088 adsit
1233 5022 1438 5089 electo
1474 5029 1541 5088 et
1583 5029 1660 5088 ut
1690 5022 1761 5088 id
1802 5043 2115 5108 prospere

153 5315 432 5442 lmus‘l)
480 5313 640 5386 Quod
670 5315 951 5371 omisimus
983 5312 1303 5369 vocabulum
1336 5319 1644 5370 auena-ten
1675 5313 1848 5384 leyen-e
1879 5330 1992 5370 non
2026 5330 2120 5371 va·

1829 457 1992 518 1546
2036 452 2503 520 FEBRUAR.

4046 457 4169 522 302

2223 640 2414 708 cedat
2455 640 2779 707 ecclesiae.
2864 639 3250 707 Praefectus
3291 641 3431 726 egit
3471 641 3716 726 gratias
3758 640 4045 708 Domino
4090 642 4172 711 de

2222 748 2548 794 consensu
2590 727 2870 792 fratrum
2914 735 2982 792 et
3023 727 3216 793 iussit
3250 739 3325 792 ut
3367 748 3517 794 cum
3543 725 3980 810 christophoro
4018 750 4170 814 age-

2222 834 2443 878 remus
2489 823 2555 878 et
2597 832 2747 877 cum
2791 814 2935 878 aliis
2977 813 3314 890 ministris,
3359 814 3498 896 ipse
3535 812 3795 878 demum
3831 833 3980 879 cum
4007 816 4171 882 Ber-

2222 899 2537 965 nensibus
2580 907 2752 965 esset
2794 918 2870 962 ac
2912 900 3096 965 vobis
3137 920 3391 983 quoque
3435 899 3813 983 scripturus.
3883 900 4011 964 Hic
4044 901 4175 967 fuit

2223 986 2458 1051 exitus.
2568 984 2916 1069 Designati
2973 985 3244 1050 fuerunt
3309 983 3593 1050 Fatonus
3656 993 3724 1050 et
3792 985 4173 1065 Thomas:⁸)

2222 1071 2333 1154 qui
2380 1074 2459 1134 22
2529 1070 2729 1136 huius
2782 1072 3027 1137 mensis
3081 1070 3420 1137 solverunt
3462 1070 3878 1136 'Phononium
3921 1073 4173 1154 profec-

2222 1156 2377 1221 turi.
2462 1157 2807 1241 Rogabam
2863 1155 3141 1222 Viretum
3183 1165 3261 1221 ut
3301 1178 3453 1224 cum
3492 1156 3628 1222 illis
3669 1157 3798 1222 iret
3838 1178 3913 1224 ac
3956 1159 4176 1224 omnia

2308 1251 2449 1307 eret
2513 1264 2639 1325 quo
2701 1243 2972 1307 fratrem
3035 1242 3364 1326 possimus
3426 1243 3779 1325 impetrare
3844 1264 3885 1308 a
3949 1243 4172 1310 classe.

2219 1263 2459 1394 fflscio
2496 1351 2582 1394 an
2617 1349 2736 1412 per
2766 1347 3063 1407 uxorem,
3107 1329 3212 1394 cui
3236 1328 3559 1393 Dominus
3594 1327 3784 1408 adsit,
3825 1327 3893 1393 id
3934 1329 4177 1481 pots-rsit

2218 1423 2573 1497 praestare,
2617 1423 2684 1480 et
2727 1435 2811 1479 an
2856 1414 3398 1480 'Phonnonienses
3455 1413 3645 1479 nobis
3696 1415 3770 1479 in
3812 1422 3997 1479 tanto
4089 1414 4103 1428 “

2221 1499 2497 1565 crimine
2554 1499 2762 1565 futuri
2816 1500 2950 1566 sint
3004 1500 3360 1582 aequiores.
3447 1499 3640 1566 Unus
3694 1506 3795 1565 est
3845 1499 4175 1567 Dominus

2219 1606 2418 1668 quem
2463 1605 2802 1669 speramus
2855 1585 3045 1651 nobis
3089 1584 3476 1650 adiutorem.
3566 1583 3642 1651 Si
3684 1585 3851 1651 istac
3894 1587 4174 1651 transie-

2220 1671 2374 1750 rint,
2422 1693 2611 1756 spero
2656 1678 2723 1736 te
2766 1669 3017 1754 aliquid
3060 1672 3433 1750 contulisse,
3480 1691 3635 1735 nam
3666 1671 3741 1736 in
3778 1671 3900 1738 hac
3920 1672 4176 1738 Boreae

2220 1757 2638 1822 vehementia
2703 1778 2838 1822 non
2905 1766 3065 1841 puto
3131 1778 3240 1823 eos
3306 1755 3521 1822 lacum
3586 1756 3889 1823 traiicere
3967 1778 4175 1841 posse.

2220 1843 2473 1908 Mirum
2527 1864 2726 1926 quam
2781 1842 2927 1908 visa
2976 1843 3225 1908 fuerint
3278 1843 3498 1908 omnia
3557 1841 3664 1909 hic
3730 1849 3964 1925 pacata
4026 1853 4176 1926 post

2220 1927 2634 2007 electionem,
2695 1930 2799 1996 cui
2857 1937 2931 1994 tu
2987 1950 3136 1995 cum
3191 1929 3321 2011 piis
3373 1949 3743 1995 successum
3786 1928 4174 2012 precaberis,

2222 2035 2297 2081 ac
2354 2014 2555 2079 etiam
2616 2022 2690 2080 ut
2747 2035 3081 2080 successor
3133 2012 3409 2080 idoneus
3466 2011 3659 2080 detur
3720 2013 4176 2099 christophoro,

2220 2105 2294 2164 ut
2337 2101 2578 2182 ubique
2623 2100 2710 2165 sit
2752 2099 3116 2167 aedificatio
3160 2100 3301 2166 sine
3345 2100 3554 2165 ruina.

2393 2185 2758 2252 Consilium
2813 2193 3003 2251 tuum
3057 2185 3230 2270 quod
3284 2184 3365 2251 de
3422 2186 3687 2252 Audaeo
3704 2188 3763 2269 ⁹)
3821 2186 3970 2265 das,
4029 2186 4176 2271 quis

2218 2280 2440 2354 posset
2482 2293 2615 2336 non
2660 2271 2980 2354 probare?
3072 2273 3284 2356 Agam
3331 2293 3480 2338 cum
3524 2270 3855 2351 fratribus,
3914 2279 3982 2337 et
4025 2294 4173 2357 spe-

2219 2376 2441 2422 ramus
2482 2378 2601 2440 per
2642 2356 3156 2424 misericordiam
3199 2355 3329 2422 Dei
3382 2364 3449 2422 te
3505 2378 3639 2422 non
3693 2357 3942 2423 frustra
3996 2356 4175 2423 istud

2217 2442 2461 2507 laboris
2505 2441 2929 2526 impendisse,
2990 2440 3106 2508 sed
3159 2442 3410 2508 fructus
3453 2442 3813 2526 plurimum
3857 2450 4173 2525 sequutu-

2215 2550 2385 2593 rum.
2474 2528 2647 2593 Nam
2692 2527 2909 2612 impiis
2963 2549 3098 2593 non
3143 2537 3328 2594 tanta
3383 2549 3561 2594 nunc
3605 2537 3707 2593 est
3746 2528 4013 2594 licentia
4054 2549 4174 2595 ne-

2218 2635 2344 2697 que
2399 2622 2717 2697 potestas:
2786 2635 2988 2697 quum
3055 2613 3313 2679 efficere
3367 2634 3502 2679 non
3558 2614 3895 2696 potuerint
3950 2615 4175 2681 omnia

2218 2720 2386 2783 quae
2443 2699 2875 2775 conabantur,
2939 2706 3007 2764 et
3070 2699 3341 2767 audiant
3406 2719 3779 2766 successum
3843 2699 4175 2785 evangelii

2216 2786 2535 2851 maiorem
2579 2806 2775 2868 quam
2818 2785 3059 2861 velint,
3116 2806 3235 2869 pro
3290 2785 3603 2851 vastitate
3661 2806 3859 2868 quam
3902 2794 4173 2870 exopta-

2215 2871 2399 2949 bant,
2445 2893 2582 2937 non
2626 2880 2762 2936 tam
2805 2872 3068 2956 erigunt
3109 2872 3344 2937 cristas
3397 2880 3473 2936 ut
3515 2870 3692 2935 olim.
3780 2868 4003 2951 Quum
4047 2894 4170 2938 nu-

2217 2976 2337 3041 per
2371 2957 2453 3022 de
2489 2959 2784 3036 victoria,
2829 2957 2983 3023 licet
3014 2978 3148 3022 non
3184 2955 3345 3022 adeo
3379 2963 3653 3023 cruenta
3684 2956 3904 3037 fuerit,
3948 2965 4172 3023 tamen

2216 3064 2351 3109 non
2396 3044 2541 3111 sine
2584 3042 2781 3112 caede
2824 3043 2967 3109 fieri
3012 3042 3299 3127 potuerit
3340 3042 3497 3127 quin
3538 3042 3862 3129 obtigerit,
3905 3048 3977 3108 tu
4021 3041 4172 3112 istic

2217 3132 2466 3214 gratias
2510 3131 2741 3215 egeris,
2788 3150 2980 3214 spero
3025 3129 3104 3194 de
3149 3137 3332 3195 tanto
3382 3149 3686 3195 successu
3744 3149 3881 3195 non
3934 3130 4172 3195 tacitu-

2217 3238 2386 3295 rum,
2433 3218 2550 3282 sed
2593 3226 2669 3281 ut
2708 3237 2831 3300 par
2865 3225 2967 3281 est
3009 3216 3255 3299 gratias
3290 3215 3575 3281 Domino
3619 3222 3950 3280 acturum:
4016 3236 4173 3281 nam

2216 3301 2595 3385 triumphus
2637 3302 2761 3368 iste
2804 3301 3133 3385 evangelii
3175 3310 3242 3367 et
3282 3302 3479 3367 ruina
3506 3300 3920 3379 Antichristi,
3965 3321 4173 3383 quum

2218 3389 2362 3453 sine
2405 3387 2725 3471 sanguine
2769 3388 3136 3472 contigerit,
3184 3386 3462 3453 salutem
3504 3385 3810 3470 plurimis
3850 3385 4080 3452 adfert.

2388 3471 2609 3556 Quam
2794 3474 3083 3539 tissimae
3148 3473 3419 3538 fuerunt
3483 3473 3830 3539 conciones
3894 3478 4066 3553 tuae,
4090 3476 4173 3553 ¹⁰)

2217 3559 2523 3644 quamvis
2576 3579 2662 3624 ve
2714 3580 2820 3624 em
2883 3567 2949 3624 te
2999 3559 3196 3642 paulo
3238 3558 3603 3625 accuratius
3645 3578 4039 3637 sermonem,
4096 3564 4176 3623 ut

2218 3646 2382 3712 alias
2426 3644 2613 3725 soles,
2655 3645 2991 3711 formasse.
3079 3642 3215 3710 Sed
3256 3643 3423 3710 bene
3477 3642 3675 3709 habet
3732 3641 3904 3727 quod
3948 3643 4175 3710 sensui

2217 3730 2387 3797 nihil
2431 3729 2717 3810 decedit,
2783 3730 2939 3797 licet
2995 3729 3188 3797 lectio
3229 3751 3364 3796 non
3408 3730 3630 3795 futura
3673 3729 3759 3795 sit
3801 3737 3937 3794 tam
3981 3737 4176 3814 grata

2218 3837 2296 3884 ao
2337 3818 2586 3882 fuisset.
2675 3817 2824 3901 Ego
2880 3837 3084 3899 quum
3137 3837 3224 3880 ex
3275 3825 3342 3881 te
3397 3814 3800 3881 audivissem
3852 3835 3974 3898 per
4024 3823 4176 3880 tuas

2217 3903 2473 3983 literas,
2531 3913 2821 3985 quantus
2862 3903 3094 3968 fuisset
3151 3900 3361 3985 plebis
3411 3920 3794 3979 concursus,
3853 3920 3941 3965 ex
3980 3900 4177 3967 corde

2217 3997 2354 4054 toto
2396 3987 2703 4054 omnibus
2736 3988 2982 4073 gratias
3015 3988 3379 4072 agentibus,
3418 3986 3571 4053 istic
3603 3986 3944 4069 cupiebam
3977 3984 4175 4052 valde

2218 4083 2284 4142 te
2327 4076 2532 4158 sequi,
2577 4085 2648 4140 at
2688 4076 2905 4159 potius
2948 4095 2989 4140 a
3029 4071 3417 4157 quibusdam
3472 4073 3900 4156 impetratum
3942 4070 4179 4137 fuisset

2215 4171 2292 4227 ut
2333 4182 2455 4244 pro
2499 4170 2782 4245 tyranno
2822 4179 3048 4244 preces
3088 4160 3324 4224 fierent
3365 4179 3495 4242 quo
3537 4157 4014 4224 restitueretur.
4093 4155 4172 4224 Si

2217 4247 2481 4314 Bernae
2525 4246 2776 4328 aliquid
2818 4247 3049 4312 fuisset
3087 4253 3324 4324 actum,
3369 4245 3537 4309 forte
3579 4244 3762 4326 sequi
3804 4264 4173 4328 possemus:

2216 4354 2443 4416 preces
2486 4332 2850 4398 retinemus
2892 4340 3241 4415 utcunque,
3294 4329 3428 4395 nisi
3469 4328 3798 4396 Dominus
3840 4331 4046 4395 iratus
4088 4329 4172 4395 ob

2216 4427 2483 4503 peccata
2523 4427 2752 4483 nostra
2794 4417 3077 4502 plectere
3112 4436 3231 4482 nos
3273 4416 3450 4482 velit.
3516 4416 3999 4498 Exspectamus
4034 4434 4173 4480 me-

2217 4505 2398 4584 liora,
2445 4502 2622 4588 quod
2663 4511 2733 4569 et
2772 4510 3037 4570 coactus
3078 4503 3176 4569 fui
3217 4510 3446 4586 aperte
3487 4500 3682 4585 loqui,
3741 4497 3898 4565 dum
3943 4518 4174 4566 omnes

2218 4612 2350 4656 uno
2393 4609 2714 4656 consensu
2756 4589 3075 4674 eligerent
3120 4587 3650 4672 Christophorum,
3694 4607 3804 4651 me
3845 4585 3979 4651 iam
4019 4605 4173 4651 sen·

2218 4677 2345 4742 tire
2387 4675 2756 4742 Dominum
2796 4674 2971 4741 velle
3014 4675 3215 4740 huius
3256 4673 3569 4740 ecclesiae
3612 4672 3925 4739 misereri.

2398 4759 2598 4844 Quod
2642 4769 2711 4828 te
2752 4761 3064 4846 rogabam
3110 4759 3191 4826 de
3223 4758 3483 4826 foedere
3515 4779 3652 4825 non
3691 4757 3938 4823 frustra
3977 4755 4171 4822 facie-

2216 4848 2398 4914 bam:
2443 4847 2733 4932 primum
2774 4867 2859 4914 ne
2899 4856 3161 4913 nostros
3202 4844 3702 4924 offenderemus,
3746 4843 3803 4908 si
3836 4841 3943 4908 his
3984 4842 4172 4928 iguo-

2425 5105 2487 5173 8)
2527 5105 2783 5161 Fatum
2820 5103 3199 5185 Uahalem-inp
3232 5102 3482 5156 minister
3512 5106 3566 5158 et
3596 5100 3714 5155 nisi
3741 5098 3992 5168 fallimur
4035 5097 4172 5154 ΤΙιο-

2214 5175 2456 5314 ῗὲἕιαὲἑ
2477 5173 3216 5300 saraam...
2958 5170 3288 5228 “m“
3327 5170 3509 5321 “⁸⁶⁸'f
3521 5185 3722 5320 ,Μ’
3765 5168 4001 5239 ΒΜ
4012 5207 4027 5236 ’
4074 5183 4172 5239 ⁹⁸⁴·

2427 5312 2490 5379 9)
2529 5312 2675 5369 Ecce
2706 5311 3019 5381 deperditae
3049 5308 3305 5392 epistolae
3337 5312 3634 5391 vesum.
3751 5373 3765 5387 ·

2396 5382 2493 5450 10)
2539 5381 2697 5438 Tales
2730 5386 2859 5438 mc
2892 5394 3122 5438 emmas
3150 5379 3325 5447 fleme
3358 5393 3580 5433 omnmo
3612 5389 3895 5432 mamus.
