4825 6175
628 471 706 537 19
2170 461 2698 533 EPISTOLAE
2742 463 3080 527 607-609
4543 460 4613 530 20

620 657 933 741 loquitur.
1022 653 1274 719 Eadem
1330 672 1586 736 quoque
1628 650 1962 735 protervia
2010 650 2321 734 insurgit·
2343 648 2581 716 deinde

626 746 701 810 in
744 740 1215 825 Augustinum.
1274 738 1443 803 Nam
1489 758 1690 820 quum
1736 757 1822 802 ex
1863 736 2166 821 pluribus
2209 735 2371 802 locis
2414 756 2579 818 quos

630 828 1034 895 adduxeram
1109 846 1316 891 unum
1391 823 1556 892 velit
1631 822 1955 901 refellere,
2046 823 2335 908 primum
2411 820 2581 886 mihi

626 914 884 998 affingit
926 931 1093 995 quae
1136 930 1477 994 nunquam
1509 910 1580 974 in
1614 916 1908 975 mentem
1949 917 2297 986 venerunt,
2340 927 2580 990 nempe

629 998 806 1085 quod
849 997 1156 1063 dixerim:
1204 994 1384 1062 aliud
1428 993 1511 1060 ad
1557 993 1755 1060 aliud.
1839 995 2040 1060 Mitto
2082 995 2293 1077 ipsam
2338 993 2578 1075 episto-

626 1085 765 1151 lam
806 1105 1008 1168 quam
1051 1105 1092 1149 a
1134 1082 1319 1148 vobis
1376 1081 1624 1165 recepi,
1684 1088 1759 1145 ut
1809 1077 1966 1145 inde
2023 1079 2212 1146 vobis
2265 1084 2581 1162 appareat

629 1179 912 1256 quantus
957 1190 1108 1234 eum
1146 1166 1590 1234 calumniandi
1620 1166 1807 1232 furor
1849 1167 2070 1249 agitet.
2138 1163 2385 1230 Statim
2419 1184 2580 1229 vero

629 1257 810 1323 hunc
852 1256 1071 1322 locum
1113 1255 1205 1320 sic
1241 1252 1517 1319 claudit:
1564 1251 1755 1318 Alius
1790 1259 1994 1335 pater,
2038 1250 2206 1316 alius
2240 1250 2434 1330 filius,
2481 1247 2579 1314 di-

626 1342 913 1411 cendum
958 1351 1077 1418 est,
1120 1340 1233 1422 qui
1276 1337 1443 1404 nolit
1474 1338 1546 1406 in
1569 1325 2020 1402 Arianismfim
2054 1334 2361 1403 incidere.
2433 1336 2581 1419 Ego

631 1436 853 1495 autem
894 1428 1156 1492 tametsi
1201 1425 1534 1503 confiteor,
1588 1422 1770 1489 hunc
1813 1443 1957 1488 esse
2000 1423 2337 1506 proprium
2383 1430 2582 1503 atque

631 1515 949 1581 usitatum
1002 1510 1307 1595 loquendi
1361 1531 1642 1588 morem,
1702 1516 1778 1573 ut
1831 1507 2126 1575 dicamus
2180 1507 2380 1573 alium
2439 1526 2581 1571 esse

630 1611 884 1684 patrem
928 1619 969 1664 a
1010 1597 1162 1675 filio,
1221 1618 1351 1662 non
1396 1594 1605 1674 aliud,
1662 1604 1886 1660 tamen
1941 1613 2353 1677 nequaquam
2410 1593 2582 1656 ferre

627 1707 899 1770 possum
958 1683 1317 1749 Arianismi
1368 1680 1820 1766 Augustinum
1876 1681 2204 1744 immerito
2270 1677 2581 1757 accusari,

631 1772 744 1856 qui
788 1772 881 1837 sic
923 1768 1199 1853 epistola
1256 1767 1339 1834 ad
1383 1768 1756 1834 Maximum
1800 1767 2213 1850 sexagesima
2255 1773 2446 1830 sexta
2486 1762 2582 1827 lo—

673 1857 888 1923 uitur:
951 1857 1137 1921 Haec
1194 1855 1414 1919 omnia
1465 1875 1586 1919 nec
1645 1853 1911 1920 confuse
1967 1872 2173 1917 unum
2219 1860 2402 1929 sunt,
2461 1869 2583 1915 nec

681 1944 954 2009 'siuncte
1001 1942 1158 2020 tria,
1217 1941 1331 2006 sed
1387 1960 1592 2021 quum
1650 1940 1787 2004 sint
1841 1958 2049 2003 unum
2091 1936 2224 2002 tria
2266 1944 2455 2014 sunt,
2515 1942 2584 1999 et

632 2051 836 2114 quum
880 2029 1012 2093 sint
1052 2027 1186 2091 tria
1224 2047 1435 2091 unum
1478 2032 1652 2089 sunt.
1741 2021 2032 2090 Proinde
2075 2023 2188 2106 qui
2231 2029 2368 2087 tam
2411 2020 2582 2085 mul-

632 2116 719 2181 tis
764 2112 1071 2179 cordibus
1113 2111 1410 2178 fidelium
1460 2109 1734 2175 donavit
1786 2119 1862 2174 ut
1920 2115 2140 2174 essent
2185 2129 2393 2173 unum
2450 2127 2580 2184 cor,

634 2210 879 2284 quanto
922 2220 991 2263 m
1083 2198 1135 2264 ‘s
1180 2205 1523 2265 conservat
1554 2196 1630 2259 in
1672 2215 1742 2259 se
1785 2195 1929 2277 ipso
1966 2206 2040 2259 ιιι
2080 2195 2212 2260 sint
2256 2192 2418 2259 haec
2454 2192 2582 2257 tria

632 2294 701 2351 et
743 2285 1003 2369 singula
1112 2304 1258 2362 eus,
1316 2300 1383 2348 et.
1426 2281 1619 2347 simul
1679 2281 1901 2345 omnia
1958 2301 2089 2344 non
2143 2287 2277 2344 tres
2332 2278 2424 2344 dii
2467 2276 2581 2343 sed

631 2392 805 2438 unus
829 2370 1006 2436 deus.
1055 2369 1249 2435 Certe
1284 2368 1398 2451 qui
1433 2368 1562 2432 tria
1605 2366 1953 2431 confitetur
1982 2386 2189 2430 unum
2211 2385 2373 2443 esse,
2398 2362 2578 2429 aliud

633 2458 715 2522 ab
771 2456 899 2521 alio
958 2456 1171 2520 dicere
1230 2474 1366 2519 non
1423 2453 1737 2518 horreret.
1849 2452 2022 2517 Nam
2067 2451 2179 2516 ubi
2225 2460 2358 2516 tres
2404 2458 2578 2528 sunt,

628 2542 882 2627 primus
906 2542 1073 2606 alius
1096 2549 1198 2606 est
1231 2561 1271 2603 a
1306 2535 1610 2616 seeundo,
1659 2537 1769 2603 ubi
1799 2538 1947 2615 tria,
1990 2538 2124 2602 illic
2147 2557 2291 2601 esse
2313 2535 2489 2600 aliud
2515 2543 2582 2599 et

632 2628 811 2695 aliud
855 2648 1120 2693 necesse
1163 2632 1281 2691 est.
1349 2625 1431 2689 Iu
1474 2623 1757 2690 eundem
1802 2624 1999 2688 etiam
2043 2621 2310 2687 modum
2355 2619 2581 2687 scribit

630 2714 1093 2791 Nazanzenus,
1154 2733 1225 2777 se
1287 2730 1494 2774 unum
1550 2709 1798 2774 intueri
1854 2711 1926 2773 in
1985 2707 2129 2773 Deo
2183 2727 2317 2772 non
2370 2727 2577 2788 posse,

630 2800 789 2883 quin
834 2799 965 2863 tria
1006 2818 1159 2863 mox
1202 2794 1547 2860 discernat.
1612 2793 1798 2860 Haec
1840 2801 2099 2860 tantum
2140 2793 2287 2858 ideo
2333 2790 2582 2858 adduxi

631 2894 706 2950 ιιι
763 2883 1103 2968 paululum
1166 2881 1361 2947 huius
1419 2880 1651 2946 furiosi
1707 2882 1882 2945 tauri
1939 2880 2258 2964 impetum
2318 2878 2576 2943 cohibe-

630 2993 771 3037 rem
801 2972 881 3048 16)
917 2970 1027 3053 qui
1071 2968 1482 3034 Arianismos
1528 2976 1595 3032 et
1637 2965 2175 3033 Sabellianismos
2218 2963 2577 3030 identidem

631 3064 870 3141 crepat,
908 3056 1160 3139 quoties
1207 3053 1481 3120 verbulo
1517 3073 1651 3118 uno
1687 3052 2057 3121 offendit-ur.
2145 3049 2415 3134 Alioqui
2457 3069 2579 3116 nec

633 3142 714 3209 de
759 3165 831 3208 re
874 3142 956 3207 ab
1000 3164 1076 3208 eo
1120 3140 1469 3217 dissenti0‚
1530 3149 1598 3204 et
1654 3138 1936 3204 libenter
1988 3138 2060 3202 in
2117 3136 2431 3219 loquendi
2472 3157 2577 3201 ra-

629 3230 810 3295 tione
854 3228 1339 3293 distinctionem
1395 3226 1476 3291 ab
1520 3247 1596 3291 eo
1636 3226 1917 3308 positam
1962 3243 2216 3306 sequor,
2253 3221 2446 3288 modo
2492 3243 2577 3285 ne

631 3316 978 3401 tyrannica
1030 3314 1348 3379 servitute
1400 3332 1534 3376 non
1599 3318 1859 3375 tantum
1926 3330 2152 3374 omnes
2208 3309 2318 3391 qui
2384 3305 2577 3372 hodie

629 3402 883 3480 vivunt,
928 3399 1043 3465 sed
1088 3398 1428 3464 defunctos
1472 3396 1671 3463 etiam
1714 3396 2013 3479 attingat.

799 3483 1024 3551 Redeo
1083 3484 1165 3550 ad
1222 3483 1392 3548 illud
1434 3482 1912 3548 atrocissimum
1959 3480 2299 3545 haereseos
2343 3487 2411 3543 et
2452 3479 2573 3545 im-

675 3573 893 3637 ietatis
937 3573 1183 3638 crimen
1228 3568 1397 3653 quod
1441 3568 1608 3633 mihi
1661 3577 1728 3633 et
1780 3566 1968 3633 vobis
2009 3565 2206 3631 simul
2249 3564 2573 3648 impingit.

629 3594 711 3725 ξι
753 3657 943 3743 vobis
985 3678 1118 3723 non
1155 3665 1256 3720 est
1298 3661 1557 3721 tantum
1592 3653 1798 3719 animi
1833 3661 1910 3718 ut·
1946 3652 2119 3719 hanc
2161 3652 2469 3717 ferociam
2492 3648 2574 3735 ¹⁷)

631 3743 1001 3823 coerceatis,
1063 3750 1356 3808 vestram
1399 3739 1660 3823 quidem
1705 3739 1982 3804 nimiam
2021 3738 2406 3821 patientiam
2452 3737 2575 3800 im-

628 3830 937 3914 probabo,
984 3829 1098 3894 sed
1142 3825 1597 3894 commendata
1638 3824 1927 3890 Domino
1970 3845 2117 3889 mea
2156 3830 2226 3889 et
2268 3822 2576 3888 ecclesiae

631 3938 828 3983 causa
867 3915 1127 3998 quietus
1168 3935 1275 3978 me
1317 3913 1389 3976 in
1425 3911 1684 3977 silentio
1727 3911 2091 3976 continebo.
2178 3907 2301 3975 Sin
2345 3908 2577 3974 collec-

586 4003 721 4067 ‹tis
779 4001 1016 4067 animis
1076 3998 1159 4065 ad
1214 3996 1700 4082 repurgandam
1724 3996 1810 4079 18)
1867 3996 1992 4062 hoc
2055 4014 2253 4061 coeno
2321 4003 2385 4059 et
2452 3994 2578 4059 hac

632 4087 779 4153 labe
832 4086 1168 4153 ecclesiam
1229 4106 1343 4150 vos
1411 4082 1826 4149 accinxeritis
1843 4133 1859 4161 ,
1925 4101 2061 4147 non
2126 4080 2350 4146 dubito
2416 4081 2575 4162 quin

633 4174 881 4239 exitum
936 4180 1075 4238 tam
1132 4178 1396 4237 sanctae
1451 4170 1685 4236 actioni
1756 4168 2028 4233 daturus
2084 4166 2172 4232 sit
2225 4165 2574 4244 Dominus,

634 4258 895 4343 qualem
940 4260 1152 4341 optari
1187 4278 1226 4321 a
1262 4256 1445 4322 bonis
1483 4254 1782 4320 omnibus
1820 4274 1940 4336 par
1982 4263 2098 4318 est.
2166 4252 2356 4330 Mihi,
2402 4250 2576 4335 quod

634 4365 853 4410 meam
887 4343 1358 4427 querimoniam
1392 4340 1477 4404 ad
1511 4363 1625 4407 vos
1662 4339 1884 4419 detuli,
1920 4339 2148 4405 videor
2181 4338 2394 4403 officio
2427 4358 2575 4420 per·

635 4432 917 4497 functus.
1006 4428 1361 4511 Reliquum
1411 4435 1512 4492 est
1558 4436 1631 4491 ut
1672 4447 1837 4509 quae
1880 4427 2015 4491 sint
2055 4431 2314 4491 vestrae
2356 4431 2577 4508 partes

639 4517 954 4600 cogitetis,
1004 4535 1126 4579 nec
1168 4514 1402 4579 sinatis
1455 4521 1678 4577 vestra
1731 4512 2095 4578 cessatione
2147 4513 2250 4594 (ut
2290 4532 2376 4574 ne
2419 4508 2579 4593 quid

639 4603 908 4687 gravius
976 4600 1218 4683 dicam)
1281 4598 1529 4664 malum
1586 4598 1785 4663 nimis
1841 4599 2115 4662 noxium
2180 4603 2248 4661 et
2310 4596 2578 4661 exitiale

642 4687 917 4772 gliscere
961 4685 1233 4750 ulterius
1288 4694 1356 4749 et
1412 4684 1717 4768 grassari.
1805 4682 2056 4762 Valete,
2100 4684 2337 4747 fratres
2377 4682 2579 4747 caris-

642 4774 791 4838 simi
836 4780 902 4837 et
942 4771 1109 4835 mihi
1143 4790 1401 4852 semper
1443 4767 1698 4835 colendi
1740 4769 1811 4833 in
1845 4767 2157 4834 Domino:
2202 4787 2393 4851 quem
2430 4787 2580 4850 pre-

518 4894 527 4903 ·
642 4879 755 4926 cor
798 4864 875 4921 ιιι
914 4856 1097 4924 vobis
1141 4876 1397 4939 semper
1445 4855 1617 4921 adsit
1672 4876 1749 4921 ac
1772 4860 1853 4932 ¹⁹)
1908 4855 2139 4938 spiritu
2194 4852 2581 4937 prudentiae

819 5112 914 5179 16)
947 5111 1071 5167 Hoc
1103 5109 1362 5166 vocabulo
1393 5110 1457 5165 in
1501 5109 1559 5163 T.
1594 5114 1646 5166 et
1681 5109 1751 5164 B.
1798 5122 1932 5165 casu
1966 5111 2178 5178 omisso,
2219 5108 2486 5165 simlerus
2516 5125 2585 5164 ex

643 5183 958 5241 coniectura
992 5180 1251 5248 excipiam
1286 5178 1536 5234 meruit.

819 5248 913 5317 17)
949 5249 1142 5302 furiam
1182 5247 1247 5303 G.
1277 5247 1336 5301 T.
1358 5248 1428 5301 Β.
1455 5245 1510 5300 S.
1544 5245 1689 5316 quod
1708 5245 1868 5302 nobis
1898 5245 2318 5314 praeferendum
2350 5246 2581 5303 videtur.

819 5316 917 5455 lg}
949 5334 1081 5441 ἵξῃ
1133 5314 1566 5454 ’ammi-&m

2682 648 3093 716 fortitudinis
3141 649 3260 715 zeli
3327 648 3731 717 constantiae
3784 649 4076 715 instruat
4108 649 4208 714 *in
4278 649 4466 733 regni
4528 647 4617 713 sui

2683 735 3221 803 aedificationem.
3310 740 3409 801 21.
3456 735 3704 802 Ianuar
3759 738 4050 815 1545.²⁰)

3536 873 3819 939 Ioannes
3864 870 4180 940 Calvinus
4224 879 4457 937 vester.

3583 1367 3739 1440 608.

3116 1503 3522 1573 VIRETUS
3567 1504 4203 1573 BULLINGERO.

2856 1677 2960 1744 De
2995 1676 3195 1742 libello
3242 1676 3505 1743 Lumen·
3544 1696 3745 1759 nuper
3799 1677 3875 1742 de
3929 1675 4164 1760 neyotio
4222 1675 4626 1742 eucharistiae

2689 1768 2900 1829 contra
2949 1764 3322 1828 Turicenses
3363 1763 3537 1829 edito.
3630 1761 3752 1828 Oui
3802 1767 3874 1828 ut
3925 1762 4020 1828 vel
4077 1764 4325 1828 omnino
4376 1782 4502 1828 non
4540 1782 4626 1827 rs-

2685 1849 3027 1930 spondeani
3083 1849 3176 1913 vel
3230 1848 3449 1915 saltem
3506 1850 3815 1914 moderate
3876 1853 3932 1913 et
3986 1853 4230 1914 tantum
4289 1847 4628 1932 qermanioe

2685 1935 2900 1999 multis
2945 1934 3227 2085 {glutis
3289 1935 3675 2017 arqumemis
3727 1934 3961 2001 suadet.
4077 1933 4325 2000 Calvini
4389 1932 4629 2000 libellus

2685 2026 2901 2086 contra
3017 2020 3313 2086 'ev-tinos.

2687 2192 2799 2257 (Ex
2849 2191 3185 2260 autographo
3232 2191 3395 2245 Arch.
3446 2191 3626 2244 Turio.
3666 2191 3810 2245 Plut.
3848 2190 3945 2244 VI.
3993 2190 4121 2244 Vol.
4177 2189 4274 2243 166
4319 2191 4449 2245 olim
4496 2190 4628 2258 Epp.

3115 2260 3323 2314 XXIV.
3359 2260 3450 2313 fol.
3487 2258 3608 2314 232.
3682 2260 3896 2313 Simler.
3936 2259 4059 2313 Vol.
4096 2258 4209 2325 56.)

2856 2431 3195 2517 Singulari
3241 2431 3604 2496 eruditione
3660 2451 3736 2497 ac
3791 2431 4034 2514 pietate
4089 2432 4507 2497 ornatissimo
4549 2428 4627 2495 D.

2682 2519 3021 2584 Henricho
3066 2517 3454 2601 Bullingero
3499 2516 3857 2601 Tigurinac
3901 2516 4209 2582 ecclesiae
4252 2518 4504 2601 pastori
4541 2518 4630 2581 vi·

2683 2605 3117 2689 gilantissimo

4211 2689 4456 2774 Tiguri.

2855 2825 3091 2892 Gratia
3135 2831 3201 2891 et
3238 2847 3371 2909 pax
3417 2847 3456 2891 a
3477 2824 3623 2890 Deo
3659 2831 3847 2911 patre
3880 2846 4000 2910 per
4019 2824 4240 2891 Iesum
4267 2824 4630 2894 Christum.

2683 2911 3132 2978 Vehementer
3193 2912 3497 2996 gravisus
3565 2933 3744 2991 sum,
3801 2910 4174 2996 Bullinyere
4242 2912 4629 2989 doctissime,

2682 2996 2855 3082 quod
2899 3018 2983 3062 ex
3026 2997 3156 3062 tuis
3200 2996 3285 3062 ad
3330 2995 3605 3065 Coelium
3657 2997 3869 3063 literis
3912 2997 4385 3075 intellexerim,
4450 3008 4518 3064 te
4562 3017 4631 3062 ac

2683 3094 2833 3151 tuos
2888 3083 3167 3168 collegas
3239 3093 3304 3149 et
3369 3105 3401 3150 s
3448 3093 3770 3169 mmystas
3827 3106 4052 3150 omnes
4111 3105 4255 3151 esse
4315 3104 4632 3168 prospera

2681 3169 3089 3235 valetudine:
3138 3167 3252 3235 sed
3287 3170 3392 3236 val
3442 3191 3476 3235 e
3511 3170 3827 3236 cruciavit
3872 3171 4164 3236 animum
4201 3191 4425 3236 meum
4463 3190 4628 3235 nun·

2683 3258 2821 3321 cius
2864 3255 2976 3321 ille
3021 3257 3132 3339 qui
3178 3255 3260 3320 ad
3304 3277 3422 3321 nos
3463 3257 3771 3340 pervenit
3806 3255 3886 3321 de
3920 3255 4138 3321 libello
4177 3276 4371 3340 quem
4418 3276 4628 3338 nuper

2682 3340 2885 3408 edidit
2928 3340 3246 3407 Luiherus
3301 3341 3380 3406 de
3432 3342 3692 3424 negotio
3735 3342 4188 3407 eucharistiae.
4215 3343 4264 3422 ¹)
4353 3341 4628 3407 Utinam

2681 3427 3006 3511 capularis
3049 3448 3254 3493 senex
3296 3426 3495 3492 aliam
3532 3428 3720 3493 nobis
3764 3447 4081 3513 cygneam
4117 3429 4494 3493 cantionem
4530 3448 4627 3493 ce·

2683 3514 2981 3593 cinisset,
3038 3534 3203 3596 quae
3246 3513 3393 3596 plus
3454 3513 3512 3577 ei
3557 3512 3888 3578 attulisset
3941 3515 4345 3593 ornamenti,
4403 3513 4628 3579 amicis

2680 3621 2838 3666 vero
2883 3610 2949 3665 et
2989 3600 3175 3666 bonis
3233 3599 3534 3664 omnibus
3589 3598 3739 3682 plus
3794 3598 4150 3682 voluptatis
4208 3607 4404 3682 atque
4451 3598 4630 3665 utili-

2681 3686 2866 3765 tatis,
2936 3693 3001 3751 et
3044 3687 3261 3750 minus
3318 3683 3778 3753 oblectamenti
3822 3685 4121 3751 hostibus
4164 3693 4435 3751 nostrae
4481 3684 4631 3750 reli-

2679 3771 2910 3922 gionis.
2983 3771 3155 3836 Nam
3191 3771 3488 3854 quamvis
3533 3771 3658 3837 sim
3703 3772 3842 3836 eius
3883 3772 4149 3856 linguae
4191 3772 4472 3854 ignarus
4510 3791 4634 3855 qua

2706 3858 2846 3923 iber
2879 3857 2991 3922 ille
3031 3856 3309 3938 scriptus
3345 3864 3462 3936 est,
3508 3878 3613 3921 me
3647 3866 3870 3922 tamen
3910 3879 4146 3941 parum
4182 3865 4456 3937 recreat,
4503 3858 4633 3922 imo

2679 3944 2971 4027 graviter
3026 3943 3212 4027 angit
3265 3942 3556 4007 animum
3612 3964 3832 4008 meum
3851 3994 3866 4021 ,
3925 3943 3981 4009 si
4036 3964 4198 4009 vera
4253 3952 4412 4011 sunt
4468 3962 4632 4027 quae

2683 4029 2763 4095 de
2818 4051 2892 4095 eo
2953 4028 3205 4103 audivi,
3270 4037 3413 4093 tum
3472 4050 3553 4092 ex
3608 4030 3738 4094 tuis
3787 4028 4001 4094 literis
4054 4038 4196 4095 tum
4255 4028 4337 4094 ab
4382 4029 4629 4106 amiciS,

2681 4138 2896 4199 nuper
2936 4135 3136 4198 quum
3182 4114 3442 4180 Bernae
3486 4134 3724 4179 essem:
3785 4136 3952 4198 quae
3997 4136 4037 4180 a
4090 4115 4278 4181 vobis
4322 4115 4630 4182 omnibus

2683 4204 2924 4285 scripta
2967 4221 3099 4265 non
3144 4200 3426 4265 arbitror
3468 4201 3597 4265 nisi
3642 4221 3798 4266 vera
3842 4207 4014 4266 sunt.
4085 4200 4302 4266 Audio
4346 4221 4472 4266 vos
4520 4197 4629 4265 ad·

2680 4309 2911 4355 versus
2959 4307 3107 4350 eum
3150 4307 3397 4368 *parare
3463 4305 3867 4368 responsum,
3888 4288 3945 4370 ²)
4010 4285 4182 4369 quod
4248 4284 4431 4352 vobis
4500 4304 4631 4351 non

2682 4375 2892 4438 ausim
2936 4370 3328 4437 dissuadere.
3352 4374 3408 4455 8)
3496 4371 3648 4436 Non
3694 4372 3868 4437 enim
3915 4371 4148 4455 opinor
4189 4392 4311 4437 vos
4357 4371 4442 4437 ad
4481 4370 4634 4438 scri-

2682 4457 2970 4524 bendum
3013 4457 3217 4523 fuisse
3263 4459 3554 4522 animum
3602 4458 4009 4540 appulsuros,
4070 4458 4198 4522 nisi
4242 4458 4310 4522 id
4355 4477 4631 4542 magno-

2684 4566 2836 4628 pere
2905 4565 3011 4609 res
3075 4545 3218 4628 ipsa
3282 4543 3640 4627 postularet
3704 4550 3771 4608 et
3835 4563 3875 4607 a
3939 4542 4123 4608 vobis
4190 4547 4628 4627 extorqueret

2853 4834 2948 4900 20)
2987 4834 3198 4888 Datum
3251 4848 3371 4887 cum
3418 4836 3813 4904 subscriptione
3866 4836 4212 4905 auioyrapha
4265 4835 4524 4904 leyuntm·
4572 4833 4631 4886 in

2686 4904 2800 4959 solo
2832 4903 2949 4959 cod.
2985 4902 3059 4958 N.
3166 4902 3378 4957 imario.
3857 4954 3867 4965 „

2709 4971 2852 5027 608.
2893 4972 2944 5038 1)
2993 4973 3065 5025 V·
3159 4986 3336 5039 supra
3372 4971 3446 5026 N.
3484 4970 3602 5039 586,
3636 4978 3746 5028 not.
3782 4972 3815 5026 9
3850 4980 3902 5028 et
3932 4972 4051 5041 606,
4086 4978 4199 5028 not.
4236 4970 4321 5025 12.

2801 5110 2867 5165 N
2890 5039 3226 5163 2ggg'rodii‘t2
3243 5055 3421 5094 mense
3458 5040 3695 5096 Martio:
3753 5041 3990 5097 Pitaium
4035 5042 4421 5111 descripsimus
4458 5052 4631 5108 supra

2687 5110 2764 5166 “d
2863 5149 2944 5240 ’3)
2982 5126 3119 5232 1’m2‘
3136 5149 3327 5258 qeq'era
3368 5177 3665 5246 demandet,
3700 5179 3847 5248 quoa
3880 5184 3930 5234 et
3950 5178 4340 5234 Mezancmon
4370 5178 4508 5246 fecit
4539 5190 4631 5247 qm

2688 5247 2829 5303 stibii
2857 5248 3020 5301 intem
3061 5253 3285 5302 estimas
3317 5261 3431 5301 esse
3463 5245 3608 5302 dixit
3641 5263 3804 5318 quam
3838 5249 3937 5303 hoo
3979 5254 4082 5303 tem
4124 5263 4217 5303 ore
4251 5249 4361 5315 πῦρ
4394 5244 4487 5299 ἐπὶ
4520 5245 4629 5311 πῦρ

2687 5316 2892 5372 addere
2926 5321 2977 5371 et
3049 5316 3303 5397 mastica
3338 5316 3627 5371 accendero
3660 5319 3974 5373 mioniae-
4029 5263 4218 5386 (ἄψ.
4243 5317 4367 5384 Res.
4415 5317 4480 5372 V.
4513 5312 4630 5369 525.

2696 5383 2778 5453 Of.
2813 5386 2976 5441 otiam
3015 5384 3301 5441 cavinum
3335 5384 3411 5441 N.
3446 5383 3594 5451 586.)
