4825 6175
176 501 247 564 17
2006 501 2173 562 1545
2213 497 2354 564 Ι611.
3516 547 3523 554 .
4077 500 4155 566 18

170 686 563 772 syllogismos
641 687 951 753 contexit.
1059 685 1301 752 Hilarii
1378 693 1446 751 et
1518 684 1754 770 Cyrilli
1832 684 2100 752 adducit

168 774 538 851 testimonia,
584 772 699 837 sed
742 794 875 838 non
919 771 1097 839 videt
1130 792 1203 837 se
1225 792 1443 837 aerem
1477 771 1847 849 verberare,
1893 792 2097 855 quum

165 880 286 925 non
340 857 516 924 aliud
572 857 837 924 tandem
895 857 1202 943 colligere
1254 859 1458 940 possit
1514 878 1711 941 quam
1779 878 2096 942 personae

165 967 285 1010 non
327 944 677 1010 convenire
721 964 884 1027 quae
928 964 1048 1028 ego
1093 942 1174 1008 de
1209 942 1494 1009 essentia
1526 952 1701 1009 recte
1737 942 2098 1026 praedicari

165 1032 423 1097 affirmo·
505 1028 688 1111 Quin
730 1031 947 1106 etiam,
994 1051 1119 1112 quo
1164 1026 1497 1094 videretur
1537 1028 1615 1093 ad
1663 1050 1755 1112 pu
1850 1028 2095 1094 andum

165 1116 548 1193 instructior,
576 1116 806 1199 probat
828 1114 991 1180 mihi
1009 1114 1358 1180 Athanasii
1381 1116 1729 1180 autoritate
1813 1115 2095 1179 hristum

165 1223 294 1267 esse
336 1224 418 1266 ex
462 1203 667 1285 patris
711 1201 1080 1266 substantia
1122 1202 1439 1284 genitum.
1546 1200 1753 1281 Quasi
1808 1201 1931 1266 hoc
1978 1221 2095 1284 ego

164 1308 439 1370 unquam
485 1288 556 1351 in
601 1288 1044 1370 quaestionem
1094 1287 1496 1363 vocaverim,
1550 1288 1682 1352 imo
1729 1288 1915 1368 quasi
1962 1307 2096 1351 non

163 1373 222 1439 id
265 1395 367 1438 me
411 1372 709 1438 docuisse
754 1373 935 1438 sciat.
1003 1370 1182 1453 Quid
1226 1380 1440 1455 potest
1476 1371 1596 1438 hoc
1633 1371 1898 1437 homine
1934 1372 2023 1436 fin
2078 1371 2091 1386 ⁶

165 1458 638 1542 impudentius?
729 1457 1123 1542 Quanquam
1166 1459 1371 1522 miror
1411 1457 1688 1540 qualiter
1743 1456 1891 1523 fidei
1939 1466 2095 1523 arti-

166 1544 376 1611 culum
420 1544 710 1609 hominis
752 1545 952 1610 unius
995 1544 1370 1610 testimonio
1429 1544 1588 1610 satis
1645 1545 1907 1608 firmum
1955 1564 2097 1608 esse

165 1631 443 1710 duxerit,
526 1651 727 1713 quum
816 1630 1007 1713 paulo
1083 1637 1233 1695 ante
1311 1651 1523 1694 meam
1604 1629 2097 1714 incogitantiam

163 1718 432 1795 risisset,
493 1718 650 1799 quia
702 1737 785 1781 ex
843 1715 1218 1800 Augustino
1277 1723 1342 1779 et
1400 1715 1649 1799 Cyrillo
1704 1715 2098 1793 testimonia,

162 1822 285 1868 non
330 1801 414 1866 ad
458 1801 895 1887 probandum,
954 1800 1069 1867 sed
1127 1809 1385 1865 tantum
1445 1800 1900 1883 explicandum
1946 1800 2101 1865 fidei

165 1888 497 1953 articulum
525 1908 736 1953 essem
759 1895 1113 1952 mutuatus.
1178 1886 1573 1970 Dionysium
1619 1887 1795 1951 enim
1840 1885 2100 1965 citabat,

165 1975 262 2057 qui
318 1974 617 2039 illicitam
674 1972 1012 2038 audaciam
1085 1993 1227 2037 esse
1293 1972 1708 2055 pronunciat,
1778 1972 1955 2054 loqui
2020 1970 2100 2037 de

168 2060 485 2126 essentiali
543 2058 890 2124 divinitate
952 2070 1211 2141 praeter
1256 2058 1322 2123 id
1376 2057 1546 2141 quod
1612 2066 1713 2123 est
1777 2058 1847 2122 in
1899 2058 2100 2123 sacris

168 2146 379 2230 elogiis
424 2166 827 2229 expressum.
898 2143 1033 2225 Qui
1074 2146 1145 2207 fit
1181 2150 1257 2208 ut
1298 2144 1510 2228 legem
1557 2165 1689 2209 non
1732 2153 1951 2209 servet
1994 2144 2103 2208 hic

166 2229 359 2297 bonus
414 2234 733 2315 magister
798 2252 991 2313 quam
1058 2229 1202 2294 aliis
1262 2241 1399 2294 tam
1468 2251 1695 2295 severe
1764 2229 2098 2313 iniungit?

164 2319 368 2400 Atque
427 2318 556 2382 hoc
614 2316 876 2399 quidem
937 2337 1012 2380 66
1057 2315 1343 2399 pertinet
1397 2325 1473 2380 ut
1528 2316 1840 2389 videatis,
1897 2336 2099 2397 quum

160 2423 370 2468 omnes
426 2403 791 2469 cavillandi
841 2421 1035 2467 ansas
1095 2401 1326 2466 canino
1385 2399 1580 2466 dente
1640 2399 1962 2479 mordeat,
2025 2421 2103 2465 ea

160 2489 636 2573 reprehendere
682 2509 850 2571 quae
894 2488 1192 2570 proximo
1242 2487 1475 2552 deinde
1530 2507 1727 2551 versu
1783 2486 2101 2551 imitando

161 2574 388 2725 ¹probet.
506 2577 610 2640 De
666 2575 809 2640 loco
867 2573 1163 2639 Ioannis:
1222 2571 1427 2637 Dedit
1483 2581 1670 2654 pater
1718 2572 1852 2637 filio
1897 2574 2104 2637 vitam

203 2662 384 2728 abere
430 2663 510 2725 in
556 2681 626 2725 se
667 2662 837 2744 ipso,
899 2679 1207 2743 magnam
1254 2661 1803 2725 concertationem
1864 2671 2100 2724 movet.
2144 2689 2152 2702 ⁴

164 2745 317 2811 Nam
362 2746 528 2830 quia
569 2748 693 2812 hoc
737 2745 816 2810 de
862 2754 998 2810 tota
1021 2743 1271 2809 Christi
1309 2765 1586 2826 persona
1621 2742 1864 2808 dictum
1900 2745 2104 2808 inter-

163 2844 397 2982 gretor,
488 2852 622 2897 non
686 2841 905 2897 autem
980 2839 1347 2914 competere
1405 2830 1477 2894 in
1555 2829 1945 2895 alterutram
2022 2851 2105 2895 ex

204 2920 403 2986 uabus
471 2919 755 2995 naturis,
821 2939 886 2981 m
977 2938 1134 2980 num
1206 2915 1727 2988 testimoniorum
1799 2937 2105 2981 acervum

165 3006 469 3090 congerit,
515 3012 590 3069 ut
626 3003 854 3087 probet
889 2937 1098 3067 {tilium
1119 3000 1250 3067 Dei
1287 3001 1526 3067 habere
1570 3001 1790 3066 omnia
1834 3024 1872 3066 a
1916 3011 2105 3085 patre

165 3092 305 3173 quia
348 3092 439 3157 sit
500 3113 585 3156 ex
640 3091 781 3174 ipso
826 3091 1106 3174 genitus,
1194 3089 1339 3173 Ego
1383 3098 1604 3153 autem
1660 3086 1873 3152 locum
1919 3089 2105 3152 illum

167 3175 241 3243 ad
282 3190 619 3243 aeternam
676 3176 1165 3261 generationem
1222 3173 1551 3256 pertinere
1605 3174 1861 3239 fortiter
1916 3196 2103 3258 neg0‚

166 3262 270 3328 sed
339 3271 604 3328 tantum
683 3284 756 3327 eo
825 3260 1069 3338 doceri,
1148 3258 1384 3342 quibus
1449 3258 1708 3324 dotibus
1773 3261 2108 3324 ornaverit

167 3348 364 3414 filium
416 3357 624 3433 pater*
667 3369 866 3431 quum
927 3347 994 3411 in
1056 3366 1250 3411 carne
1310 3344 1439 3409 fuit
1494 3344 1840 3410 exhibitus.
1934 3345 2107 3409 Con-

170 3436 385 3513 tendo,
443 3436 747 3518 inquam,
804 3433 883 3498 de
941 3431 1154 3497 officio
1210 3430 1457 3495 Christi
1519 3431 1735 3514 potius
1780 3452 1971 3513 quam
2028 3430 2107 3496 de

170 3524 444 3587 essentia
499 3521 632 3586 illic
684 3520 829 3586 fieri
882 3519 1313 3595 mentionem,
1383 3536 1503 3581 nec
1572 3525 1707 3581 tam
1765 3516 2105 3582 Christum

170 3605 383 3673 docere
430 3606 601 3673 velle
644 3605 854 3689 qualis
897 3604 968 3668 in
1014 3626 1084 3668 se
1126 3604 1267 3686 ipso
1308 3604 1424 3680 sit,
1484 3624 1677 3684 quam
1734 3603 1991 3685 qualem
2035 3624 2105 3668 se

170 3692 338 3759 nobis
383 3701 690 3777 praestet.
782 3690 983 3773 Atqui
1038 3689 1231 3754 aliter
1289 3687 1764 3754 intellexerunt
1813 3688 2105 3772 plerique

169 3799 243 3843 ex
294 3779 607 3862 patribus.
707 3776 888 3857 Quid
946 3774 1134 3840 tum?
1241 3776 1350 3838 An
1409 3794 1633 3839 eorum
1677 3774 1896 3857 opinio
1944 3773 2104 3838 mihi

170 3864 626 3946 praeiudicium
704 3864 966 3939 afferet,
1035 3882 1118 3925 ne
1197 3881 1583 3943 germanum
1649 3859 1773 3925 loci
1839 3881 2103 3926 sensum

169 3950 431 4016 audeam
512 3949 739 4033 sequi?
859 3948 1066 4012 Totus
1144 3945 1457 4011 orationis
1532 3955 1876 4010 contextus
1940 3947 2103 4011 mihi

170 4036 574 4122 suffragatur.
677 4035 815 4101 Res
872 4036 1015 4117 ipsa
1068 4031 1232 4096 mihi
1292 4031 1735 4096 testimonium
1788 4031 2100 4115 perhibet.

171 4118 373 4200 Quam
420 4143 577 4207 ergo
624 4120 872 4204 puerile
932 4128 1033 4185 est
1089 4127 1334 4184 certam
1395 4119 1742 4182 veritatem
1800 4117 1922 4184 hac
1967 4117 2104 4183 sola

169 4208 463 4274 machina
518 4210 829 4290 impetere
883 4203 1053 4290 quod
1110 4203 1269 4269 alios
1325 4225 1513 4269 secus
1557 4203 1842 4269 sensisse
1886 4202 2099 4269 dicat?

168 4292 269 4358 Ex
312 4293 532 4359 libello
576 4293 775 4359 etiam
820 4312 995 4370 meo,
1055 4312 1248 4373 quem
1294 4289 1374 4354 de
1418 4291 1786 4353 animarum
1834 4289 2101 4354 immor-

169 4379 417 4445 talitate
462 4379 661 4457 edidi,
699 4378 914 4445 locum
959 4396 1167 4442 unum
1206 4376 1394 4454 citat,
1449 4375 1564 4440 ubi
1608 4373 1692 4439 ad
1734 4374 2103 4439 humanum

172 4462 413 4531 Christi
459 4473 761 4530 naturam
808 4464 932 4529 hoc
976 4462 1200 4527 refero,
1274 4460 1485 4541 Quasi
1530 4482 1688 4525 vero
1734 4459 1840 4525 hic
1882 4481 1989 4525 me
2032 4460 2104 4525 in

170 4549 378 4634 aliqua
420 4550 853 4635 repugnantia
895 4546 1358 4631 deprehendat.
1449 4546 1621 4611 Nam
1676 4546 1879 4611 fateor
1937 4545 2106 4613 hanc

170 4640 683 4721 praerogativam
740 4635 1006 4702 Christo
1064 4632 1320 4697 homini
1378 4632 1596 4697 datam
1653 4653 1812 4697 esse.
1912 4630 2106 4699 Unde

171 4725 335 4787 enim
394 4723 630 4806 alioqui
691 4722 951 4786 vivifica
1005 4720 1147 4784 eius
1203 4739 1352 4785 caro
1414 4717 1622 4783 foret?
1725 4717 1860 4783 Sed
1917 4717 2102 4797 addc,

171 4805 285 4873 hoc
328 4830 468 4874 esse
511 4810 756 4873 factum
792 4807 946 4891 quia
971 4806 1151 4870 Deus
1175 4804 1264 4869 sit
1285 4804 1737 4869 manifestatus
1773 4804 1844 4868 in
1887 4824 2101 4869 carne.

170 4893 359 4976 Apud
402 4914 594 4960 sanos
639 4904 705 4959 et
743 4893 1033 4977 integros
1077 4891 1353 4957 lectores
1400 4889 1563 4955 mihi
1605 4888 1791 4954 nulla
1834 4910 2103 4956 excusa-

171 4976 339 5044 tione
369 4981 447 5059 ¹⁴)
492 5001 654 5063 opus
698 4990 815 5046 est.
919 4977 1191 5043 Homini
1244 4986 1463 5042 autem
1521 4984 1659 5041 tam
1702 4975 1994 5060 maligno
2038 4982 2105 5041 et

334 5286 423 5356 14)
457 5289 806 5343 excusatione
854 5328 867 5341 .
885 5326 899 5340 .
919 5329 932 5341 .
954 5326 966 5340 .
1014 5287 1177 5340 nulla.
1259 5286 1319 5338 in
1368 5285 1438 5338 Β.
1487 5284 1718 5350 omissa,
1770 5281 1827 5337 S.
1876 5298 1945 5337 ex
1979 5299 2103 5339 con-

174 5354 373 5409 iectura
422 5374 533 5412 non
585 5357 723 5412 male
770 5356 1025 5423 restituit,
1078 5355 1328 5424 quamvis
1378 5353 1548 5423 paulo
1608 5352 1768 5407 alitor
1824 5358 1987 5422 atque
2042 5354 2104 5407 ia

178 5423 486 5481 authenticis
519 5442 639 5481 cxx.
674 5427 941 5495 leputatur.
1874 5462 1879 5466 -

377 5511 591 5568 Caluini
620 5527 802 5581 opera.
886 5509 998 5566 Vol.
1039 5508 1184 5564 XII.

2199 686 2566 769 praefracto
2610 685 2794 751 nulla
2835 705 3129 767 unquam
3174 685 3503 752 excusatio
3548 687 3840 752 sufficiet.
3909 689 4153 756 Postea

2201 779 2389 836 extra
2435 771 2612 837 01666
2669 780 3006 855 evagatur.
3112 770 3285 836 Nam
3336 771 3622 836 multum
3679 773 4031 839 verborum
4075 775 4152 842 in

2200 857 2322 924 hoc
2379 857 2715 941 profundit
2771 863 2847 921 ut
2900 856 3205 922 ostendat
3262 854 3460 931 dona,
3533 878 3698 941 quae
3756 858 4152 927 humanitati

2200 943 2457 1009 Christi
2499 943 2733 1009 collata
2776 942 3082 1020 fuerunt,
3140 964 3273 1007 non
3330 952 3585 1008 tantum
3631 965 3668 1008 a
3714 954 3901 1028 patre
3949 945 4064 1012 sed
4107 968 4156 1012 a·

2201 1028 2410 1095 tribus
2455 1028 2653 1095 simul
2697 1029 2993 1111 personis
3037 1027 3370 1111 prodiisse.
3437 1029 3586 1094 Non
3628 1032 3867 1095 mirum
3904 1033 3958 1095 si
4005 1032 4149 1100 aliis

2199 1115 2286 1179 sit
2329 1115 2662 1193 molestus,
2706 1135 2909 1196 quum
2952 1114 3093 1197 ipse
3127 1114 3250 1179 sibi
3285 1115 3531 1179 frustra
3569 1113 3874 1200 nullaque
3895 1118 4149 1183 ratione

2196 1209 2456 1265 tantum
2500 1201 2743 1285 negotii
2776 1201 3069 1267 facessat.
3159 1198 3353 1280 Quod
3395 1201 3804 1284 probandum
3854 1206 4152 1287 suscipit,

2198 1285 2486 1369 primum
2529 1287 2601 1350 in
2644 1286 2936 1352 confesso
2980 1295 3097 1362 est,
3144 1285 3381 1350 deinde
3425 1286 3586 1352 adeo
3631 1288 3905 1372 vulgare
3951 1299 4025 1355 ut
4058 1291 4148 1355 ri-

2199 1370 2491 1438 diculum
2535 1374 2623 1438 sit
2664 1358 3000 1438 inter⁴nos
3042 1383 3353 1454 tanquam
3412 1372 3491 1438 de
3548 1395 3620 1437 re
3670 1373 3874 1439 ardua
3914 1375 4160 1441 verbo-

2200 1458 2336 1524 sius
2380 1457 2630 1523 disseri.
2720 1455 2932 1522 Video
2975 1465 3196 1522 tamen
3241 1457 3396 1539 quid
3449 1466 3681 1541 captet.
3772 1459 3942 1524 Nam
3987 1461 4150 1527 dum

2197 1544 2405 1609 instar
2448 1544 2634 1627 pueri
2683 1565 2789 1608 me
2834 1544 3039 1621 docet,
3086 1543 3211 1608 sibi
3253 1543 3432 1609 intus
3478 1544 3763 1626 plaudit,
3811 1548 3997 1628 quasi
4041 1569 4147 1613 me

2201 1629 2475 1712 puerilis
2516 1630 2814 1694 inscitiae
2859 1629 3228 1694 convictum
3271 1639 3510 1694 teneat.
3581 1631 3749 1695 Nam
3788 1631 3958 1700 hanc
4001 1641 4148 1698 tan-

2203 1714 2350 1780 dem
2397 1715 2758 1781 clausulam
2803 1713 3162 1798 subiungit,
3208 1713 3402 1780 huius
3437 1717 3601 1779 tanti
3641 1719 3934 1801 mysterii
3956 1719 4147 1803 igno-

2202 1799 2458 1865 ratione
2521 1801 2765 1866 factum
2845 1820 2986 1866 esse
3066 1809 3142 1865 ut
3206 1809 3342 1864 tam
3421 1802 3701 1884 turpiter
3767 1802 4145 1886 desiperem.

2203 1887 2349 1971 Ego
2391 1895 2609 1952 autem
2654 1885 2778 1952 hac
2822 1894 2959 1951 tam
2993 1885 3320 1960 1611111615)
3366 1890 3799 1954 ostentatione
3835 1890 3958 1956 hoc
3994 1911 4149 1955 eum

2204 1973 2515 2055 consequi
2557 1971 2699 2039 dico
2744 1981 2823 2037 ut
2864 1992 3090 2037 omnes
3141 1972 3516 2056 intelligant
3569 1995 3766 2039 sensu
3818 1976 4151 2044 communi

2204 2079 2472 2140 prorsus
2516 2067 2582 2123 et
2624 2057 2887 2125 cerebro
2929 2059 3144 2141 ipsum
3199 2078 3437 2124 carere.
3540 2057 3672 2125 Sed
3724 2060 3846 2125 hoc
3894 2082 4151 2146 quoque

2205 2142 2371 2208 nihil
2414 2143 2662 2222 obstat,
2719 2144 3070 2226 quominus
3127 2144 3252 2208 rite
3311 2142 3618 2210 Christus
3672 2155 3936 2229 accepta
3977 2150 4151 2231 patri

2205 2230 2319 2296 uni
2363 2231 2604 2295 referat
2647 2250 2812 2314 quae
2855 2229 2976 2294 sibi
3024 2240 3097 2294 ut
3142 2228 3388 2293 homini
3434 2228 3676 2296 donata
3717 2240 3890 2297 sunt.

2376 2314 2672 2381 Tandem
2729 2336 2932 2397 quum
2984 2315 3067 2379 ad
3134 2314 3488 2380 refellenda
3544 2336 3710 2398 quae
3769 2340 3850 2382 ex
3896 2318 4150 2402 Cyrillo

2205 2399 2612 2466 adduxeram
2633 2401 3011 2467 testimonia
3032 2399 3380 2479 descendit,
3426 2422 3533 2466 me
3571 2403 3726 2468 facit
3747 2403 4151 2469 haereticum

2205 2497 2273 2552 et
2315 2487 2610 2570 impium.
2699 2487 2847 2551 Hoc
2888 2487 2944 2551 si
2988 2486 3175 2551 vobis
3219 2486 3557 2552 tolerabile
3603 2488 3892 2567 videtur,
3924 2491 4153 2573 optimi

2206 2576 2471 2651 fratres,
2521 2593 2640 2657 ego
2702 2573 2940 2639 tacitus
2996 2572 3166 2637 hanc
3219 2572 3530 2636 iniuriam
3589 2573 3928 2640 devorabo.
4019 2574 4154 2642 Sed

2205 2658 2526 2743 ignoscite
2593 2660 2649 2724 si
2714 2678 2834 2742 ego
2903 2679 3018 2722 vos
3092 2678 3325 2740 parum
3382 2658 3681 2724 cordatos
3761 2661 4156 2741 existimem,

2207 2744 2519 2827 quamdiu
2563 2745 2736 2809 hanc
2780 2751 3030 2827 pestem
3073 2743 3147 2807 in
3181 2742 3331 2808 sinu
3374 2742 3699 2809 fovebitis.
3765 2746 3915 2811 Hac
3936 2755 4158 2812 autem

2207 2832 2543 2896 occasione
2585 2831 2656 2895 in
2702 2838 2955 2895 tantam
2997 2829 3448 2911 intemperiem
3493 2831 3601 2894 vel
3648 2832 3863 2913 potius
3909 2834 4161 2898 rabiem

2209 2917 2595 3000 prorumpit.
2686 2915 3066 2981 Citaveram
3110 2914 3270 2980 haec
3316 2913 3552 3000 Cyrilli
3608 2917 3834 2982 verba:
3881 2916 4072 2999 Quod
4121 2940 4161 2983 a

2210 3022 2279 3066 se
2323 3003 2466 3084 ipso
2510 3003 2714 3067 vitam
2757 3021 2894 3066 non
2938 2999 3157 3078 habet,
3203 3001 3523 3083 quomodo
3566 3003 3985 3085 corruptibile
4022 3024 4159 3070 non

2209 3090 2381 3157 erit?
2468 3089 2740 3173 Excipit
2778 3090 2944 3171 ipse:
3003 3086 3280 3153 Miseret
3323 3109 3428 3153 me
3484 3089 3614 3165 tui,
3671 3091 3782 3172 qui
3829 3089 4158 3174 Cyrillum

2210 3173 2552 3239 haereseos
2602 3183 2767 3259 ¹nota
2819 3174 3038 3258 pergis
3093 3173 3492 3238 insimulare.
3583 3173 3752 3255 Quis
3808 3177 3986 3242 enim
4030 3176 4155 3243 nisi

2209 3281 2463 3325 summe
2530 3261 2773 3343 impius
2845 3280 3082 3325 verum
3136 3259 3261 3324 hoc
3323 3262 3828 3342 pronunciatum
3883 3262 4156 3329 dixerit:

2210 3344 2518 3411 Christus
2562 3356 2663 3411 est
2703 3366 2744 3411 a
2785 3366 2857 3412 se
2897 3344 3081 3428 ipso?
3172 3344 3308 3412 Sed
3353 3344 3526 3410 unde
3571 3346 3742 3413 hanc
3778 3348 3881 3413 vel
3925 3349 4156 3432 impie—

2212 3440 2410 3496 tatem
2457 3433 2564 3498 vel
2606 3431 2932 3497 haeresim
2977 3431 3333 3508 convincit,
3392 3431 3521 3496 nisi
3565 3432 3719 3515 quia
3774 3434 3947 3498 filius
3988 3436 4076 3500 sit
4118 3456 4159 3500 a

2208 3528 2397 3600 patre
2453 3517 2757 3602 genitus?
2857 3517 3118 3601 Negare
3171 3538 3308 3581 non
3362 3525 3573 3599 potest
3628 3518 3791 3601 quin
3846 3519 4157 3603 loquutus

2209 3603 2297 3667 sit
2338 3602 2634 3688 Cyrillus
2679 3600 3229 3686 quemadmodum
3274 3622 3314 3666 a
3357 3623 3462 3667 me
3505 3604 3773 3683 citatur,
3832 3605 3947 3670 sed
4002 3607 4158 3689 quia

2211 3687 2506 3773 Cyrillus
2562 3688 2773 3755 filium
2832 3709 2973 3754 esse
3028 3708 3068 3752 a
3122 3696 3311 3770 patre
3381 3689 3577 3754 simul
3634 3688 3838 3769 dicat,
3905 3691 4030 3761 hoc
4083 3713 4155 3758 se

2210 3775 2401 3840 modo
2460 3775 2637 3840 illius
2704 3775 3096 3859 suffragium
3168 3773 3334 3839 mihi
3399 3783 3706 3841 excutere
3773 3776 4149 3844 arbitratur.

2209 3861 2354 3944 Ego
2377 3870 2597 3925 autem
2619 3868 2977 3942 utrumque
2998 3881 3233 3927 verum
3258 3881 3496 3940 assero,
3536 3869 3605 3925 et
3641 3881 3786 3927 esse
3809 3860 4154 3928 Christum

2209 3966 2248 4009 a
2290 3955 2492 4030 patre,
2539 3955 2615 4011 ut
2654 3946 2940 4012 secunda
2982 3954 3083 4011 est
3126 3967 3434 4029 persona,
3493 3955 3642 4026 eta
3689 3968 3760 4012 se
3804 3948 3946 4032 ipso
3991 3970 4150 4028 esse,

2209 4031 2266 4096 si
2324 4032 2616 4097 divinam
2672 4033 2815 4097 eius
2884 4032 3235 4098 essentiam
3302 4031 3685 4115 simpliciter
3750 4035 4149 4117 respicimus.

2206 4117 2377 4182 Nam
2425 4119 2593 4183 sicut
2635 4119 2760 4182 hoc
2802 4119 2977 4182 inter
3020 4116 3413 4182 orthodoxos
3461 4129 3681 4200 patres
3726 4115 3983 4201 semper
4025 4122 4154 4186 fuit

2207 4212 2562 4287 receptum,
2621 4212 2815 4287 atque
2858 4203 3019 4268 adeo
3064 4225 3148 4268 ex
3189 4204 3532 4284 scripturis
3576 4204 3793 4288 colligi
3842 4207 3965 4271 rite
4010 4214 4150 4290 pot-

2207 4299 2324 4367 est,
2371 4289 2712 4356 Christum
2757 4309 2797 4352 a
2838 4298 3024 4374 patre
3067 4311 3240 4368 esse,
3297 4290 3390 4352 ita
3444 4289 3636 4354 audio
3679 4288 3833 4373 quid
3877 4289 3958 4356 de
4010 4293 4150 4358 eius

2208 4376 2495 4440 essentia
2535 4375 2773 4458 ubique
2808 4375 3129 4457 scriptura
3165 4374 3510 4456 praedicet,
3557 4376 3712 4459 quid
3733 4377 3929 4440 etiam
3950 4377 4149 4442 iidem

2206 4460 2308 4525 illi
2372 4461 2584 4527 sancti
2652 4461 2998 4543 scriptores
3063 4461 3507 4542 profiteantur.
3619 4463 3838 4543 Atque
3912 4461 3980 4526 id
4046 4469 4149 4527 est

2209 4545 2380 4629 quod
2427 4547 2775 4612 orientales
2819 4547 3153 4629 episcopos
3211 4546 3512 4611 definisse
3570 4546 3871 4611 Hilarius
3913 4548 4145 4613 refert:

2211 4631 2286 4697 81
2344 4635 2489 4716 quis
2542 4632 3040 4715 intemporalem
3095 4631 3215 4696 filii
3272 4631 3352 4695 de
3407 4642 3590 4713 patre
3638 4631 4017 4716 hypostasin
4061 4632 4144 4698 ad

2206 4717 2654 4784 innascibilem
2695 4716 2823 4783 Dei
2857 4718 3207 4784 essentiam
3249 4717 3508 4796 referat,
3551 4719 3736 4799 quasi
3777 4717 3987 4782 filium
4029 4740 4145 4801 pa-

2208 4812 2375 4869 trem
2422 4804 2663 4883 dicens,
2705 4804 3058 4869 anathema
3099 4803 3203 4870 sit.
3294 4800 3428 4867 Sed
3485 4802 3642 4885 quid
3695 4813 4007 4886 tanquam
4063 4804 4144 4870 de

2206 4910 2279 4955 re
2320 4888 2627 4975 ambigua
2670 4888 2972 4972 disputo?
3061 4887 3357 4973 Cyrillus
3402 4888 3739 4954 Christum
3790 4888 3928 4954 fore
3971 4911 4143 4955 mor·

2206 4974 2402 5041 talem
2463 4984 2530 5042 et
2584 4974 3071 5058 corruptibilem
3126 4974 3580 5050 ratiocinatur,
3639 4974 3767 5038 11161
3810 4995 3850 5039 6
3893 4996 3963 5039 66
4001 4976 4142 5058 ipso

2207 5062 2412 5126 vitam
2457 5072 2524 5127 et
2563 5061 3120 5126 immortalitatem
3177 5059 3433 5124 habeat.
3534 5058 3957 5124 Haereticam
4000 5081 4142 5126 esse

2206 5149 2599 5232 pronunciat
2660 5147 2821 5213 haec
2873 5145 3065 5212 belua
3116 5153 3185 5211 et
3249 5145 3552 5228 impium,
3619 5143 3984 5228 quicunque
4048 5146 4146 5213 sic

2379 5419 2467 5487 15)
2505 5420 2670 5475 nimia
2714 5419 2772 5475 r.
2808 5420 2878 5474 B.
2919 5418 2974 5473 s,

2653 5589 2684 5617 l
