4825 6175
633 439 711 500 51
2176 431 2702 501 EPISTOLAE
2749 431 3085 495 625-626
4133 395 4143 406 ’
4530 435 4597 497 52

1540 621 1694 694 ⁶25.

1016 759 1651 830 GUALTHERUS
1677 765 1727 840 ¹)
1773 758 2206 827 GALVINO.

814 932 1042 999 Tradit
1081 932 1142 999 ei
1183 931 1452 998 libellam
1496 930 1937 1000 Turioemium
1968 931 2399 998 ministrorum
2440 948 2583 997 eon-

632 1026 743 1086 tra
788 1018 1131 1085 Iacche-m
1172 1038 1369 1100 πειρον
1411 1018 1645 1085 editam
1687 1022 1745 1084 et
1784 1018 1862 1083 ab
1905 1018 2046 1100 ipso
2086 1016 2276 1083 latine
2315 1034 2579 1084 versum,

949 1189 1061 1255 (Ex
1096 1188 1434 1258 autographo
1470 1188 1600 1243 Cod.
1637 1188 1841 1242 Genev.
1877 1186 1995 1255 109,
2030 1187 2126 1248 fol.
2162 1186 2274 1254 13.)

638 1374 1022 1443 Clarissimo
1077 1377 1223 1441 viro
1266 1375 1351 1440 D.
1395 1375 1633 1440 Ioanni
1677 1374 1950 1442 Calvino
2005 1374 2418 1442 Genevensis
2476 1394 2580 1440 ec-

638 1461 873 1528 clesiae
915 1461 1414 1547 vigilantissimo
1459 1460 1738 1526 antistiti
1782 1461 2068 1526 Domino
2112 1481 2188 1526 ac
2230 1460 2418 1524 fratri
2464 1480 2581 1525 suo

1036 1548 1110 1611 in
1152 1546 1420 1613 Christo
1461 1567 1717 1612 summe
1759 1542 2184 1612 observando.

810 1681 1113 1749 Gratiam
1149 1690 1217 1748 et
1246 1703 1476 1766 pacem
1505 1703 1550 1770 a
1570 1683 1876 1750 Domino.
1943 1682 2186 1766 Accepi
2208 1689 2362 1747 ante
2394 1700 2581 1746 men-

635 1790 739 1836 ses
777 1769 1024 1853 aliquot
1066 1769 1413 1853 Epinicion
1456 1778 1643 1834 tuum
1688 1767 1957 1834 Christo
2001 1767 2313 1834 salvatori
2355 1773 2581 1832 nostro

633 1875 754 1939 per
796 1862 862 1919 te
905 1862 1239 1920 cantatum
1275 1863 1343 1921 et
1375 1854 1622 1919 editum
1639 1855 1716 1930 ²),
1768 1853 2022 1920 Oabvine
2106 1853 2422 1919 lurimum
2465 1850 2579 1917 ob-

635 1939 976 2018 servande,
1034 1949 1103 2005 et
1153 1961 1271 2024 pro
1322 1939 1438 2005 illo
1491 1940 1793 2023 ingentes
1845 1959 1953 2004 me
2009 1940 2062 2004 ti
2106 1939 2129 2004 i
2297 1938 2422 2003 tias
2468 1936 2578 2003 de-

634 2024 788 2091 bere
831 2026 1067 2091 fateor:
1130 2046 1289 2108 quas
1333 2026 1590 2091 utinam
1633 2023 1984 2108 aliquando
2037 2025 2176 2091 eius
2222 2044 2327 2091 em
2379 2044 2577 2108 argu-

631 2112 839 2176 menti
884 2129 1078 2196 opere
1119 2111 1335 2193 aliquo
1377 2110 1567 2176 modo
1621 2110 1863 2176 referre
1920 2130 2172 2194 queam.
2258 2109 2576 2175 Institue-

630 2217 776 2261 ram
820 2218 1030 2280 nuper
1070 2196 1521 2262 Minotaurum
1561 2216 1909 2262 romanum
1947 2195 2055 2262 vel
2090 2194 2576 2261 Antichristum

631 2280 910 2348 heroicis
974 2282 1275 2348 versibus
1346 2280 1710 2348 describere
1727 2283 1783 2359 ⁸)
1838 2280 1910 2345 in
1972 2280 2210 2349 Cadaei
2273 2280 2572 2366 gratiam,

635 2368 747 2451 qui
790 2367 859 2432 in
902 2365 1087 2433 libris
1131 2368 1264 2433 suis
1307 2376 1537 2434 contra
1577 2366 2028 2451 Bullinqeram
2084 2373 2383 2433 nostrum
2439 2363 2575 2431 edi-

631 2453 736 2529 tis,
792 2473 1019 2519 omnes
1073 2474 1183 2518 eos
1232 2452 1347 2535 qui
1402 2452 1773 2518 sincerioris
1827 2450 2162 2518 doctrinae
2218 2457 2576 2519 sectatores

630 2545 807 2618 sunt,
852 2539 1136 2620 poeticos
1177 2537 1515 2622 theologos
1555 2536 1931 2620 frequenter
1974 2538 2234 2603 vocitat.
2300 2536 2438 2603 Sed
2471 2536 2574 2601 in-

630 2623 917 2708 terrupit
966 2623 1352 2689 inchoatum
1403 2624 1538 2689 iam
1595 2644 1759 2723 opus
1813 2630 1881 2689 et
1937 2623 2155 2707 aliquo
2208 2644 2415 2706 usque
2463 2621 2575 2686 de-

635 2708 907 2774 ductum
964 2708 1288 2793 Apologia
1344 2729 1539 2793 quam
1592 2708 1794 2787 vides,
1852 2728 2016 2791 quae
2069 2708 2370 2794 Zwinylii
2423 2727 2576 2791 ope—

634 2794 817 2859 ribus
858 2793 1280 2880 praefigenda
1326 2801 1469 2859 erat
1485 2794 1562 2878 ⁴).
1651 2793 1898 2859 Incidit
1953 2800 2292 2877 praeterea
2345 2793 2578 2858 infelix

630 2877 798 2944 illud
842 2887 907 2945 et
950 2880 1137 2945 triste
1181 2888 1554 2944 nostrorum
1598 2901 1749 2946 cum
1785 2877 2058 2946 Luthero
2092 2879 2173 2945 de
2216 2899 2418 2945 coena
2438 2877 2575 2943 Do-

632 2964 799 3029 mini
843 2975 1192 3044 certamen,
1238 2966 1343 3031 cui
1384 2964 1495 3030 ille
1542 2964 1735 3029 talem
1771 2964 1990 3030 libello
2025 2986 2142 3030 suo
2174 2965 2577 3031 occasionem

635 3046 834 3130 dedit,
879 3070 1074 3135 quam
1119 3050 1304 3118 salva
1357 3048 1690 3116 doctrinae
1747 3059 2011 3117 nostrae
2068 3050 2418 3117 autoritate
2460 3071 2577 3115 ne-

635 3136 887 3222 gligere
950 3158 1144 3202 nemo
1209 3144 1513 3202 nostrum
1574 3136 1808 3220 potuit.
1933 3134 2194 3203 Scimus
2272 3135 2579 3219 equidem

633 3231 957 3306 quantum
999 3223 1319 3288 malorum
1363 3243 1448 3287 ex
1493 3221 1780 3289 dissidiis
1821 3223 1890 3287 in
1926 3221 2197 3289 ecclesia
2224 3222 2578 3299 oboriatur,

635 3307 751 3374 sed
808 3315 878 3374 et
928 3307 1093 3373 illud
1145 3308 1408 3385 scimus,
1465 3316 1786 3391 quantum
1841 3308 2111 3392 periculi
2158 3315 2224 3373 et
2264 3307 2376 3372 isti
2419 3308 2577 3372 affe-

632 3402 787 3459 rant
842 3393 956 3478 qui
1006 3394 1281 3478 privatis
1340 3392 1680 3459 affectibus
1734 3392 1989 3477 abrepti
2045 3402 2275 3460 contra
2315 3392 2580 3476 quosvis

634 3480 902 3545 nemine
943 3477 1329 3562 prohibente
1371 3479 1763 3544 indomitum
1822 3480 2093 3545 furiunt.
2180 3478 2581 3562 Responsio-

636 3585 790 3630 nem
834 3585 990 3649 ergo
1034 3564 1206 3631 hanc
1248 3564 1577 3630 communi
1622 3572 1757 3630 tam
1794 3564 2131 3631 doctorum
2171 3572 2438 3630 nostrae
2475 3582 2580 3629 ec-

635 3650 872 3716 clesiae
915 3671 1111 3734 quam
1157 3650 1650 3733 prudentissimi
1693 3650 2046 3734 Tigurinae
2098 3650 2384 3716 civitatis
2441 3670 2580 3713 ma-

637 3736 952 3822 gistratus
975 3756 1299 3803 consensu
1322 3736 1531 3801 nostri
1566 3744 2067 3803 maturaverunt
2083 3737 2163 3814 ⁴⁵),
2202 3744 2269 3801 et
2304 3733 2583 3800 eandem

638 3830 714 3887 ut
770 3841 811 3886 a
853 3830 1109 3888 vestrae
1164 3842 1419 3906 quoque
1474 3823 1690 3907 gentis
1750 3820 2126 3887 hominibus
2169 3819 2302 3905 legi
2342 3828 2580 3904 posset,

634 3906 966 3973 latinitate
1025 3905 1396 3973 donandam
1451 3927 1595 3973 esse
1655 3906 2043 3974 iudicarunt.
2144 3905 2319 3971 Mihi
2362 3913 2586 3972 autom

639 4012 718 4058 ea
772 3993 853 4058 ab
908 3992 1041 4059 illis
1094 3993 1434 4076 provincia
1487 3992 1843 4060 commissa
1900 4002 2018 4071 est,
2075 4013 2207 4058 non
2262 3988 2437 4076 quod
2479 4012 2586 4060 me

637 4076 820 4143 illam
886 4079 1180 4144 omnium
1244 4076 1627 4162 dignissime
1692 4100 1925 4144 ornare
2000 4098 2193 4162 posse
2257 4085 2585 4161 putarent,

639 4161 754 4229 sed
798 4163 969 4247 quod
1013 4163 1317 4229 omnibus
1361 4164 1507 4229 aliis
1549 4162 1755 4229 multo
1789 4164 2128 4250 graviores
2172 4163 2588 4248 negotiorum

657 4455 804 4512 625.
841 4455 906 4537 1)
943 4452 1095 4513 Rud.
1142 4453 1386 4509 Walther
1420 4470 1456 4508 a
1491 4451 1627 4534 1519
1648 4459 1828 4535 name,
1864 4452 2124 4523 Ζωὺιῃῑὶι·
2150 4468 2331 4536 genter,
2368 4452 2586 4537 Ballfa·

632 4527 772 4596 μή,
807 4540 903 4594 qut
920 4523 1749 4658 ,waffgaffoggmgffm
1768 4525 1979 4592 fuerat,
2013 4528 2204 4592 postea
2228 4539 2289 4577 m
2312 4528 2585 4578 suasano

634 4607 910 4722 masnil·
1001 4594 1046 4645 Δ
1069 4700 1084 4715 .
1131 4659 1274 4714 Tom.
1323 4658 1382 4715 V.
1428 4608 1675 4729 Prngleyy.
1704 4676 1761 4729 p.
1796 4658 1881 4712 47.

844 4730 900 4798 3)
999 4730 1227 4783 escimas
1272 4745 1349 4782 an
1387 4729 1693 4796 perfecerit,
1748 4728 1829 4783 ali

633 4805 812 4870 poeta.
897 4797 1097 4852 Edidit
1142 4812 1352 4867 qaoque
1400 4796 1561 4851 1544:
1608 4797 1720 4851 Der
1765 4797 1851 4851 En
1890 4797 2127 4871 tchrist„

636 4868 910 4937 einfaltige
933 4868 1067 4920 Bew
1132 4884 1203 4919 un
1274 4867 1330 4947 in
1366 4866 1505 4919 ffinff
1521 4866 1790 4935 Ptedigen
1826 4866 2087 4935 begriffen
2123 4865 2250 4918 dasz
2283 4865 2385 4945 der
2413 4865 2582 4947 Papst

634 4956 699 4991 zu
735 4937 888 5018 Rom,
910 4935 1010 4988 der
1042 4883 1363 5016 Elgdtcffinst
1395 4952 1503 5017 syc,
1540 4951 1692 5004 quem
1725 4935 1924 5015 labrum
1942 4934 2322 5017 „Laadyravpo
2341 4933 2583 5015 Hamae

636 5006 923 5085 dedieavqt.
993 5003 1080 5057 De
1124 5006 1302 5057 latmo
1346 5003 1580 5085 εάιτιοζισ
1614 5018 1797 5083 'nuper
1842 5004 1949 5058 subt
1991 5019 2162 5057 mussa
2210 5004 2437 5084 Ver-etas,
2483 5018 2580 5072 qus

632 5089 941 5145 qen-mames
982 5088 1099 5159 'non
1132 5071 1375 5138 callebat,
1423 5087 1707 5141 sev-»pensae
1747 5072 2035 5141 putandae
2079 5079 2173 5141 eet,
2219 5086 2375 5126 came
2408 5086 2458 5125 v.
2495 5087 2575 5140 ep.

634 5144 751 5200 ω’
788 5138 1194 5278 Ἒῆὲὲῗέἕὶεε
1232 5226 1399 5291 ορεω
1453 5211 1515 5264 a„
1562 5208 1599 5262 4
1639 5211 1759 5264 0011.
1809 5207 1943 5263 1545
1989 5225 2026 5263 a
2082 5209 2377 5265 Quaero
2429 5208 2576 5265 edita

628 5288 775 5351 ''m‘'
809 5277 1427 5418 ffiffssffim.
1503 5346 1586 5415 cf.
1624 5362 1797 5417 supra
1833 5346 1909 5403 N.
1942 5344 2045 5400 eos
2078 5351 2128 5402 a
2160 5343 2277 5401 622.

1949 4729 1996 4782 'n
2052 4744 2167 4783 non
2218 4726 2582 4793 infoecundus

2179 4796 2390 4850 Kurtze
2425 4796 2580 4849 klare

2685 617 2891 685 moles
2945 616 3414 684 incumberent.
3508 618 3605 684 Et
3655 619 3809 703 quia
3865 615 4309 685 nundinarum
4366 627 4602 703 tempus

2681 705 2975 770 instabat
3025 704 3315 788 propius,
3375 705 3594 770 omnia
3648 704 3811 771 haec
3866 705 4042 770 inter
4082 725 4406 784 summam
4447 706 4604 771 festi-

2677 790 3036 870 nationem,
3078 798 3154 855 ut
3185 791 3471 875 primum
3508 787 3903 869 exciderant,
3946 788 4307 856 emittenda
4337 791 4602 857 fuerunt.

2686 874 2896 959 Spero
2940 882 3161 941 tamen
3202 875 3572 959 impolitum
3605 873 3860 942 dicendi
3902 897 4112 961 genus
4151 876 4415 943 veniam
4449 876 4604 959 apud

2686 960 2834 1027 illos
2876 962 3115 1026 mereri
3157 981 3366 1044 posse,
3409 962 3526 1046 qui
3559 962 3771 1046 ipsam
3804 981 3948 1026 rem
3985 963 4202 1045 potius
4234 981 4605 1046 cognoscere

2685 1047 2974 1130 cupiunt.
3074 1044 3270 1112 Hanc
3322 1056 3541 1113 autem
3597 1048 3927 1112 communi
3992 1048 4299 1114 ecclesiae
4359 1057 4607 1114 nostrae

2686 1132 3134 1198 ministrorum
3164 1135 3347 1199 iussu
3382 1131 3464 1199 ad
3496 1142 3561 1198 te
3602 1133 3811 1214 mitto,
3850 1131 4107 1199 Calvina
4127 1133 4414 1213 colende,
4451 1131 4609 1216 quod

2686 1225 2751 1283 te
2792 1217 2925 1283 iam
2979 1218 3137 1283 olim
3190 1219 3389 1284 talem
3441 1239 3586 1285 esse
3631 1219 4073 1303 cognoverint,
4119 1220 4248 1301 qui,
4305 1226 4382 1284 ut
4423 1238 4609 1284 verae

2685 1303 3018 1388 religionis
3073 1304 3578 1384 amantissimus,
3634 1304 3730 1369 ita
3782 1304 3981 1369 etiam
4023 1303 4424 1370 orthodoxae
4466 1304 4609 1370 sim·

2683 1389 2997 1538 Elicitatis
3060 1389 3572 1457 studiosissimus
3635 1390 3929 1456 exsistas.
4039 1391 4259 1455 'l'uum
4322 1410 4480 1474 ergo
4539 1389 4611 1455 de

2732 1494 2807 1539 ac
2848 1473 3157 1540 iudicium
3203 1475 3431 1541 audire
3475 1496 3702 1541 omnes
3743 1497 3862 1541 nos
3917 1497 3999 1541 ex
4042 1477 4261 1540 animo
4304 1476 4608 1559 cupimus.

2683 1559 2822 1625 Nec
2865 1561 3041 1626 enim
3084 1561 3389 1644 cuiquam
3431 1561 3810 1626 mortalium
3851 1561 4293 1646 praescribere
4337 1570 4405 1627 et
4446 1560 4612 1645 leges

2683 1645 2855 1710 ferre
2897 1653 3031 1711 stat
3072 1648 3416 1713 sententia.
3504 1646 3836 1714 Ecclesiae
3889 1648 4175 1713 ministri
4217 1668 4472 1713 sumus:
4519 1666 4612 1711 ec-

2685 1730 2880 1797 clesia
2923 1752 3078 1816 ergo
3122 1731 3203 1798 de
3249 1733 3492 1799 nostris
3550 1732 3881 1798 laboribus
3923 1730 4185 1799 iudicet.
4274 1732 4413 1799 Sed
4456 1732 4612 1797 faxit

2682 1816 2867 1882 Deus
2902 1824 2976 1882 ut
3010 1818 3380 1884 huiusmodi
3415 1819 3906 1884 contentionum
3940 1817 4245 1884 scandalo
4267 1817 4614 1883 multorum

2682 1902 3094 1969 infirmorum
3152 1905 3351 1969 animi
3411 1905 3538 1970 cito
3596 1904 3974 1970 liberentur.
4064 1902 4340 1970 Salvum
4385 1911 4453 1968 te
4508 1923 4612 1969 cu-

2681 1987 2876 2071 piunt
2927 2008 3075 2054 cum
3125 1990 3423 2057 omnibus
3474 1990 3610 2056 tuis
3651 1990 3886 2055 fratres
3929 1990 4041 2072 qui
4084 1991 4425 2056 nobiscum
4471 1998 4614 2054 sunt

2680 2094 2924 2139 omnes.
3012 2074 3197 2141 Vale.
3285 2076 3518 2161 Tiguri
3562 2079 3662 2141 26.
3708 2075 3936 2141 Martii
3986 2079 4167 2140 1545.

3822 2178 4002 2244 Tuus
4047 2197 4131 2242 ex
4175 2178 4394 2243 animo

3675 2262 4063 2347 Rodolphus
4108 2262 4537 2329 Gualtherus.

3539 2557 3850 2565 m

3570 2773 3724 2844 626.

3165 2910 3667 2977 BELENYES
3715 2909 4147 2977 GALVINO.

2859 3082 3130 3148 Tristem
3170 3081 3550 3166 Hwnyariae
3589 3086 3820 3149 stwum
3872 3083 4147 3168 depiayt’t
4193 3104 4235 3149 a
4297 3084 4531 3151 Tuo-cis
4567 3091 4621 3150 et

2680 3168 2992 3253 indiyenie
3032 3170 3325 3252 amomis
3365 3169 3590 3235 misere
3630 3174 3922 3235 vastatae.
3993 3169 4120 3234 Res
4164 3189 4320 3237 suae
4345 3170 4620 3237 (ἔσπευσε

2676 3254 2829 3405 ΞΜ
2878 3253 3133 3405 regificis?
3184 3259 3239 3320 et
3291 3276 3334 3320 a
3396 3254 3679 3321 Gir-ardo
3729 3255 4028 3341 neqlectas
4084 3256 4620 3339 repetitam&

3023 3510 3139 3578 (nx
3162 3474 3507 3579 'autographo
3542 3509 3671 3564 cod.
3710 3510 3872 3566 soth.
3905 3509 4025 3580 405,
4059 3511 4151 3567 fol.
4186 3510 4298 3579 es.)

2855 3699 3122 3764 Eximio
3178 3697 3445 3763 Domini
3503 3699 3659 3764 Iesu
3714 3698 3969 3765 Christi
4024 3700 4327 3766 ministro
4393 3701 4619 3767 Ioanni

2687 3784 2964 3853 Calvino
3019 3783 3295 3848 antistiti
3351 3784 3658 3850 ecclesiae
3719 3784 4128 3851 Genevensis
4186 3785 4451 3852 domino
4515 3805 4623 3853 suo

2688 3871 3043 3937 carissimo.
4123 3871 4460 3940 Genevae.

2860 4042 3163 4109 Gratiam
3207 4040 3360 4107 Iesu
3391 4040 3658 4108 Christi.
3742 4043 3838 4108 Mi
3885 4041 4143 4109 domine
4190 4041 4467 4123 Calvina,
4513 4042 4621 4108 ha·-

2690 4128 2808 4194 beo
2827 4128 2949 4194 tibi
2971 4128 3252 4212 gratiam
3273 4126 3443 4210 quod
3480 4148 3604 4206 me,
3651 4126 3810 4192 dum
3843 4129 3990 4194 istic
4022 4148 4233 4195 essem
4255 4131 4323 4207 ¹),
4368 4147 4623 4195 summa

2687 4214 3098 4280 humanitate
3142 4212 3482 4297 amplexus
3526 4233 3613 4279 es.
3702 4212 4027 4280 Dominus
4084 4215 4204 4279 tibi
4245 4212 4620 4281 benefaciat

2690 4299 2912 4381 Quum
2957 4298 3154 4382 paulo
3194 4306 3538 4382 postquam
3572 4301 3898 4366 venissem
3925 4301 4362 4384 Argentinam
4406 4301 4621 4366 statim

2687 4386 2887 4452 incidi
2945 4386 3016 4449 in
3069 4385 3288 4451 varios
3343 4384 3623 4464 morbos,
3679 4385 3912 4469 quibus
3965 4386 4131 4451 mihi
4176 4406 4281 4451 res
4320 4387 4450 4451 fuit
4489 4391 4621 4451 tota

2689 4472 2813 4537 hac
2866 4472 3105 4556 hyeme
3122 4520 3138 4548 ,
3204 4480 3497 4553 tempore
3554 4471 3733 4536 veris
3798 4471 4060 4537 tandem
4126 4471 4459 4538 Dominus
4521 4488 4620 4536 me

2687 4557 2982 4623 restituit
3033 4555 3302 4622 sanitati
3355 4576 3552 4640 opera
3593 4557 4011 4623 medicorum.
4100 4558 4284 4624 Haec
4329 4566 4473 4624 erat
4511 4577 4618 4641 po-

2684 4643 3014 4710 tissimum
3057 4661 3252 4709 causa
3294 4663 3411 4707 cur
3453 4642 3767 4709 hactenus
3811 4642 3894 4707 ad
3935 4654 3998 4708 te
4025 4643 4250 4709 literas
4295 4642 4452 4709 dare
4494 4661 4617 4707 non

2685 4730 3025 4812 potuerim.
3107 4726 3438 4811 Deinceps
3483 4728 3738 4793 nullum
3783 4729 4191 4794 tabellarium
4220 4728 4618 4813 praetermit-

2683 4824 2820 4879 tam
2875 4815 2983 4881 cui
3038 4814 3263 4879 literas
3320 4835 3451 4878 non
3510 4814 3834 4894 dederim,
3889 4815 4087 4879 etiam
4144 4836 4227 4881 ex
4281 4817 4425 4897 ipsa
4479 4830 4615 4877 mea

2681 4902 2894 4984 patria
2956 4921 3122 4983 quae
3187 4920 3366 4966 nunc
3425 4921 3465 4963 a
3523 4902 3736 4965 'l'urca
3794 4901 4156 4966 miserrime
4223 4901 4535 4985 affligitur
4547 4899 4613 4975 ²)-

2707 5206 2849 5261 626.
2887 5207 2945 5271 1)
2984 5206 3152 5261 Anno
3187 5208 3346 5261 etiam
3379 5209 3658 5276 superiore
3691 5213 3753 5261 ut
3785 5223 3852 5261 ex
3887 5207 4227 5278 sequentibus
4259 5207 4474 5277 efficies.

2884 5273 2939 5341 2)
2974 5274 3111 5331 Post
3145 5275 3380 5400 {⁸501st
3411 5282 3631 5331 mortem
3665 5274 3967 5332 Tuo-carum
3994 5278 4241 5345 potentia
4263 5275 4609 5345 praevalebat,

2682 5344 2819 5400 adeo
2853 5350 2915 5399 ut
2946 5345 3077 5412 ipsa
3112 5344 3168 5397 B
3245 5361 3282 5400 a
3312 5346 3579 5414 praefecti
3610 5346 3806 5402 ἐνναίει·
3839 5344 3987 5400 sedes
4021 5345 4204 5412 tices-⁸3.
