4825 6175
181 449 291 511 549

177 634 489 701 Dominus
530 633 718 701 Iesus
760 654 877 700 vos
921 633 1243 701 custodiat
1257 686 1273 713 ,
1331 634 1516 700 vobis
1558 633 1756 714 adsit,
1816 655 1932 700 vos
1991 656 2110 720 gu-

176 722 393 788 bernet
408 771 425 799 ,
479 720 716 786 vestris
770 720 1011 787 sanctis
1053 720 1385 786 laboribus
1422 720 1782 788 benedicat.
1873 722 2100 787 Amen.

179 805 478 872 Genevae
523 809 580 870 2.
627 804 782 871 Iulii
833 811 1011 870 1547.
1030 806 1123 889 ²⁶)

1080 942 1365 1008 Ioannes
1407 941 1723 1009 Calvinus
1766 952 1933 1010 tuus.

929 1167 1334 1176 m

1053 1353 1207 1425 922.

665 1490 1099 1558 BUOERUS
1145 1489 1596 1557 MYOONIO.

332 1643 436 1710 De
495 1643 850 1710 Valet-ando
896 1644 1172 1712 Pollam).

173 1797 277 1862 (Ex
311 1797 651 1921 autograffiho
685 1799 829 1852 Bibl.
869 1799 1021 1852 oivio.
1058 1799 1237 1854 Turio.
1287 1800 1348 1852 F.
1384 1798 1455 1853 80
1498 1801 1626 1853 olim
1663 1801 1801 1881 Epp.
1851 1800 1914 1853 T.
1950 1798 2021 1853 45
2052 1817 2106 1870 p.

333 1864 450 1919 137.
561 1868 734 1921 imler.
771 1867 895 1921 Vol.
930 1865 1016 1922 64.
1085 1868 1266 1923 Pauca
1300 1874 1514 1921 tantum
1549 1870 1936 1938 excerpimus.)

344 2089 740 2155 Valerandus
774 2089 1029 2168 Gallus,
1075 2090 1188 2177 qui
1233 2090 1419 2174 apud*
1452 2112 1568 2156 vos
1610 2091 1795 2157 litem
1840 2091 1919 2157 de
1963 2112 2112 2158 con-

170 2172 360 2239 nubio
402 2174 656 2255 habuit,
700 2175 1067 2259 implicavit
1107 2197 1176 2241 se
1224 2176 1454 2241 multis
1498 2178 1776 2261 negotiis
1818 2176 2110 2258 indignis

172 2279 283 2324 sua
323 2260 740 2343 professione,
788 2268 855 2325 et
896 2262 1101 2346 gessit
1142 2282 1212 2327 se
1254 2261 1326 2326 in
1369 2261 1473 2326 his
1517 2269 1588 2326 ιιι
1634 2262 1946 2347 gravibus
1997 2284 2110 2348 pe-

169 2350 343 2410 tatur
391 2345 775 2411 criminibus
820 2367 860 2411 a
901 2347 1063 2414 viris
1108 2346 1435 2430 gravibus.
1525 2348 1710 2413 Inter
1763 2368 1927 2431 quae
1986 2350 2109 2415 cri-

171 2430 345 2496 mina
386 2441 459 2496 et
498 2430 622 2497 hoc
665 2454 842 2498 nunc
865 2433 1181 2512 affertur,
1204 2432 1374 2516 quod
1402 2433 1765 2499 deseruerit
1788 2432 1960 2518 apud
1993 2456 2111 2500 vos

174 2515 633 2596 vadimonium,
677 2517 847 2600 quod
882 2519 1011 2585 fide
1057 2519 1210 2584 data
1252 2540 1386 2584 non
1431 2518 1866 2585 discessurum
1910 2519 2113 2585 donec

172 2602 589 2669 safisfeoisset
646 2604 730 2669 D.
798 2604 1069 2684 Valesio,
1099 2606 1150 2688 ¹)
1207 2611 1274 2669 et
1329 2610 1551 2670 tamen
1607 2604 1799 2669 illum
1856 2604 2109 2671 abiisse.

173 2685 246 2752 Si
327 2687 446 2754 uid
489 2690 576 2754 sit
618 2687 698 2756 de
741 2689 863 2755 hoc
917 2688 1173 2756 deserto
1230 2687 1598 2755 vadimonio
1652 2712 1808 2775 rogo
1867 2690 1947 2756 ad
2007 2712 2112 2756 me

172 2709 509 2858 satigny)
546 2812 635 2821 -—
679 2813 760 2825 -
805 2812 888 2822 —
935 2775 1359 2861 Argentorati
1405 2781 1462 2840 3.
1509 2775 1635 2843 Iul.
1689 2779 1868 2841 1547.

937 3019 1348 3027 Μ

1067 3187 1222 3257 923.

562 3323 627 3389 Ν
627 3322 1247 3392 EMAUSENSES
1295 3320 1722 3389 CALVINO.

257 3505 264 3512 ’
341 3495 613 3562 Gratias
653 3501 845 3581 ayunt
887 3496 946 3562 ei
980 3502 1036 3561 et
1084 3495 1289 3562 Vireto
1332 3498 1408 3563 de
1441 3495 1645 3561 literis
1685 3495 1808 3561 sibi
1849 3497 2117 3577 swiptia

173 3668 279 3733 (Ex
316 3667 658 3792 autggrapho
692 3667 823 3721 Ood.
860 3667 1062 3721 Genev.
1102 3666 1217 3734 196,
1251 3667 1340 3720 fol.
1376 3668 1460 3720 41.
1514 3666 1913 3747 Orthograpbia
1947 3667 2118 3722 latina

173 3737 371 3805 passim
484 3750 549 3790 eo
585 3735 889 3806 singularis,
924 3745 986 3790 ιιι
1002 3752 1121 3789 eam
1157 3736 1262 3789 tibi
1296 3753 1405 3790 non
1422 3741 1685 3789 mutatam
1727 3743 1919 3790 sistere
1955 3753 2118 3803 quam

795 3803 1084 3857 emendare
1118 3805 1507 3871 maluerimus.)

568 3958 623 4022 A
666 3957 1010 4023 Monsieur
1051 3958 1146 4025 M.
1191 3958 1350 4023 Iean
1395 3959 1649 4025 Oalvin.
1679 3963 1725 4036 Ι)

337 4076 432 4145 D.
455 4076 691 4143 Ioanni
716 4075 993 4145 Calvino
1032 4098 1107 4144 ac
1127 4077 1330 4144 Petro
1352 4078 1585 4145 Vireto
1628 4078 1890 4163 optimis
1935 4077 2119 4144 verbi

173 4163 297 4230 Dei
339 4163 666 4230 ministris
708 4164 822 4247 qui
855 4171 1014 4230 sunt
1046 4164 1120 4229 in
1142 4163 1573 4231 Nemausensi
1609 4165 1878 4231 ecclesia
1911 4164 2118 4231 chris-

177 4252 351 4316 tiana
392 4248 789 4315 felicitatem.

179 4390 244 4398 *-
459 4389 586 4397 -..νῇ-..-

179 4454 441 4580 Imm)
479 4455 656 4511 Falso
691 4452 1123 4525 neuma-139
1158 4453 1438 4523 epistolam
1475 4453 1619 4509 hanc
1666 4454 2118 4511 adundecimam

378 4661 444 4727 ²³
482 4653 2121 4796 maffarffiffi‘ffl‘taz‘ttfflozff

180 4806 340 4879 tarum
372 4799 562 4880 itaque
594 4807 656 4853 ut
687 4798 753 4851 D.
803 4797 1048 4852 Valesius
1097 4797 1245 4879 domi
1278 4812 1434 4866 suae,
1470 4803 1532 4851 ut
1566 4797 1818 4851 Coloniae
1851 4796 1998 4864 fecit,
2031 4813 2116 4851 ec·

182 4867 970 5017 ἓᾝωῗὲωῗᾶωἴῗωᾯὲ
1005 4864 2119 5016 mdfflss‘ffiffiffimffl

183 5007 580 5195 *W'*
600 5001 1333 5154 <anf-mamm?
1351 5007 1743 5153 aaa&
1779 5003 2014 5153 52⁶..ae
2054 5017 2119 5153 ’ἡ

185 5140 408 5274 ἒαέιοῗ
427 5137 2118 5278 εἳῖΜι.ΒΒ”3ῑἯέηξὲῳὶῗ“ἕὲ’ὲῳῗέἔῗ”ἕέῧωφὟῖἐὲι.”ἰῗῇ

183 5277 406 5334 condecit
433 5274 714 5346 kqmdum
745 5291 884 5332 esse.-
917 5277 1280 5347 quinqueviri.

214 5346 355 5400 028.
391 5343 454 5413 1)
488 5345 645 5400 Haeo
673 5347 736 5400 in
767 5350 930 5413 tomo.

1956 450 2117 511 1547
2164 445 2349 513 [UL.

4017 457 4154 520 550

2381 631 2646 699 Literas
2688 655 2851 717 quas
2894 634 2979 700 ad
3021 657 3140 702 nos
3181 635 3276 720 iiij
3314 636 3473 702 Idus
3507 636 3734 704 Iunias
3765 639 4082 724 scripsisti
4099 643 4164 719 2)
4266 680 4273 689 ·

2210 718 2577 801 recepimus
2619 726 2686 785 et
2726 727 2914 786 tanto
2957 721 3173 787 studio
3217 731 3412 806 atque
3453 724 3820 789 reverentia
3858 725 4160 809 legimus,

2218 800 2477 874 Calvine
2515 813 2718 888 pater,
2764 813 2841 871 ut
2879 806 3049 872 nihil
3106 806 3295 873 nobis
3358 807 3611 891 gratius
3652 816 3768 873 aut
3809 810 4101 878 utibilius
4123 817 4163 853 ⁴²⁸·

2212 889 2479 954 evenire
2521 910 2711 972 posse
2763 891 3211 959 existimemus
3228 943 3243 971 ‚
3302 912 3497 975 quam
3551 892 3609 958 si
3669 894 3928 978 saepius
3984 897 4158 963 eius-

2212 972 2392 1039 modi
2451 973 2533 1039 ad
2589 997 2708 1042 nos
2752 977 3091 1059 prodeant.
3178 977 3262 1042 In
3333 977 3465 1042 illis
3529 979 3705 1043 enim
3758 1001 3890 1045 non
3948 982 4160 1047 solum

2213 1056 2409 1124 fidem
2449 1067 2517 1124 et
2556 1061 2999 1146 integritatem
3041 1062 3325 1128 hominis
3368 1063 3581 1128 renati
3622 1067 3998 1147 conspicari,
4043 1069 4161 1133 sed

2214 1144 2414 1210 etiam
2478 1146 2818 1213 novissimi
2881 1148 3194 1232 temporis
3248 1148 3512 1231 laqueos
3567 1155 3632 1214 et
3695 1149 4157 1227 illectamenta,

2214 1227 2504 1296 Satanae
2547 1232 2909 1298 calumnias
2950 1239 3017 1299 et
3057 1233 3342 1299 insultus
3385 1234 3626 1299 intueri
3660 1234 3831 1301 licet.
3895 1238 4049 1316 Eas,
4085 1253 4161 1304 ut

2212 1314 2592 1396 mandabas,
2630 1317 2939 1384 ecclesiae
2960 1318 3257 1384 Uticensi
3272 1321 3329 1395 ³)
3366 1320 4011 1402 communicavimus,
4054 1326 4161 1389 cui

2214 1399 2540 1468 dulciores
2585 1402 2763 1468 visae
2807 1410 2961 1469 sunt
2999 1405 3167 1470 mele
3188 1407 3222 1443 ¹*
3265 1412 3332 1469 et
3375 1404 3544 1471 favo.
3633 1405 3763 1472 Ubi
3819 1415 4044 1473 autem
4084 1409 4160 1474 in

2215 1485 2430 1569 capud
2452 1491 2490 1528 ὓ
2534 1486 2696 1553 illud
2740 1488 2914 1571 quod
2959 1488 3040 1554 de
3080 1510 3282 1555 coena
3324 1490 3591 1555 Domini
3647 1500 3715 1556 et
3768 1493 4161 1560 eucharistia

2215 1570 2534 1654 scriptum
2578 1581 2680 1638 est
2725 1573 3075 1640 incidimus
3094 1627 3109 1653 ,
3165 1595 3282 1657 pro
3326 1596 3401 1639 eo
3446 1596 3520 1640 ac
3564 1575 3750 1642 decet
3792 1579 4004 1660 gavisi
4057 1601 4162 1645 su-

2213 1676 2381 1723 mus.
2452 1660 2674 1725 Antea
2714 1661 2889 1724 enim
2924 1679 3310 1744 persuasum
3352 1668 3495 1725 erat
3536 1661 3739 1740 nobis,
3786 1662 3953 1728 nihil
3987 1666 4161 1749 apud

2214 1762 2336 1808 vos
2378 1743 2580 1808 fuisse
2622 1745 3032 1823 innovatum,
3087 1765 3264 1810 nunc
3307 1755 3527 1811 autem
3572 1751 4158 1830 persuasissimum.

2214 1826 2544 1893 Volumus
2587 1838 2809 1895 autem
2853 1831 3218 1908 existimes,
3274 1831 3376 1896 vir
3418 1831 3788 1913 christiane,
3848 1834 3965 1899 has
4011 1844 4157 1902 tuas

2214 1912 2438 1978 literas
2481 1914 2642 1981 adeo
2685 1917 3103 1981 confirmasse
3158 1936 3268 1981 eos
3309 1918 3420 1999 qui
3461 1920 3649 1983 vanis
3692 1919 4159 1986 nonnullorum

2215 1998 2676 2065 traditionibus
2721 2001 3159 2086 agitabantur,
3206 2009 3284 2066 ut
3325 2023 3400 2067 eo
3444 2003 3709 2069 nomine
3749 2026 3883 2069 non
3925 2027 4160 2088 parum

2214 2082 2333 2149 tibi
2376 2084 2708 2151 debeatur.
2790 2085 3077 2170 Sparsus
3120 2088 3296 2152 enim
3354 2108 3580 2153 rumor
3637 2088 3718 2153 de
3771 2091 4166 2157 sacramenti

2214 2170 2349 2236 ritu
2387 2170 2702 2236 innovato
2738 2171 3060 2238 deferbuit
3094 2171 3480 2256 reseditque,
3521 2174 3644 2239 etsi
3680 2196 3811 2239 non
3847 2178 4167 2242 cesserint

2214 2257 2576 2322 etiamnum
2637 2257 2829 2323 multi
2887 2256 3175 2323 Satanae
3232 2256 3404 2323 simii
3424 2263 3462 2300 ὓ
3515 2258 3952 2342 blasphemias
4011 2283 4165 2328 evo·

2218 2363 2415 2406 mere.
2504 2344 2597 2408 At
2636 2343 2709 2408 in
2765 2343 3028 2409 nomine
3085 2365 3161 2410 ac
3205 2344 3403 2409 verbo
3445 2344 3689 2411 Iesus*
3731 2345 3982 2414 Christi
4024 2348 4164 2413 Ka-

2218 2427 2598 2492 codemonia
2617 2434 2651 2467 ¹·
2694 2429 3025 2512 fugantur.

2390 2511 2672 2592 Quando
2715 2514 2800 2580 D.
2841 2514 3082 2581 Petrus
3119 2513 3371 2579 Viretus
3412 2514 3622 2580 literis
3666 2516 3798 2582 tuis
3842 2517 4166 2584 calculum

2220 2597 2475 2676 adiecit,
2522 2600 2646 2662 etsi
2689 2600 2850 2665 satis
2907 2619 3024 2684 per
3082 2620 3153 2664 se
3210 2597 3395 2664 nobis
3437 2600 3817 2682 probentur,
3873 2623 4007 2667 non
4049 2624 4165 2686 pa-

2218 2704 2370 2747 rum
2412 2692 2635 2749 tamen
2680 2685 2932 2750 nomini
2973 2691 3040 2749 et
3083 2684 3414 2749 autoritati
3469 2686 3640 2751 tanti
3695 2688 3823 2752 viri
3876 2685 4166 2752 dandum

2218 2768 2687 2835 existimamus.
2754 2770 2884 2835 Est
2923 2770 3099 2836 enim
3143 2770 3267 2848 vir,
3311 2779 3390 2834 ut
3431 2791 3632 2851 quum
3657 2792 3741 2837 ex
3784 2793 4009 2838 eorum
4054 2774 4167 2856 qui

2216 2853 2301 2918 ad
2343 2874 2468 2919 nos
2510 2855 2787 2920 veniunt
2828 2874 3127 2921 sermone
3161 2852 3480 2933 audimus,
3526 2865 3667 2921 tum
3711 2878 3795 2922 ex
3837 2858 4167 2941 opusculis

2218 2939 2300 3003 ab
2344 2959 2420 3003 eo
2464 2939 2656 3006 editis
2700 2940 3130 3023 perspicimus
3148 2988 3166 3022 ‚
3220 2940 3290 3004 in
3349 2941 3526 3006 omni
3580 2962 3820 3025 genere
3879 2942 4165 3027 discipli-

2218 3044 2454 3089 narum
2512 3025 3020 3110 linguarumque
3083 3025 3499 3092 exercitatus.
3592 3027 3767 3093 Eum
3816 3034 3889 3095 tu
3942 3039 4167 3096 nostro

2219 3111 2513 3175 omnium
2555 3113 2820 3177 nomine
2871 3114 2939 3177 in
2999 3111 3268 3177 Christo
3319 3112 3572 3178 salvere
3627 3114 3906 3191 iubebis,
3965 3128 4165 3198 utque

2220 3194 2304 3260 ad
2349 3216 2468 3261 nos
2511 3198 2755 3262 scribat
2794 3196 3160 3263 hortabere.

2391 3281 2602 3346 Plura
2666 3304 2798 3347 non
2862 3281 3235 3349 scribimus:
3304 3282 3611 3365 epistolas
3673 3284 3849 3348 enim
3906 3296 4166 3352 nostras

2223 3365 2457 3432 breves
2492 3388 2633 3434 esse
2668 3368 2977 3434 convenit
3009 3366 3095 3433 ad
3128 3388 3282 3433 eum
3316 3369 3594 3453 scriptas
3628 3370 3734 3434 cui
3768 3370 3939 3436 sacri
3972 3392 4167 3437 evan-

2222 3452 2380 3535 gelii
2436 3452 2732 3519 thesauri
2787 3463 2944 3518 sunt
2998 3453 3227 3536 aperti.
3314 3453 3460 3519 Hoc
3525 3454 3736 3519 solum
3799 3455 4164 3535 scribimus,

2222 3537 2560 3620 episcopos
2602 3547 2923 3604 nostrates
2966 3537 3109 3604 eius
3152 3558 3296 3603 esse
3334 3538 3720 3606 conditionis
3754 3551 3827 3605 ut
3860 3561 4167 3625 coopera-

2222 3622 2340 3688 riis
2385 3632 2626 3707 egeant
2658 3646 2820 3707 quos
2852 3624 3095 3708 vulgus
3138 3623 3541 3690 coadiutores
3584 3625 3891 3708 appellat.
3959 3628 4165 3692 Acce-

2223 3707 2441 3791 pimus
2484 3706 2697 3775 denuo
2731 3710 3093 3792 principem
3127 3717 3425 3774 nostrum
3447 3710 3816 3777 Henricum
3835 3711 4168 3778 'Valesium

2221 3791 2654 3859 Nemausensi
2676 3796 2976 3878 episcopo
3011 3800 3079 3860 et
3110 3792 3487 3860 Arelatensi
3508 3797 3988 3879 archiepiscopo
4009 3796 4163 3863 sub-

2222 3876 2526 3944 sidiarios
2568 3879 2775 3946 socios
2809 3885 3160 3962 cooptasse.
3222 3879 3407 3944 Bene
3442 3880 3606 3958 vale,
3648 3881 3754 3945 vir
3786 3882 4161 3962 christiane,

2222 3971 2291 4029 ct
2333 3963 2596 4046 saepius
2635 3984 2758 4030 nos
2812 3962 3192 4031 christianis
3247 3963 3379 4029 illis
3431 3966 3891 4047 paraenesibus
3934 3987 4162 4033 conso-

2220 4050 2376 4115 lare.
2462 4049 2573 4114 Ex
2614 4045 3045 4116 Nemausensi
3100 4047 3371 4116 ecclesia
3423 4049 3634 4131 pridie
3675 4050 3835 4118 Idus
3876 4052 4080 4120 Iulias
4124 4074 4166 4120 a

2224 4132 2490 4199 Christo
2532 4144 2686 4200 nato
2734 4139 2913 4200 1547.

2425 4456 2485 4527 3)
2524 4457 2658 4514 Non
2686 4471 2974 4528 possumus
3005 4473 3118 4512 non
3152 4456 3218 4513 de
3251 4455 3452 4526 oppido
3496 4455 3627 4511 Una
3659 4455 3913 4525 coqn'tare.
4077 4456 4159 4510 fd-

2221 4525 2358 4597 qaid
2390 4529 2480 4596 sit,
2513 4527 2680 4595 probe
2712 4525 3015 4580 notandum
3048 4527 3163 4581 iau·
3196 4532 3313 4581 tum
3343 4526 3600 4594 temporis
3624 4525 3840 4595 passm
3872 4525 3936 4578 in
4026 4525 4163 4580 allia

2222 4596 2551 4650 constitutae
2579 4594 2830 4651 ccclesias
2854 4595 3047 4664 fuisse.
3123 4594 3402 4649 Caeterum
3449 4609 3516 4647 ω
3562 4599 3673 4649 toto
3706 4591 3963 4662 epistolas
3995 4593 4161 4649 huius

2221 4664 2794 4732 tenor-chocem,
2840 4661 4164 4733 easquodaddootrinamauimtnondmnad

2219 4731 2439 4800 plenam
2473 4738 2526 4787 ot
2553 4734 2769 4799 simam
2803 4732 3072 4802 evanqelii
3099 4732 3455 4801 munitionem
3487 4731 3805 4799 pervenisse.
