4825 6175
627 422 751 486 151

623 607 925 675 futurum
980 614 1056 673 nt
1108 606 1261 673 fidei
1317 627 1476 674 suae
1532 607 2007 675 confessionem
2052 606 2247 674 edere
2291 616 2584 692 cogatur.

623 692 850 775 Quam
893 693 1148 758 utinam
1194 700 1300 770 (ut
1342 692 1428 759 ad
1471 693 1661 759 illum
1704 693 1963 776 scripsi)
2022 715 2152 759 non
2212 694 2419 760 coacti
2471 692 2588 760 sed

623 778 831 844 libere
875 792 943 844 et
983 778 1159 844 ultro
1219 786 1634 845 testaremur.
1722 779 1870 845 Hoc
1924 776 2279 863 siqnidem,
2335 790 2413 845 ut
2456 779 2586 845 Dei

623 864 874 949 gloriae
918 864 1278 946 plurimum
1323 866 1530 933 servit
1545 916 1560 942 ‚
1617 864 1714 930 ita
1755 866 1826 929 in
1876 885 1956 930 ea
1997 864 2401 930 confessione
2446 885 2587 930 cer-

624 950 882 1016 tissima
935 959 1094 1015 nota
1136 949 1391 1016 Christi
1444 950 1678 1016 militis
1737 952 2164 1033 exprimitur,
2223 950 2339 1033 qui
2395 950 2588 1015 illum

622 1037 698 1101 in
743 1035 1088 1100 hominum
1132 1043 1480 1119 conspectu
1521 1037 1904 1119 neutiquam
1940 1037 2238 1102 confiteri
2274 1043 2341 1102 et
2376 1057 2586 1120 quan-

621 1130 769 1187 tum
813 1121 887 1186 in
930 1120 1093 1204 ipsis
1136 1131 1238 1187 cst
1281 1121 1632 1188 defendere
1677 1121 2090 1187 erubescunt.

799 1205 1127 1288 Quoniam
1173 1214 1395 1272 autem
1441 1207 1522 1272 de
1563 1207 1720 1273 fidei
1762 1207 2168 1274 confessione
2212 1228 2429 1272 sermo
2464 1214 2583 1286 est,

624 1290 864 1358 addam
911 1291 1085 1375 quod
1144 1314 1355 1375 nuper
1408 1293 1573 1358 mihi
1632 1293 1740 1359 hic
1794 1293 2089 1378 contigit.
2194 1292 2343 1360 Scis
2384 1293 2585 1358 huius

623 1378 937 1444 ecclesiae
979 1399 1231 1443 morem
1277 1399 1450 1457 esse,
1508 1379 1840 1444 neminem
1881 1378 1967 1444 ad
2009 1399 2260 1446 sacram
2308 1398 2581 1445 coenam

622 1462 886 1530 admitti
928 1464 1090 1547 quin
1135 1465 1320 1546 prius
1361 1486 1519 1530 suae
1553 1465 1706 1530 fidei
1742 1465 2215 1530 confessionem
2260 1464 2334 1528 in
2376 1464 2582 1529 eccle-

621 1550 761 1616 siae
815 1559 1002 1615 coetu
1062 1549 1509 1616 declaraverit.
1613 1552 1776 1616 Dies
1834 1550 1999 1615 mihi
2054 1557 2120 1616 et
2174 1550 2340 1614 hora
2382 1549 2469 1615 ad
2511 1549 2581 1615 id

619 1636 1029 1718 praescripta
1071 1644 1230 1701 erat.
1317 1634 1451 1702 Sed
1510 1657 1660 1703 ecce
1715 1636 1926 1718 pridie
1982 1658 2065 1701 ex
2120 1635 2344 1702 schola
2386 1636 2579 1701 Pari-

620 1721 827 1787 siensi
872 1720 1022 1801 huc,
1063 1731 1332 1805 propter
1373 1722 1509 1789 illic
1551 1729 1965 1806 grassantem
2012 1730 2297 1804 pestem,
2356 1743 2429 1787 se
2472 1743 2577 1786 re-

619 1816 885 1888 ceperat
940 1807 1284 1889 Hispanus
1353 1807 1520 1873 mihi
1576 1807 1970 1892 incognitus,
1987 1810 2048 1889 ⁴)
2113 1807 2229 1873 s'ed
2293 1806 2407 1889 qui
2467 1826 2576 1871 me

619 1890 790 1958 bene
823 1902 1127 1958 noverat:
1163 1913 1300 1957 non
1334 1890 1705 1971 admodum,
1740 1902 2061 1975 quantum
2095 1914 2178 1959 ex
2212 1892 2328 1958 illo
2361 1893 2575 1975 primo

617 1978 944 2061 colloquio
1007 1978 1300 2044 iudicare
1363 1980 1544 2061 potui
1560 2029 1577 2057 ,
1643 1979 1716 2043 in
1777 1978 2097 2063 religione
2162 1981 2394 2044 firmus
2459 1986 2575 2044 aut

617 2062 908 2130 edoctus.
996 2063 1281 2130 Volebat
1336 2074 1562 2130 tamen
1618 2063 1794 2147 apud
1850 2064 2013 2130 alios
2072 2063 2385 2130 simulare
2430 2083 2574 2130 sese

616 2146 998 2233 Hispanum
1042 2171 1204 2216 esse.
1295 2147 1613 2233 Sequenti
1653 2150 1759 2215 die
1801 2150 2088 2217 occurrit
2127 2149 2315 2229 mihi,
2369 2171 2573 2233 quum

615 2255 740 2320 ego
796 2237 1200 2320 praescripta
1261 2234 1427 2300 hora
1490 2238 1574 2300 ad
1640 2235 1797 2301 fidei
1856 2256 2043 2301 meae
2097 2235 2572 2304 confessionem

615 2320 962 2387 ecclesiam
1005 2321 1289 2387 adirem:
1348 2319 1565 2387 adstat
1605 2321 1770 2386 mihi
1815 2343 2104 2405 semper,
2161 2323 2463 2401 interest,
2506 2327 2574 2386 et

612 2406 803 2472 audit
844 2407 1193 2492 diligenter
1233 2407 1473 2472 omnia.
1561 2407 1708 2492 Ego
1750 2428 1909 2473 vero
1952 2416 2216 2472 tantum
2249 2407 2463 2473 abfuit
2496 2413 2575 2471 ut

614 2491 864 2577 aliquid
909 2493 1069 2572 (Dei
1088 2493 1329 2578 gratia)
1374 2492 1788 2560 dissimulare
1822 2500 1939 2558 aut
1973 2493 2184 2559 celare
2227 2493 2569 2571 voluerim,

613 2585 696 2643 ut
735 2578 915 2644 illius
957 2578 1156 2644 unius
1193 2579 1566 2662 praesentia
1606 2579 1822 2663 magis
1862 2579 2200 2662 impulerit
2240 2578 2325 2644 ad
2367 2579 2573 2644 confi-

615 2663 897 2729 tendum
950 2685 1082 2729 non
1144 2664 1356 2729 solum
1424 2664 1859 2731 affirmativas
1925 2666 2399 2748 propositiones
2457 2663 2573 2730 sed

613 2749 815 2814 etiam
879 2751 1253 2834 negativas:
1328 2771 1435 2815 me
1499 2750 1815 2816 nimirum
1882 2750 2248 2817 haereticas
2303 2770 2573 2817 censere

610 2855 841 2900 omnes
885 2834 1047 2901 alias
1091 2834 1430 2915 ecclesias,
1488 2855 1655 2918 quae
1710 2857 1845 2900 non
1890 2844 2260 2920 agnoscunt
2301 2837 2573 2902 unicum

612 2920 1064 3002 mediatorem,
1109 2918 1607 3004 redemptorem,
1652 2922 1926 2987 unicam·
1959 2922 2472 2988 satisfactionem
2507 2928 2576 2986 et

613 3005 900 3073 hostiam
963 3006 1033 3071 in
1076 3006 1314 3092 quibus
1371 3028 1506 3072 non
1550 3015 1669 3087 est,
1725 3027 1968 3091 purum
2012 3008 2140 3074 Dei
2188 3007 2466 3074 verbum
2509 3015 2576 3071 et

611 3094 913 3180 legitima
978 3100 1538 3161 sacramentorum
1604 3092 2116 3175 administratio,
2183 3095 2407 3177 sicque
2467 3113 2575 3157 me

611 3182 1005 3247 renunciare
1047 3200 1286 3263 papam
1341 3188 1407 3245 et
1449 3200 1710 3246 omnem
1766 3180 1909 3247 eius
1953 3190 2215 3247 coetum
2259 3187 2380 3245 etc.
2470 3180 2575 3245 Re

611 3268 927 3344 confecta,
973 3287 1176 3349 quum
1219 3265 1416 3349 paulo
1459 3276 1610 3348 post
1661 3266 1780 3331 soli
1828 3288 2145 3333 essemus:
2214 3264 2572 3345 Audivisti,

615 3352 774 3433 dixi,
817 3353 911 3417 mi
953 3352 1176 3429 frater,
1234 3349 1389 3415 fidei
1444 3372 1631 3417 meae
1688 3353 2159 3418 confessionem
2179 3403 2196 3431 ,
2254 3359 2454 3435 atque
2495 3361 2574 3416 ut

612 3461 751 3505 non
795 3437 1023 3504 dubito
1066 3458 1173 3502 me
1215 3435 1348 3501 Dei
1399 3435 1834 3520 providentia,
1879 3439 2101 3504 omnia
2143 3437 2315 3504 sicut
2355 3437 2574 3504 fassus

618 3546 767 3589 sum
810 3522 1356 3601 administrantis,
1417 3523 1547 3589 huc
1587 3523 1671 3588 ad
1714 3523 1890 3589 hanc
1947 3524 2285 3590 ecclesiam
2330 3521 2572 3589 deduc-

621 3618 766 3674 tum
782 3661 797 3688 ,
857 3611 949 3675 ita
995 3616 1172 3675 certe
1228 3609 1361 3674 scio
1405 3607 1636 3674 eadem
1690 3609 1934 3676 factum
1993 3619 2067 3676 ut
2125 3619 2193 3674 et
2244 3619 2321 3674 tu
2363 3608 2573 3674 inter-

613 3695 819 3760 fueris
862 3695 1253 3761 confessioni
1294 3714 1511 3773 mcae,
1568 3703 1644 3760 ut
1698 3715 1905 3778 quum
1950 3696 2275 3762 Dominus
2319 3692 2575 3759 dederit

613 3780 831 3865 possis
885 3780 956 3845 in
1013 3780 1146 3845 Dei
1213 3779 1490 3865 gloriam
1546 3790 1614 3844 et
1676 3780 1985 3847 ecclesiae
2050 3780 2573 3847 aedificationem

613 3864 1009 3932 tantundem
1051 3866 1292 3933 facere:
1338 3865 1443 3932 sin
1485 3866 1726 3943 minus,
1771 3865 1880 3932 ubi
1924 3868 1997 3932 in
2030 3867 2427 3949 Hispaniam
2466 3885 2572 3930 re-

616 3950 836 4032 dieris,
883 3961 961 4017 ut
1001 3952 1298 4018 oculatus
1355 3961 1424 4016 et
1475 3951 1732 4016 auritus
1790 3953 1975 4018 testis
2032 3952 2278 4035 poteris
2334 3950 2569 4028 dicere,

613 4047 683 4104 te
726 4038 799 4101 in
844 4037 1205 4104 Germania
1254 4035 1503 4103 vidisse
1556 4037 1931 4119 Hispanum
1987 4037 2318 4122 insignem
2363 4039 2571 4103 Lute-

613 4143 874 4200 ranum‚
918 4124 1030 4206 qui
1073 4144 1206 4188 non
1250 4121 1577 4189 dubitavit
1618 4144 1726 4189 me
1761 4123 1958 4189 etiam
1993 4133 2340 4206 praesente
2373 4123 2572 4189 fidem

612 4209 1030 4275 Luteranam
1076 4212 1160 4284 (si
1194 4211 1290 4274 ita
1324 4217 1392 4273 et
1424 4229 1560 4274 non
1596 4209 1813 4292 potius
1850 4209 2107 4275 Christi
2142 4210 2232 4273 sit
2266 4208 2573 4292 dicenda)

612 4293 829 4360 fateri.
932 4292 1011 4359 si
1063 4293 1258 4360 modo
1313 4316 1385 4360 se
1443 4294 1565 4360 has
1620 4296 1922 4380 regiones
1979 4295 2301 4361 lustrasse
2357 4294 2574 4362 dicere

614 4401 817 4446 ausus
877 4381 1095 4445 fuerit.
1195 4379 1302 4445 Ad
1345 4378 1509 4444 haec
1563 4379 1677 4445 ille
1731 4381 2030 4460 subrisit,
2090 4402 2294 4465 quum
2350 4390 2574 4447 tamen

615 4468 756 4549 ipse
804 4466 975 4531 serio
1018 4466 1337 4549 loquerer.

789 4551 977 4617 Haec
1013 4551 1095 4616 ad
1142 4560 1224 4630 te,
1272 4551 1375 4617 vir
1408 4551 1790 4630 clarissime,
1837 4550 2122 4617 scribere
2158 4551 2334 4618 volui
2374 4561 2455 4617 ut
2487 4573 2576 4617 ex

617 4636 917 4722 epistolio
981 4636 1322 4719 epistolam
1388 4636 1512 4703 hac
1590 4636 2087 4702 narratiuncula
2162 4639 2569 4703 conficerem.

613 4722 896 4789 Interim
932 4720 1097 4786 illud
1142 4720 1399 4801 addam,
1444 4720 1616 4805 quod
1658 4723 1832 4788 serio
1876 4744 1916 4788 a
1957 4743 2064 4788 me
2106 4720 2358 4788 dictum
2400 4724 2572 4802 volo,

611 4828 722 4874 me
764 4806 859 4872 sic
904 4806 989 4872 ad
1032 4814 1099 4872 te
1141 4806 1424 4873 scribere
1481 4816 1557 4872 ut
1600 4818 1822 4873 tamen
1866 4807 2072 4873 nolim
2117 4816 2183 4874 te
2221 4808 2292 4874 in
2336 4811 2573 4873 rescri-

611 4891 826 4959 bendo
868 4912 946 4957 ac
988 4891 1439 4975 respondendo
1479 4892 1644 4959 meis
1682 4892 1997 4959 laborare.
2065 4894 2218 4959 Non
2261 4901 2574 4978 poterunt

612 4977 879 5062 quidem
921 4977 1153 5043 literae
1195 4987 1348 5043 tuae
1391 5000 1521 5044 non
1567 4979 1982 5062 gratissimae
2025 4987 2094 5045 et
2134 5000 2377 5063 magno
2421 5000 2571 5044 cum

609 5085 760 5129 meo
819 5065 1039 5128 fructu
1103 5063 1440 5130 accedere:
1520 5066 1635 5129 sed
1702 5065 1800 5129 eis
1873 5063 1958 5129 ad
2021 5072 2284 5148 tempus
2348 5085 2572 5130 carere

825 5266 888 5330 4)
924 5266 1016 5320 De
1053 5268 1217 5322 Petro
1255 5268 1557 5324 Malvmda
1589 5285 1718 5338 erqo

1864 5271 1990 5324 'tart‘
2020 5270 2208 5340 aequit
2239 5269 2444 5338 quippe
2476 5271 2576 5339 qui

609 5337 825 5393 ,Diaeio
863 5337 1116 5393 Lutetiae
1151 5340 1468 5393 innotuerit.
1542 5338 1733 5402 (Sleid.

1831 5378 1842 5390 .
1878 5336 2028 5404 436.)

2168 418 2701 487 EPISTOLAE
2746 422 3083 486 css—691

4518 426 4617 486 152

2690 609 2900 687 malo',
2960 616 3224 674 tuorum
3279 607 3582 674 laborum
3638 615 3706 673 et
3760 605 4275 673 sollicitudinum
4328 607 4622 675 rationem

2693 693 2943 760 habens
2958 745 2973 772 ,
3033 714 3230 776 quam
3286 704 3363 759 ut
3413 702 3483 759 te
3538 694 3758 776 aliqua
3810 693 4068 760 ratione
4122 689 4207 758 ad
4250 690 4320 757 id
4360 694 4620 778 compel-

2689 780 2842 845 lam.
2933 778 3116 845 Satis
3158 789 3260 845 est
3301 780 3360 846 si
3404 800 3672 863 operam
3710 782 3784 844 in
3817 779 3983 845 meis
4017 777 4313 863 legendis
4355 779 4621 860 colloces,

2690 887 2777 931 ne
2833 864 3046 932 dicam
3111 863 3368 948 perdas.
3470 866 3566 929 'Pe
3623 865 3915 932 salutant
3968 863 4239 948 plurimi
4313 885 4475 948 quos
4532 864 4625 932 hic

2692 951 2898 1016 habes
2952 950 3052 1016 tui
3108 950 3575 1017 studiosissimi
3593 1002 3608 1029 ,
3664 950 3782 1016 sed
3837 950 3911 1015 in
3962 950 4193 1034 primis
4250 948 4625 1017 &nardina-s

2691 1046 2933 1102 noster.
3001 1037 3106 1101 Tu
3150 1037 3443 1103 vicissim
3475 1057 3622 1102 mco
3658 1037 3926 1102 nomine
3969 1036 4249 1102 salntem
4294 1035 4471 1102 dices
4502 1057 4626 1101 om-

2691 1122 2889 1187 nibus
2959 1121 3270 1187 ecclesiae
3335 1131 3488 1188 tuae
3551 1121 3855 1188 fidelibus
3916 1121 4266 1199 ministris,
4333 1143 4458 1189 nec
4509 1142 4628 1187 non

2689 1208 2884 1273 uxori
2926 1217 3078 1272 tuae
3133 1208 3530 1274 carissimae.
3616 1209 3806 1273 Bene
3863 1208 4014 1274 vale
4067 1207 4141 1272 in
4185 1206 4483 1287 Christo,
4538 1208 4630 1273 vir

2690 1293 3073 1373 clarissime,
3111 1314 3305 1375 quem
3349 1316 3430 1359 ex
3468 1294 3689 1359 animo
3722 1315 3954 1377 precor
3986 1291 4248 1359 assidue
4277 1302 4355 1358 ut
4396 1303 4462 1360 te
4496 1293 4628 1359 diu·

2688 1379 2941 1445 tissime
2985 1390 3207 1445 servet
3249 1378 3334 1444 ad
3377 1379 3687 1446 ecclesiae
3736 1379 4277 1458 aedificationem,
4321 1376 4631 1445 defensio-

2687 1485 2841 1529 nem
2886 1474 2954 1530 et
2991 1464 3518 1532 consolationem.
3585 1465 3996 1549 Argentinae
4038 1471 4099 1530 4.
4124 1463 4454 1531 Oalendas
4475 1463 4632 1549 Sep-

2687 1550 2981 1618 tembris.
3000 1552 3058 1628 ⁵)

3483 1636 3815 1720 Perpetuo
3858 1635 3979 1702 tibi
4020 1635 4557 1704 devinctissimus

3834 1723 3889 1788 Ι.
3929 1722 4224 1790 Diazius.

3454 2016 3863 2025 ——--——-

3573 2233 3731 2305 689.

3196 2372 3632 2441 BUOERUS
3678 2371 4117 2441 GALVINO.

2860 2543 3139 2644 Ochinus
3196 2544 3609 2643 Argentorati
3647 2545 3901 2645 ‘ade-w,-
3943 2543 4297 2646 Imperotor
4352 2545 4641 2615 Coloniae

2678 2636 3399 2783 εεεεεεεεεεεε
3439 2631 3739 2782 ,εεεεε
3794 2635 3927 2715 «ψ’
3989 2628 4252 2700 ...m
4301 2632 4379 2699 ε’
4436 2632 4640 2702 m

2683 2888 2797 2952 (Ex
2842 2887 3182 2957 autographo
3225 2887 3404 2942 Musei
3451 2886 3753 2941 Britannici
3801 2887 4033 2942 Londini
4081 2889 4141 2941 in
4188 2893 4438 2944 nostrum
4482 2908 4641 2945 usum

2682 2955 2970 3026 descripsit
3017 2956 3123 3010 Vir
3157 2956 3237 3010 01.
3274 2957 3336 3010 Ε.
3375 2957 3448 3010 Μ.
3483 2956 3794 3024 Thompson
3810 2996 3823 3021 ,
3872 2957 4134 3010 assistant
4179 2957 4383 3028 keeper
4433 2960 4498 3013 of
4548 2961 4641 3014 the

2681 3026 2837 3080 MSS.
2909 3025 3109 3079 Exstat
3141 3027 3244 3079 sub
3292 3026 3339 3079 si
3414 3041 3476 3079 o:
3530 3026 3676 3079 Add.
3713 3024 3824 3079 MS.
3874 3023 4049 3080 12100
4089 3026 4126 3081 f.
4162 3043 4215 3097 q.
4287 3028 4443 3094 Quod
4478 3030 4644 3083 nobis

2682 3096 2947 3149 traditum
2984 3103 3069 3148 est
3103 3111 3344 3176 apograp
3384 3111 3455 3148 on
3492 3095 3764 3149 nonnullis
3798 3095 3857 3148 in
3890 3096 4024 3149 locis
4060 3097 4259 3151 Buceri
4292 3099 4644 3153 literaturam

2681 3163 2884 3233 alioqui
2919 3164 3064 3217 lectu
3099 3163 3469 3217 difficillimam
3505 3180 3615 3217 non
3650 3165 3790 3218 bene
3825 3165 4130 3234 exprimere
4166 3165 4413 3233 videtur,
4460 3169 4548 3222 ita
4582 3172 4645 3222 ut

2803 3232 3127 3287 coniecturis
3162 3233 3248 3285 usi
3281 3237 3495 3286 textum
3531 3233 3753 3287 reficere
3788 3239 4012 3287 conatos
4047 3250 4304 3290 excusare
4340 3236 4533 3305 velis.)

2679 3420 3062 3487 Clarissimo
3106 3421 3251 3486 viro
3307 3419 3397 3485 DJ
3438 3420 3678 3486 Ioanni
3716 3420 3997 3488 Calvino
4054 3422 4366 3489 ecclesiae
4409 3424 4643 3491 Gene-

2680 3508 2903 3573 vensis
2924 3506 3174 3590 pastori
3196 3505 3742 3659 vigila1(1>}’,{²s1f;1‘stgii‹1>1¹
3742 3528 3878 3672 guo)
3897 3508 4085 3574 fratri
4119 3519 4188 3575 et
4221 3519 4642 3595 symmystae

2849 3728 2921 3795 S.
2967 3729 3051 3794 D.
3118 3729 3205 3795 D.
3248 3727 3731 3796 Bernardinum
3746 3732 3806 3807 2)
3851 3731 4104 3796 utinam
4148 3731 4474 3814 possimus
4519 3754 4644 3816 pro

2675 3815 2909 3880 merito
2976 3822 3281 3880 tractare.
3380 3814 3779 3881 Gratissima
3834 3823 4013 3882 certe
4077 3825 4179 3881 est
4239 3818 4382 3882 eius
4445 3839 4643 3901 prae-

2675 3901 2907 3967 sentia.
2965 3899 3072 3966 Ab
3114 3900 3547 3983 Imperatoris
3581 3901 3870 3966 discessu
3913 3901 4081 3966 nihil
4125 3900 4455 3967 auditum:
4504 3925 4644 3970 una

2676 3996 2868 4053 nocte
2909 3984 3148 4070 Pingio
3162 3988 3220 4067 ⁸)
3265 4007 3469 4069 usque
3513 3984 3856 4053 Coloniam
3877 3986 4119 4052 Rheno
4161 3985 4467 4072 delapsus
4515 3999 4641 4057 est.

2674 4072 2777 4138 Ibi
2865 4079 3104 4137 uatuor
3146 4070 3286 4136 dies
3329 4072 3493 4138 sesit
3504 4075 3564 4156 ⁴)
3609 4080 3677 4138 et
3709 4072 3794 4138 ad
3829 4094 3899 4138 se
3934 4074 4315 4157 episcopum
4349 4077 4637 4143 vocavit.

2677 4156 2813 4239 Qui
2900 4165 3120 4224 autem
3177 4179 3328 4224 cum
3385 4179 3463 4225 eo
3509 4159 3906 4244 transegerit
3958 4159 4255 4226 nondum
4312 4161 4642 4246 scriptum

2677 4253 2795 4310 est.
2815 4245 2876 4328 ⁵)
2963 4242 3345 4327 Appellavit
3385 4244 3529 4327 ipse
3572 4255 3640 4311 et
3678 4244 3973 4328 plerique
4023 4266 4106 4311 ex
4152 4247 4480 4314 canonicis
4524 4268 4639 4316 co·

2677 4330 2928 4395 mitatis
2945 4328 3000 4414 ⁶)
3043 4339 3274 4395 contra
3296 4329 3792 4411 Oarthusianos‚
3836 4330 3952 4415 qui
3991 4331 4353 4415 capitulum
4395 4334 4643 4400 volunt

2846 4623 2851 4626 -
2884 4583 2947 4652 5)
2988 4585 3209 4640 Annum
3244 4583 3384 4639 1545
3426 4584 3639 4640 indicat
3681 4602 3876 4669 nomen
3919 4588 4077 4643 urbis
4120 4588 4269 4644 ande
4290 4604 4422 4672 ‘eun
4458 4589 4633 4646 Bm-

2678 4669 2845 4778 ‘332
2884 4722 2941 4786 1)
2978 4739 3008 4775 ο
3046 4741 3079 4775 a
3114 4723 3127 4803 ἶ
3189 4656 3653 4776 ‚efformatum
3692 4654 4057 4711 Bambotum
4089 4657 4336 4713 dedant.

2882 4790 2943 4855 2)
2986 4790 3280 4857 Ocharium,
3328 4807 3481 4862 quen·
3529 4807 3705 4860 nuper
3741 4792 3999 4849 Basaeac
4040 4800 4408 4850 tramam
4441 4795 4635 4852 habuc:-

2675 4876 2799 4916 Μ
2830 4860 2941 4996 (ἐξ)
2972 4858 3206 4998 153ῖίιὸἐῖοῗ
3253 4926 3449 4982 Pridie
3488 4944 3668 4982 nonas
3703 4928 3847 4998 Δίῳ.
3894 4928 4210 4986 Wormaet'a
4242 4931 4436 4987 relicta
4474 4929 4630 4986 0010-

2673 4999 2827 5079 m'ava
2859 4997 3151 5119 ροὶοΐεσέὲὅ,
3189 4996 3331 5118 abd.
3344 4996 3438 5119 k}
3447 4997 3718 5120 VII.10a1.
3741 4997 3889 5067 Sept.
3926 5015 4050 5056 cum
4082 5000 4333 5069 episcopo·
4365 4999 4631 5059 conve-ut·

2675 5067 3194 5196 (Miffimassv
3228 5081 3408 5187 soffia?
3438 5081 3485 5136 ⁸'
3518 5067 3551 5120 ι’
3609 5109 3620 5118 ’
3652 5083 3708 5135 '³'
3746 5065 3893 5137 ¹4⁰⁹)

2884 5205 2944 5269 5)
2984 5203 3164 5257 Plura
3207 5201 3612 5258 ‹1⁴2thssoe
3657 5205 3986 5260 ama-viena
4034 5203 4627 5274 Sabutum&

2676 5271 2923 5328 Deckm
2942 5271 2977 5326 1.
2996 5272 3028 5326 1.
3049 5288 3117 5327 ex
3138 5270 3268 5326 MS.
3303 5271 3529 5327 Archiv.
3564 5271 3809 5327 Bru-vell.

2881 5341 2942 5408 6)
2980 5343 3059 5395 sic
3093 5357 3284 5409 apogr.
3324 5342 3708 5410 (comitibus‘t)
3753 5340 4008 5397 Seckend.
4043 5341 4081 5396 1.
4116 5341 4180 5396 Ζ..-
4215 5341 4472 5397 Canonici
4487 5339 4621 5396 Her·
