4825 6175
147 2676 473 2742 sustinere
515 2685 789 2761 cogetur
802 2728 818 2754 ,
877 2698 949 2742 se

194 440 297 502 397

188 643 294 702 m,
331 639 453 704 quo
493 618 938 702 superioribus
978 616 1388 702 temporibus
1432 639 1596 686 usus
1632 640 1723 699 es,
1781 626 2106 690 vestram-

187 728 294 794 que
328 703 838 772 incolumitatem
879 704 1193 770 intellexi.
1281 705 1392 772 Ex
1442 705 1677 772 iisdem
1727 714 1947 772 autem
1989 728 2106 792 po-

185 790 633 874 tuisuspicari,
687 789 1338 875 temihiindignari
1390 791 1566 874 quod
1620 792 2108 877 teinnegotio

183 876 588 947 eucharistiae
614 962 629 976 ·
647 875 1119 976 consulendum
1160 878 1430 977 ‘putavi
1459 881 1510 953 ¹)
1541 964 1554 977 ⁶
1610 876 1957 959 Quantum
2020 877 2106 944 ad

177 970 925 1117 ffitdnpdoammtrieonpoeaele
941 970 1138 1124 ,mntgc
1193 1048 1254 1113 is
1307 1013 1455 1114 sum
1510 1049 1622 1132 qui
1630 984 1826 1115 ogig?
1863 984 2104 1116 hmffl

43 1135 46 1166 ³
179 1133 466 1221 quidquid
509 1131 750 1200 dicitur
790 1132 1192 1200 credendum
1231 1143 1475 1216 putem.
1542 1135 1693 1200 Non
1737 1133 1919 1202 aliud
1951 1156 2103 1219 pos-

43 1221 44 1224 ’
174 1222 373 1288 tulant
387 1222 446 1296 ²)
489 1219 620 1286 nisi
661 1228 740 1285 ut
779 1219 1219 1286 Basiliensem
1264 1219 1732 1287 confessionem
1775 1241 1910 1286 non
1953 1221 2103 1286 reii-

173 1309 347 1385 ciam,
405 1303 525 1372 sed
577 1326 656 1371 ea
705 1305 836 1371 fide
887 1306 1251 1371 instructus
1304 1325 1560 1372 sumam
1618 1305 2100 1374 eucharistiam.

41 1419 42 1454 2
169 1393 294 1459 Nec
330 1399 557 1476 aperte
598 1391 851 1474 patriae
892 1390 1015 1456 reli
1067 1390 1229 1457 ’onis
1271 1390 1623 1459 mutandae
1670 1391 1837 1457 mihi
1879 1391 2103 1460 volue-

169 1486 310 1544 runt
358 1497 503 1543 esse
557 1483 840 1543 autores.
928 1474 979 1543 S
1117 1476 1359 1561 negavi
1414 1486 1484 1544 et
1534 1498 1821 1562 pernego
1837 1527 1854 1555 ‚
1907 1477 2100 1545 Basi-

166 1563 425 1630 liensem
469 1561 945 1629 confessionem
1001 1562 1280 1629 eandem
1334 1583 1478 1629 esse
1519 1585 1673 1630 cum
1714 1564 2099 1631 Vittenber-

167 1650 352 1734 gensi.
436 1648 502 1714 Ν
504 1669 614 1714 am
666 1669 871 1731 quum
925 1647 1360 1714 Basiliensem
1415 1647 1847 1731 approbemus
1862 1700 1880 1728 ,
1939 1650 2100 1733 quid

163 1735 276 1801 sibi
314 1733 478 1801 haec
510 1734 875 1800 certamina
906 1733 1172 1813 vellent,
1216 1733 1372 1817 quid
1405 1755 1630 1818 pugna
1664 1755 1833 1818 quae
1875 1734 2099 1802 novis-

41 1863 44 1918 '1
164 1821 311 1886 sime
352 1819 695 1903 Tigurinis
738 1840 890 1886 cum
934 1818 1205 1886 Luthero
1247 1818 1662 1886 intercessit?
1730 1819 1866 1887 Sed
1906 1820 2099 1886 mitto

160 1904 324 1973 baec.
411 1903 605 1971 Fidei
647 1914 911 1970 nostrae
968 1906 1292 1970 rationem
1344 1903 1763 1973 reddidimus.
1852 1906 2100 1972 Decre-

159 1999 288 2056 tum
330 2000 433 2057 est
476 2012 518 2057 a
558 1991 1091 2074 praeceptoribus
1133 1997 1400 2056 nostrae
1432 1990 1694 2058 scholae
1737 1998 1812 2058 ut
1855 1991 1940 2057 ad
1982 2013 2101 2060 vos

41 2081 44 2092 '
158 2076 457 2155 scribant,
502 2075 832 2160 quodnam
873 2084 1173 2142 vestrum
1225 2074 1307 2142 de
1362 2077 1552 2143 nobis
1604 2078 1693 2142 sit
1733 2078 2097 2144 consilium.

39 2171 44 2220 ἕ
155 2161 387 2229 Utrum
430 2162 658 2228 literas
692 2162 776 2228 ad
819 2184 939 2229 vos
972 2162 1274 2228 miserint
1305 2162 1555 2247 ignoro.
1621 2162 1852 2246 Oupio,

39 2303 42 2310 .
154 2247 276 2315 illis
315 2247 625 2315 rescribis
638 2298 655 2326 ,
722 2269 808 2313 ne
860 2245 1158 2315 acerbius
1212 2267 1371 2331 agas
1385 2298 1402 2326 ,
1459 2257 1538 2313 ut
1590 2248 1786 2316 huius

151 2331 457 2400 beneficio
520 2334 625 2398 uti

39 2447 42 2450 ·
150 2420 339 2485 finem
386 2418 574 2485 dabit
613 2418 962 2486 Dominus.
1028 2418 1292 2485 Mutavi
1336 2419 1710 2502 hospitium.
1728 2419 1789 2505 ⁴)
1854 2419 1940 2486 D.
1966 2420 2103 2486 Zel-

39 2529 42 2570 1=
148 2503 270 2571 lius
310 2504 642 2590 singulari
698 2506 770 2570 in
820 2513 890 2570 te
943 2511 1013 2569 et
1064 2505 1151 2572 D.
1200 2504 1591 2571 Pellioanam
1643 2504 2103 2572 benevolentia

39 2617 42 2674 ᾗ
146 2610 246 2655 me
284 2591 360 2656 in
403 2588 605 2657 aedes
639 2611 794 2657 suas
828 2609 975 2657 rece
1021 2591 1094 2656 it.
1161 2589 1477 2674 Magnam
1521 2599 1746 2657 tamen
1785 2590 2102 2657 invidiam

39 2757 40 2760 Ἴ
1044 2677 1229 2742 iubet
1268 2697 1376 2742 me
1424 2678 1595 2743 bono
1651 2698 1796 2743 esse
1848 2679 2119 2754 animet.

146 2782 208 2827 se
248 2762 415 2829 haec
465 2763 738 2829 minime
779 2761 1165 2842 formidare,
1221 2770 1302 2826 ut
1351 2763 1467 2845 qui
1522 2764 1827 2847 graviora
1866 2784 2101 2846 passus

39 2859 42 2926 ζ
145 2846 240 2913 sit.
310 2852 485 2913 Amo
527 2847 866 2930 Bucar-um,
908 2849 1208 2931 quamvis
1250 2868 1373 2913 nos
1412 2848 1687 2914 minime
1731 2858 1939 2915 amet:
1987 2849 2101 2915 sed

39 2933 40 2936 ’
141 2931 202 2996 id
261 2941 489 2999 totum
544 2943 815 3018 propter
870 2934 1147 2999 aliorum
1206 2934 1658 3018 instigationes
1713 2936 1856 3000 fieri
1921 2942 2099 3018 puto.

1939 2185 2101 2229 uum

844 2334 949 2398 'm.
968 2332 1025 2420 ⁸)
1127 2333 1390 2418 Hyeme
1446 2341 1677 2400 exacto
1738 2334 1842 2401 his
1904 2248 2100 2400 1-6(ξὲεέ

142 3015 347 3085 Video
388 3020 533 3084 iam
574 3019 844 3086 tandem
887 3019 1292 3103 implacabile
1331 3020 1504 3085 inter
1545 3020 1991 3106 Zwinglianos
2032 3030 2102 3086 et

140 3104 588 3187 Lutheranos,
631 3117 708 3173 ut
748 3115 1005 3184 vocant,
1060 3127 1203 3173 esse
1247 3104 1587 3172 dissidium
1631 3142 1715 3152 —
1760 3146 1842 3157 —-
1889 3144 1969 3157 —
2018 3143 2102 3155 —-

138 3191 555 3278 Argentinae
603 3199 699 3258 16.
746 3191 1054 3259 Octobris
1095 3212 1269 3258 anno
1319 3196 1501 3257 1546.

763 3330 948 3394 'Puus
993 3347 1076 3393 ex
1122 3329 1341 3395 animo

1068 3446 1455 3514 Ludovicus
1497 3447 1938 3514 Lavatherus.
1960 3448 2015 3530 ⁵)

814 3705 1003 3774 plures
1061 3703 2107 3772 &woman-ommam

170 3701 313 3760 888.
350 3704 408 3774 1)
449 3703 759 3760 Iam-inae

786 3789 878 3827 um
922 3773 1000 3828 ad
1049 3772 1336 3828 historiam
1388 3773 1475 3827 rei
1524 3774 1990 3829 momentariae
2040 3776 2103 3829 in

139 3772 397 3924 Ὲὲῑῗέτιῖα
411 3778 757 3924 “2³2anthoe
800 3841 1056 3923 definitae
1081 3841 1415 3923 pertineant.
1489 3840 1743 3895 sterant
1776 3857 1838 3896 eo
1871 3847 2108 3925 tempore

387 4122 414 4185 )

141 4047 274 4103 tam
475 4049 1160 4118 m,eaeparteabmr
1472 4113 1781 4170 Bam·
2067 4116 2079 4129 ⁹

345 4066 386 4171 ἕ
1728 4130 2107 4199 meonesqw

137 4266 252 4307 οιιιι
272 4253 930 4378 Bauioycrohuyeonio
963 4260 1014 4310 et
1046 4255 1178 4336 aliis
1199 4251 1485 4308 ediderant
1498 4254 1658 4320 pacis
1688 4190 2110 4309 mammeam

130 4330 506 4457 mun.
577 4324 599 4391 (
661 4322 1107 4393 ambaelgknt.
1147 4321 1687 4379 amada-emen
1721 4322 2109 4390 Basta-Gens.

343 4457 414 4527 8)
451 4458 616 4516 Haec
649 4458 1245 4527 omniahabebiainfra
1268 4464 1367 4515 ouo
1391 4459 1523 4515 loco.
1560 4458 1733 4528 (Vide
1752 4458 2107 4529 ΕμΔι-οαιε.

133 4523 182 4578 6.
208 4524 384 4594 Deo.)
506 4566 521 4581 .
560 4528 883 4597 Pedatam,
918 4528 1065 4583 Bua.
1140 4567 1154 4583 .
1190 4525 1311 4583 2⁷6.

343 4596 407 4667 4)
754 4599 943 4666 suom
985 4612 1023 4652 a
1129 4597 1388 4653 arbachio
1421 4595 1975 4652 Lathon-amantium
2011 4611 2109 4651 aa·

225 4665 238 4678 ‘
656 4668 668 4680 ‘
766 4673 881 4721 um
912 4666 1170 4735 temporie
1212 4667 1360 4721 inter
1391 4665 1878 4736 Arae-rorum
1910 4666 2108 4721 theolo-

132 4749 231 4800 σοι
266 4736 523 4791 maxim
556 4752 593 4791 a
626 4735 932 4791 liberalior-i
963 4734 1198 4790 docendi
1227 4736 1445 4791 ratione
1477 4737 1819 4804 conminutas.

344 4802 414 4872 ὃ)
462 4803 690 4871 Radolfi
739 4802 1011 4861 Lavatm
1052 4802 1292 4859 consulis
1334 4803 1514 4875 filius,
1563 4808 1755 4874 postea
1798 4802 2110 4874 Bellis-qemi

447 4116 704 4199 ‘ministri
734 4133 856 4174 cum
880 4116 1097 4173 Buces-o
1126 4048 1421 4183 fmnt.

138 4182 762 4256 doquahoeloqudm·
806 4200 872 4241 ea
915 4192 1194 4257 estquam
1247 4182 1473 4240 albae
1517 4183 1769 4239 Bucerua
1813 4190 1863 4240 et

1894 437 2055 500 1546
2098 431 2429 502 OO'I'OB.

4034 441 4159 506 398

3104 669 3259 743 887.

2745 840 3155 911 VIRE'P'US
3202 841 3637 911 OALVINO.

2382 1028 2630 1099 coelius
2677 1029 2873 1097 Curio
2934 1030 3320 1097 Lousonnae
3371 1030 3677 1097 valedicit.
3779 1032 3867 1099 Ia
3922 1040 4160 1121 neqotio

2197 1116 2833 1288 miaffiifflildum
2853 1116 3209 1200 confectum,
3245 1116 3655 1184 mmmm
3675 1119 4001 1203 sponsalia
4010 1143 4163 1207 pro-

2326 1223 2452 1270 tem
2676 1207 2975 1285 poterunt.

2204 1392 2312 1457 (Ex
2348 1369 2686 1472 autographo
2706 1390 2855 1473 (Jod.
2886 1389 3093 1445 Genev.
3124 1389 3228 1473 311
3245 1402 3297 1461 ⁸,
3332 1390 3545 1474 1912159
3577 1394 3636 1447 in
3672 1409 3780 1463 quo
3805 1394 4004 1476 ,charta
4035 1413 4159 1467 pas-

2463 1475 2567 1513 sim
2602 1458 2785 1513 deficit
2818 1476 2961 1529 aqua
2995 1459 3213 1514 detrita.
3285 1461 3433 1516 Alibi
3466 1476 3577 1516 non
3612 1462 3893 1532 occurrit.)

2511 1646 2895 1716 Clarissimo
2937 1646 3023 1713 D.
3065 1648 3306 1715 Ioanni
3349 1649 3628 1718 Calvino

3539 1768 3871 1838 Genevae.

2374 1917 2449 1987 S.
2505 1920 2731 2003 Quum
2784 1941 2998 2005 nuper
3039 1920 3123 1987 ad
3181 1927 3249 1987 te
3301 1923 3564 2005 scripsi,
3623 1943 3703 1988 ea
3754 1944 3922 2006 quae
3978 1945 4159 1993 nunc

2202 2005 2305 2073 vis
2348 2005 2434 2071 ad
2475 2013 2540 2072 te
2581 2004 2798 2087 scribi,
2856 2028 3137 2090 quorum
3190 2008 3405 2092 gratia
3464 2005 3584 2095 [po
3619 2008 3944 2075 tissimum
3998 2012 4158 2077 scri-

2200 2091 2356 2159 bere
2397 2090 2834 2171 institueram,
2877 2092 3043 2158 mihi
3085 2092 3487 2160 exciderunt.
3647 2115 3754 2159 am
3797 2114 3988 2161 casus
4044 2096 4161 2163 ille

2208 2175 2420 2257 Caelii,
2448 2180 2497 2253 ¹)
2521 2177 2603 2244 de
2645 2198 2773 2261 quo
2817 2176 2900 2243 ad
2923 2185 2988 2244 te
3010 2179 3260 2261 scripsi,
3306 2178 3469 2245 adeo
3503 2178 3668 2245 mihi
3702 2183 3995 2246 animum
4016 2189 4158 2247 tur-

2203 2263 2390 2330 bavit
2429 2271 2506 2329 ut
2547 2263 2946 2347 reliquorum
2996 2264 3249 2352 oblitus,
3290 2265 3445 2331 sim:
3513 2286 3680 2349 quae
3743 2267 3836 2333 sic
3888 2264 4156 2334 habent.

2204 2350 2385 2415 Tuas
2444 2346 2525 2436 [12
2560 2359 2734 2415 teras
2787 2350 3013 2415 curavi
3067 2370 3218 2415 cum
3268 2351 3434 2416 meis
3487 2350 3885 2432 reddendas,
3937 2352 4160 2420 addito

2203 2443 2320 2501 tuo
2363 2432 2449 2499 ad
2536 2455 2951 2502 eocomenses
2984 2435 3270 2513 consilio,
3289 2438 3347 2519 ²)
3392 2436 3567 2520 quod
3600 2435 3881 2503 latinum
3927 2436 4159 2526 [fe]ce-

2202 2542 2366 2586 ram.
2456 2521 2725 2587 Literae
2759 2528 2913 2586 tuae
2953 2519 3121 2585 mihi
3160 2522 3566 2605 placuerunt.
3653 2522 4061 2590 Placuerunt
4093 2531 4162 2591 et

2202 2606 2329 2690 piis
2413 2606 2731 2673 fratribus
2807 2606 3043 2690 quibus
3118 2614 3263 2672 tuto
3345 2609 3527 2691 potui
3609 2605 4155 2696 [com]municare.

2204 2690 2425 2773 Quam
2467 2691 2839 2777 placuerint
2896 2692 2959 2757 ei
3001 2691 3084 2758 ad
3127 2712 3323 2775 quem
3380 2693 3864 2773 scribebantur,
3917 2696 4157 2762 nescio.

2201 2778 2267 2844 N
2269 2800 2376 2844 am
2422 2800 2506 2844 ex
2548 2799 2625 2844 eo
2669 2787 2959 2862 tempore
3000 2798 3087 2843 ne
3121 2777 3448 2863 syllabam
3488 2778 3754 2864 quidem
3799 2780 3882 2846 ab
3926 2800 4004 2846 eo
4048 2802 4157 2847 ac-

2203 2866 2365 2947 cepi,
2409 2864 2711 2948 quamvis
2755 2864 2816 2929 ei
2857 2884 2989 2929 non
3044 2863 3368 2929 defuerint
3423 2865 3668 2931 nuncii.
3754 2865 3839 2930 In
3892 2867 4158 2951 negotio

2204 2951 2489 3035 coniugii
2557 2947 2943 3036 [ni]hildum
2999 2949 3366 3016 confectum
3420 2958 3537 3016 est.
3640 2948 3799 3015 Vidi
3866 2961 3933 3017 et
3997 2951 4158 3018 allo·

2246 3046 2451 3103 nutus
2516 3056 2663 3102 sum
2726 3034 3089 3101 mulierem.
3176 3035 3402 3102 Mores
3465 3055 3603 3102 non
3662 3034 4154 3120 displicuerunt.

2204 3057 2415 3209 ἓριι]ο
2460 3123 2755 3189 exactius
2796 3122 3122 3205 exquisivi
3165 3121 3557 3201 testimonia,
3617 3144 3693 3188 eo
3746 3121 4046 3206 pluribus
4088 3132 4159 3188 et

2203 3207 2584 3275 melioribus
2618 3207 3012 3274 testimoniis
3044 3208 3211 3273 mihi
3244 3205 3701 3274 commendata
3749 3208 3866 3292 [est
3899 3259 3915 3274 .
4001 3207 4156 3275 Sta-

2206 3295 2310 3358 tui
2352 3295 2568 3377 primo
2609 3314 2863 3378 quoque
2920 3301 3216 3376 tempore
3270 3314 3413 3358 rem
3468 3300 3677 3359 totam
3719 3312 3793 3358 co
3889 3314 4056 3373 cere,
4101 3295 4160 3360 si

2207 3379 2390 3445 volet
2448 3380 2794 3446 Dominus.
2905 3378 3219 3444 Fortasse
3282 3378 3408 3445 hac
3468 3377 3875 3444 hebdomade
3953 3377 4154 3467 [fient]

2206 3464 2554 3548 sponsalia,
2600 3465 2659 3531 si
2696 3465 2852 3531 licet
2890 3485 3011 3549 per
3051 3464 3331 3549 negotia.
3419 3462 3704 3530 Decrevi
3745 3466 3970 3529 omnia
4007 3485 4158 3548 per-

2205 3551 2404 3617 ficere
2452 3552 2595 3616 sine
2638 3551 2915 3634 strepitu
2936 3572 2941 3578 ·
2960 3557 3028 3616 et
3077 3556 3262 3615 motu
3319 3547 3540 3636 [quam
3582 3547 3846 3636 po]tero
3902 3550 4159 3634 simpli-

2208 3636 2488 3702 cissime.
2590 3636 2778 3703 Alias
2822 3636 2946 3702 hac
2995 3635 3078 3701 de
3131 3657 3205 3701 re
3257 3643 3326 3701 et
3373 3633 3453 3701 de
3504 3643 3642 3700 toto
3694 3643 3874 3701 statu
3931 3645 4160 3703 nostro

2206 3720 2411 3789 latius
2464 3721 2549 3788 ad
2604 3731 2672 3788 te
2727 3722 3025 3789 scribam.
3124 3721 3319 3787 Nunc
3377 3718 3746 3807 [plu]ribus
3802 3741 3937 3786 non
3994 3722 4164 3788 licet.

2209 3805 2398 3874 Vale.
2485 3808 2888 3875 Lausannae
2938 3811 3036 3873 19.
3082 3805 3313 3874 Octob.
3367 3813 3549 3872 1546.

3360 3944 3545 4010 Tuus
3588 3940 3657 4009 P.
3701 3943 3990 4011 Viretus.

2246 4248 4162 4333 887.1)‡²amwhocbeofflomhocmotenporem

2212 4317 3360 4376 mnarehctaBoeaoanoeoontuam.
3432 4317 4164 4401 Sedquadeeamaqn

2210 4391 2393 4514 ῖῖθιια,
2428 4390 2606 4445 literis
2638 4389 2836 4472 quibua
2867 4403 2979 4443 rem
3016 4387 3232 4469 Vin-atys
3253 4385 3484 4443 Calvino
3525 4456 3536 4470 ⁶
3732 4458 3743 4470 ⁸
3850 4386 4161 4456 deperdant.

2209 4473 2406 4582 anisi-⁸⁸⁶
2397 4458 2636 4581 15⁸4&
2677 4454 3352 4591 mugelmmhict.
3510 4455 3574 4511 'a
3604 4462 3749 4580 iffi&
3820 4565 3832 4579 .
3868 4522 4016 4605 596.)
4040 4453 4162 4605 (eg-⁶

2208 4612 2335 4651 rum
2363 4595 2758 4679 ΜΝοοωι·
2789 4593 3107 4677 deturbato
3140 4608 3441 4649 mammo
3474 4594 3640 4663 ducat,
3671 4595 3710 4662 f
3869 4607 4164 4650 coam

2207 4680 2478 4735 ρωποι-α
2511 4667 2703 4736 aitqua
2736 4662 2978 4719 dissidia
3010 4665 3394 4719 inter-comem

2418 4732 2482 4801 2)
2518 4733 2709 4804 Neque
2741 4733 2811 4790 de
2840 4732 2944 4790 hoo
2973 4732 3135 4789 nob-‘o
3166 4737 3392 4788 condat

3116 5062 3163 5067 ..ψ
3230 5060 3385 5067 ⁴>.-——--
