4825 6175
244 398 337 461 121

238 582 497 650 tuendum
541 589 795 667 putant.
865 581 1167 649 Farellns
1207 582 1574 649 russanum
1616 583 1878 668 cogitat.
1906 588 1927 627 ¹
1942 585 1994 668 ¹)
2061 583 2141 651 Si

238 671 352 736 fieri
384 677 584 752 posset
623 676 703 734 ut
744 668 828 734 ad
873 667 1046 734 diem
1080 669 1265 734 Iovis
1310 668 1556 752 aliquid
1590 670 1717 736 hac
1753 669 1833 735 de
1869 691 1943 735 re
1979 671 2139 737 scri-

236 756 401 833 beres,
435 756 593 820 mihi
636 754 1199 821 consultissimum
1241 754 1597 820 videretur.
1686 756 1752 820 N
1754 776 1861 821 am
1905 777 2140 822 vereor

234 862 307 908 ne
342 842 531 925 gravis
573 841 767 906 ruina
809 848 1125 923 sequatur
1174 842 1454 907 Tus-sani
1497 840 1875 921 discessum,
1933 843 1989 907 si
2034 861 2139 907 ec-

233 928 449 994 clesiam
494 927 678 992 illam
733 926 1012 994 deserat.
1115 924 1194 993 Si
1248 927 1406 1010 quid
1464 928 1832 1009 scripturus
1897 948 1986 1003 es,
2055 926 2140 993 da

228 1035 448 1097 operam
485 1020 562 1079 ut
604 1012 840 1078 saltem
883 1011 967 1077 ad
1011 1012 1183 1078 diem
1220 1013 1503 1078 Veneris
1537 1014 1600 1078 N
1603 1033 1941 1079 eocomum
1982 1014 2139 1078 mit-

229 1108 394 1177 tatur,
444 1107 554 1164 aut
609 1099 901 1164 Bernam
962 1099 1045 1163 ad
1099 1097 1274 1162 diem
1324 1096 1616 1176 sabbati,
1678 1107 1794 1164 aut
1837 1096 1919 1164 ad
1964 1098 2137 1164 diem

227 1185 573 1251 dominicum
633 1185 692 1250 si
745 1183 1056 1266 expedire
1112 1184 1453 1250 iudicaris:
1515 1182 1650 1250 Sed
1707 1186 1765 1251 si
1809 1184 1913 1249 die
1955 1185 2138 1251 Iovis

222 1272 583 1338 Neocomum
626 1271 1048 1353 perferretur,
1096 1269 1203 1334 die
1245 1270 1527 1335 Veneris
1570 1271 1863 1336 Bernam
1907 1292 2138 1337 conce-

222 1356 382 1423 deret
433 1355 539 1440 qui
602 1377 749 1421 eam
803 1355 1204 1439 legationem
1259 1357 1593 1439 suscipiet.
1696 1356 1832 1423 Sed
1890 1357 1971 1422 de
2030 1357 2136 1422 his

215 1443 486 1509 omnibus
524 1463 718 1527 agam
762 1463 915 1508 cum
961 1442 1232 1508 Farello.
1323 1443 1684 1526 Postquam
1723 1450 1873 1508 tuas
1908 1442 2137 1509 literas

212 1527 512 1606 habemus,
558 1530 871 1595 faciemus
915 1528 1092 1612 quod
1131 1527 1462 1594 videbitur
1506 1528 1887 1595 consultius.

368 1613 627 1681 Gaudeo
662 1616 755 1680 sic
788 1613 1164 1680 consultum
1197 1635 1341 1680 esse
1367 1614 1651 1681 Girardo
1680 1624 1753 1681 ut
1776 1615 2006 1681 scribis
2032 1615 2132 1691 12).

203 1700 285 1765 Id
322 1702 479 1765 enim
520 1721 726 1784 quum
769 1699 851 1764 ad
896 1709 963 1765 te
997 1701 1229 1783 scripsi
1265 1701 1649 1784 cogitabam.
1713 1701 1963 1767 Misisti
1997 1708 2136 1765 tres

202 1795 520 1853 coronatos
584 1785 699 1851 sed
765 1786 955 1852 cuius
1018 1786 1255 1869 gratia,
1321 1807 1454 1851 non
1521 1788 1857 1871 scripsisti.
1960 1785 2135 1851 Mihi

201 1893 348 1957 ergo
402 1872 762 1957 significato
831 1872 1044 1954 primo
1106 1891 1366 1955 quoque
1428 1880 1740 1955 tempore.
1850 1872 2137 1955 Reliqua

203 1960 510 2024 committo
567 1957 910 2023 tabellario
963 1958 1076 2040 qui
1129 1966 1355 2022 nostra
1408 1960 1627 2024 omnia
1668 1958 1869 2024 novit.
1959 1958 2134 2022 Nam

204 2044 348 2110 adeo
386 2045 619 2110 obruor
661 2051 739 2108 ut
781 2044 895 2108 vix
938 2044 1249 2109 suffurari
1293 2043 1417 2110 hoc
1451 2044 1786 2109 tantillum
1819 2044 2136 2128 temporis

205 2130 501 2213 potuerim
547 2151 675 2213 quo
717 2129 881 2195 11666
925 2129 1009 2194 ad
1053 2138 1120 2195 66
1161 2131 1406 2212 raptim
1441 2129 1814 2196 scriberem.
1906 2129 2137 2213 Scrip-

208 2219 410 2283 sissem
454 2215 536 2281 ad
565 2216 888 2281 Textorem
931 2216 990 2280 si
1033 2223 1346 2281 vacasset.
1413 2215 1744 2298 Cuperem
1784 2215 2135 2282 admodum

206 2323 334 2368 eum
378 2302 711 2385 hucusque
766 2300 1073 2366 advolare
1127 2321 1325 2367 66666
1380 2302 1627 2367 uxoris.
1651 2304 1735 2380 ¹⁸)
1822 2302 1997 2367 Nam
2038 2302 2139 2366 illi

202 2387 373 2453 valde
428 2394 671 2452 metuo.
774 2383 912 2451 Sed
971 2395 1128 2452 ante
1184 2394 1329 2453 octo
1387 2394 1501 2452 aut
1559 2387 1783 2453 decem
1839 2386 1977 2454 dies
2021 2388 2138 2454 vix

200 2495 295 2540 ero
334 2474 526 2539 domi.
617 2471 697 2539 Si
724 2472 1031 2538 ‘Bernam
1088 2471 1456 2546 concedam.
1521 2494 1649 2556 quo
1705 2485 1966 2556 praeter
2019 2495 2137 2539 ne-

197 2560 429 2645 gotium
487 2559 765 2624 fratrum
819 2579 927 2623 me
982 2559 1181 2623 etiam
1224 2559 1517 2624 invitant
1558 2558 1779 2642 aliqua
1820 2579 1907 2624 ex
1949 2568 2138 2642 parte

195 2668 261 2712 ea
309 2645 391 2711 de
445 2643 681 2729 quibus
741 2659 955 2709 tecum
1014 2643 1280 2721 contuli,
1340 2643 1421 2709 de
1470 2646 1707 2711 comite
1762 2653 1831 2710 et
1873 2645 2023 2711 aliis
2066 2644 2137 2710 id

193 2753 387 2816 genus
432 2730 731 2813 negotiis.
824 2729 1139 2796 Salutant
1181 2737 1248 2794 te
1284 2731 1514 2796 nostri.
1584 2730 1818 2796 Saluta
1860 2752 2137 2796 uxorem

191 2825 249 2883 et
285 2817 695 2883 domesticos.
789 2816 1096 2883 Nicotaus
1148 2837 1283 2881 non
1331 2824 1434 2881 est
1484 2815 1613 2883 hic.
1693 2817 1794 2881 Eo
1841 2817 1986 2898 ipso
2031 2815 2138 2882 die

190 2924 303 2987 quo
348 2913 503 2968 tuae
546 2903 779 2968 literae
832 2902 998 2966 mihi
1054 2902 1348 2967 redditae
1393 2911 1568 2981 sunt,
1617 2902 1927 2968 Nicotaus
1968 2903 2137 2968 Ber-

29 2987 73 3056 ·‘J
188 3009 331 3054 nam
375 2995 808 3067 concesserat,
865 2990 1106 3055 missus
1150 3008 1191 3052 6
1232 2988 1596 3073 Morgiensi
1642 2988 1869 3064 classe,
1928 2996 2004 3052 ut
2056 2988 2137 3052 il-

36 3102 73 3127 ·1
186 3072 317 3142 lum
357 3074 651 3143 habeant
692 3074 1089 3141 ministrum.
1157 3072 1344 3141 Vale.
1413 3074 1814 3142 Lausannae
1849 3073 1949 3140 28.
1981 3073 2137 3139 Iulii

191 3166 361 3228 1545.

1320 3263 1506 3327 Tuus
1550 3264 1623 3328 Τ.
1671 3263 1961 3328 Vir-etus.

1084 3878 1233 3947 670.

662 4014 1150 4083 MYCONIUS
1196 4016 1665 4083 FARELLO.

365 4185 692 4251 Tessanus
755 4187 938 4252 eccs-ul
999 4186 1316 4253 Basizeae.
1410 4189 1783 4253 Novissima
1838 4208 1915 4252 ex
1971 4187 2145 4254 Wor-

202 4272 411 4335 macia.
503 4272 812 4338 Rumores
855 4274 1108 4338 sinistri
1150 4294 1228 4339 esc
1271 4274 1428 4340 aula
1470 4273 1665 4356 reyia.

205 4439 301 4499 (Ex
344 4442 669 4513 apographis
705 4443 915 4496 duobus
953 4443 1154 4497 Genev.
1193 4446 1322 4499 Cod.
1361 4445 1492 4498 1111ι
1521 4486 1535 4511 ,
1572 4445 1664 4497 fol.
1701 4443 1769 4497 66
1808 4450 1863 4495 66
1900 4443 2016 4511 116,
2052 4444 2144 4499 fol.

207 4505 280 4561 95.
329 4512 616 4580 Descripta
651 4520 831 4565 exstat
869 4530 1082 4581 quoque
1103 4514 1314 4568 Bernae
1350 4514 1491 4583 Epp.
1533 4513 1652 4566 VII.
1688 4531 1739 4582 p.
1780 4510 1880 4565 707
1917 4520 1973 4565 et
2004 4513 2146 4582 apud

210 4576 478 4633 Simlerum
527 4583 562 4634 l.
599 4583 633 4633 l.
674 4582 849 4635 Inscri
893 4584 969 4633 tio
1018 4584 1189 4635 abest.
1274 4584 1434 4636 Prius
1487 4583 1621 4636 illud
1659 4583 1937 4650 exemplar
1972 4582 2147 4635 Gene-

897 4652 1021 4703 ireti
1060 4653 1394 4721 descriptum
1432 4658 1489 4704 et
1508 4653 1731 4706 Calvino
1768 4652 1990 4703 missum
2027 4652 2146 4715 fuit,

889 4738 995 4771 666
1029 4737 1149 4773 cum
1186 4720 1253 4773 N.
1292 4719 1436 4787 677.)

211 4662 357 4702 vense
391 4652 460 4703 ab
496 4667 821 4704 6166666666

374 5044 463 5105 ll)
509 5044 616 5113 Qui
648 5055 829 5101 tamen
868 5048 1340 5110 Monbelqardmm
1376 5063 1626 5099 reversus
1660 5054 1751 5099 est.

224 5187 273 5225 .
304 5194 334 5230 0
366 5110 1885 5252 1232...25.2;1.2.5200.2²;.⁷:22.2“.22‘·

275 5192 304 5241 ⁹
381 5247 470 5311 13)
509 5252 673 5306 Cuius
705 5202 956 5308 valetud&
976 5253 1155 5306 indies
1182 5201 1438 5331 mgr‘itmn
1453 5202 1639 5320 finayis
1668 5225 1955 5306 sollicitum
1985 5252 2144 5305 anxi·

234 5321 405 5380 “mque
440 5319 679 5388 reddidit,
716 5331 765 5376 et
800 5322 1017 5376 tandem
1052 5336 1201 5389 spem
1238 5322 1433 5374 salutes
1469 5338 1673 5375 omnem
1710 5323 1762 5374 ei
1793 5321 2004 5374 ademit.

1960 5117 2146 5168 Aliam

1994 397 2158 462 1545
2203 393 2398 464 JUL.

4089 402 4206 465 122

2416 584 2661 649 Petrus
2726 584 3049 651 Tossanns
3106 583 3338 650 relicto
3404 584 3703 668 principe
3759 607 3879 652 suo
3936 588 4208 653 commi-

2243 672 2463 753 gravit
2509 669 2593 735 ad
2634 691 2773 735 nos.
2801 672 2854 752 ι)
2941 670 3131 736 Uxor
3187 690 3342 735 cum
3393 669 3617 736 liberis
3673 670 3923 755 aliquot
3978 672 4208 740 diebus

2241 762 2505 821 retenta
2559 764 2677 835 est,
2737 756 2796 821 si
2850 757 2943 821 sic
2994 764 3216 839 posset
3265 756 3408 839 ipse
3461 758 3716 822 moveri
3760 756 3843 822 ad
3888 757 4203 825 reditum:

2243 841 2359 907 sed
2403 863 2510 908 res
2555 849 2659 907 est
2700 849 2954 907 tentata
2997 843 3262 907 frustra.
3354 842 3651 907 Tandem
3711 842 3868 926 quid
3923 845 4208 928 principi

2243 928 2509 992 venerit
2549 926 2623 992 in
2666 936 2959 992 mentem
3003 929 3243 1006 nescio,
3290 936 3355 991 et
3396 927 3546 993 illos
3581 928 3833 995 dimisit
3875 951 4012 994 666
4053 951 4208 997 cum

2244 1013 2649 1096 supellectile
2705 1012 2973 1097 reliqua.
3074 1014 3317 1080 Tentat
3368 1023 3592 1080 tamen
3634 1015 3852 1081 adhuc
3894 1015 4207 1083 reducere

2242 1097 2504 1165 blande.
2606 1099 2812 1164 Petiit
2860 1108 2938 1165 ut
2997 1099 3240 1165 scribat
3281 1099 3516 1182 quibus
3561 1111 3877 1183 gravatus
3920 1102 4008 1167 sit
4047 1101 4206 1168 hac-

2242 1191 2469 1250 tenus:
2515 1193 2898 1251 curaturum
2940 1207 3010 1251 se
3057 1195 3132 1250 ut
3167 1207 3336 1269 quae
3370 1185 3508 1250 sint
3541 1185 3950 1252 emendanda
3983 1207 4206 1253 emen-

2244 1268 2504 1335 dentur.
2594 1273 3077 1354 Exspectamus
3121 1273 3345 1353 itaque
3389 1272 3545 1356 quid
3587 1273 3792 1354 possit
3836 1293 3979 1338 esse
4022 1272 4204 1338 futu-

2242 1376 2423 1421 rum:
2484 1354 2656 1440 quod
2714 1356 2976 1439 quidem
3033 1358 3088 1422 si
3143 1358 3340 1423 fuerit
3392 1378 3433 1421 a
3475 1378 3547 1423 re
3590 1357 3884 1438 Domini,
3944 1369 4205 1425 consta-

2238 1441 2342 1507 bit
2382 1442 2729 1508 cuiusnam
2764 1443 3112 1509 consilium
3149 1444 3477 1509 exstiterit
3519 1443 3845 1521 abitionis‚
3889 1443 3963 1508 in
4005 1441 4207 1528 quam

2243 1527 3990 1681 iiirssua‘ssffeaffunssffihffinffiffiffsstt‘i'vssssciknffiff
4025 1552 4207 1697 3⁰34

2242 1710 2446 1783 agant
2520 1700 2869 1766 nescimus.
2980 1699 3220 1765 Infesti
3297 1709 3453 1766 sunt
3517 1701 3862 1785 evangelio
3928 1699 4204 1781 Christi,

2239 1785 2411 1868 quod
2435 1795 2703 1851 certum.
2772 1785 3137 1853 Conciones
3159 1787 3638 1869 Augustiniani
3659 1787 4130 1854 Colmariensis
4145 1788 4206 1867 ⁴²)

2242 1870 2697 1937 Ferdinandus
2737 1871 2923 1937 audit
2963 1872 3341 1954 frequenter
3355 1922 3372 1951 ,
3419 1871 3660 1939 Caesar
3700 1872 3935 1951 nullas,
3983 1881 4059 1937 ut
4100 1874 4206 1939 cui

2243 1955 2562 2024 satisfacit
2602 1957 2837 2041 religio
2881 1957 3240 2040 hispanica.

2415 2041 2602 2110 Civis
2645 2043 3035 2109 Basiliensis
3079 2044 3357 2110 veniens
3398 2044 3505 2110 his
3549 2043 3782 2110 diebus
3829 2066 3913 2110 ex
3956 2045 4204 2129 Tiguro

2241 2128 2412 2193 mihi
2456 2130 2772 2207 narravit,
2819 2130 3153 2206 nuncium,
3198 2130 3311 2214 qui
3346 2139 3614 2214 propter
3647 2129 4045 2196 Waldenses
4078 2130 4206 2195 fuit

2241 2215 2482 2280 missus
2510 2214 2594 2280 ad
2624 2214 2899 2294 Gallum,
2934 2214 3209 2281 rediisse
3247 2216 3391 2281 sine
3425 2215 3654 2290 literis,
3703 2214 3948 2282 dixisse
3982 2223 4206 2281 autem

2242 2320 2328 2366 ex
2388 2322 2502 2365 ore
2552 2300 2731 2366 Galli
2774 2299 3104 2366 audivisse
3148 2323 3250 2367 se:
3310 2300 3490 2382 Quid
3533 2301 3691 2367 isti?
3761 2303 3908 2386 Ego
3944 2300 4206 2386 perdidi

2241 2385 2622 2451 haereticos.
2725 2388 2948 2469 Atque
3000 2386 3126 2453 hac
3188 2406 3343 2454 voce
3386 2388 3630 2454 multos
3673 2388 4043 2472 Tigurinos,
4087 2389 4206 2470 qui

2240 2471 2533 2537 faverint
2582 2471 2767 2538 Gallo
2782 2524 2798 2550 ,
2845 2472 3043 2555 plane
3087 2472 3416 2539 defecisse.
3506 2471 3585 2539 Si
3637 2472 3799 2539 haec
3843 2495 4004 2539 vera
4043 2480 4205 2539 sunt

2241 2578 2363 2639 ego
2406 2566 2584 2624 certe
2628 2557 2937 2634 admiror,
2983 2559 3286 2641 quamvis
3330 2559 3510 2626 Galli
3543 2559 3850 2641 impietas
3893 2581 3933 2625 a
3976 2558 4205 2625 multis

2241 2644 2375 2707 iam
2418 2643 2609 2709 annis
2650 2644 2852 2709 fuerit
2894 2643 3060 2709 mihi
3104 2652 3172 2709 et
3214 2645 3519 2711 omnibus
3562 2645 3920 2711 notissima.
4009 2643 4202 2723 Vale,

2241 2737 2310 2794 et
2363 2728 2709 2794 Christum
2764 2750 2885 2812 pro
2940 2751 3049 2795 me
3105 2739 3320 2797 orato:
3387 2732 3705 2797 mutuiter
3771 2732 4006 2796 fratres
4056 2731 4205 2814 pios

2241 2813 2464 2880 valere
2508 2815 2697 2899 cupio
2740 2816 2812 2880 in
2857 2816 3162 2881 Domino.
3252 2816 3556 2883 Basileae
3608 2818 3853 2901 raptim
3898 2819 4001 2882 29.
4046 2815 4203 2882 16111

2243 2921 2416 2966 6666
2469 2905 2651 2966 1545.

3382 2977 3391 2989 “
3456 3003 3809 3091 Myconius
3852 3013 4026 3070 tuus.

3156 3618 3298 3689 671.

2712 3773 3205 3841 BALDUINU
3209 3772 3260 3839 S
3305 3772 3744 3839 CALVINO.

2422 3945 2596 4013 Fere
2626 3947 2900 4012 eiusdem
2943 3947 3297 4030 aryumenti
3339 3965 3413 4010 ac
3446 3948 3638 4028 prior
3694 3946 3956 4026 epistola
4008 3949 4203 4028 paulo

2247 4038 2392 4098 ante
2432 4034 2667 4097 missa:
2710 4032 2826 4097 hac
2869 4034 3143 4097 amicum
3200 4031 3514 4113 quendam
3564 4031 3879 4097 Genevam
3909 4035 4205 4115 precisi-s-

2248 4124 2477 4185 centem
2519 4118 2914 4197 commendat,
2956 4119 3093 4197 ipse
3134 4137 3278 4182 ἠοω
3319 4123 3716 4198 sequntur-us,

2250 4311 2391 4318 --ω
2421 4309 2660 4317 —--...—.--

2277 4426 2426 4480 6⁸70.
2459 4424 2518 4493 1)
2558 4424 2983 4490 Christophorus
3016 4438 3204 4488 comes,
3238 4430 3350 4478 non
3386 4423 3658 4491 θεωρίων
3691 4429 3752 4477 nt
3775 4423 4036 4478 Simlerus
4071 4424 4201 4491 vult,

2249 4496 2378 4548 inde
2425 4496 2494 4548 ab
2549 4508 2698 4546 anno
2748 4490 2885 4544 1542
2935 4492 3372 4558 Monbelyardici
3425 4494 3710 4545 comitante
3769 4493 4202 4560 administrator,

2250 4563 2665 4631 Anyelandrum
2711 4568 2760 4613 et
2796 4561 3075 4614 Blossium
3129 4563 3398 4630 theoloyos
3436 4561 3800 4628 Lutkeranos,
3846 4577 3880 4613 α
3921 4561 4202 4626 Schnepfi'o

2250 4634 2355 4686 sebi
2390 4632 2789 4684 commendatos
2822 4632 3192 4692 arcessiverat,
3240 4636 3292 4682 et
3319 4646 3421 4697 per
3456 4646 3545 4683 eos
3581 4632 3723 4682 ritus
3758 4637 3807 4681 et
3852 4630 3988 4695 leyen
4022 4630 4202 4685 eccles.

2245 4707 2414 4768 prout
2463 4702 2525 4752 in
2570 4700 2772 4752 ducatu
2821 4697 3253 4763 Wirtemberffieo
3299 4700 3555 4751 valebant
3599 4701 3759 4752 etiam
3804 4697 3917 4751 illic
3959 4699 4202 4763 promul-

2246 4770 2466 4836 yandas
2512 4770 2745 4822 curavit.
2836 4765 2993 4834 Quod
3035 4776 3156 4832 post
3199 4768 3393 4818 varias
3438 4769 3690 4836 ambagyes
3736 4766 4034 4818 Tossanum
4078 4783 4199 4835 per-

2249 4841 2416 4891 movit
2449 4844 2511 4891 nt
2551 4837 2967 4901 Monbelqardia
3002 4836 3189 4887 relicta
3224 4835 3502 4888 Basileam
3557 4852 3614 4887 se
3648 4835 3928 4901 conferret,
3977 4850 4041 4887 ea*
4088 4852 4200 4904 qua

2250 4909 2383 4959 urbe
2429 4906 2483 4958 d.
2529 4905 2611 4958 19.
2652 4908 2786 4973 Apr.
2835 4905 2911 4957 ad
2948 4905 3257 4971 Jm'ncipom
3304 4906 3525 4971 scripsit.
3569 4906 3878 4957 missionem
3926 4905 4202 4970 amiran-⁸².

2257 4976 2368 5029 Sub
2432 4975 2592 5038 finem
2656 4977 2799 5026 anni
2847 4974 3226 5026 conciliatione
3279 4973 3432 5036 facta
3497 4972 3966 5038 Monbelyardv'am
4021 4973 4201 5029 rediit.

2254 5045 2460 5112 (Heyd,
2491 5044 2598 5094 He.
2631 5041 2818 5096 mrich.
2844 5041 2969 5094 III.
3001 5042 3116 5093 152.
3171 5039 3514 5107 Goyuel‚re'f.
3537 5043 3602 5093 de
3625 5040 4000 5093 Rsontbe'liard
4013 5060 4066 5107 p.
4083 5041 4199 5106 44).

2457 5110 2516 5173 2)
2557 5113 2638 5164 Io.
2679 5112 3039 5177 Hoffmeister,
3093 5112 3320 5175 Azaeyust.
3365 5108 3528 5163 Colm.
3563 5112 3737 5177 prior,
3782 5113 4201 5176 protestantium

2251 5182 2455 5234 ardens
2489 5179 2861 5243 adversarius,
2907 5180 3004 5248 qui
3045 5180 3279 5231 maxime
3313 5180 3376 5230 in
3409 5180 3641 5232 comitiis
3675 5180 3909 5245 imperii,
3959 5178 4200 5231 Worma·

2250 5252 2360 5305 tine
2405 5255 2456 5303 et
2490 5247 2841 5313 Ratisbonoe,
2889 5246 3370 5301 concionabnndns
3404 5248 3509 5299 aeli
3542 5250 3632 5299 sm·
3667 5247 3984 5301 documenta
4015 5247 4200 5301 edebat

2250 5326 2301 5371 et
2334 5335 2384 5372 a.
2427 5315 2558 5370 1546
2594 5335 2654 5369 m
2689 5319 2792 5371 hac
2825 5317 3117 5384 posteriori
3148 5317 3279 5368 urbe
3314 5316 3578 5385 colloquio
3612 5317 3876 5382 interfuit.
