4825 6175
215 454 321 515 205

1095 634 1248 705 722.

683 787 1156 857 OALVINUS
1200 788 1668 858 FARELLO.

365 958 672 1044 Colleyam
715 961 855 1025 eius
895 979 1019 1025 non
1059 962 1193 1027 nisi
1235 967 1570 1029 correctum
1614 963 1947 1030 decessisse
1983 984 2144 1048 yan-

199 1050 306 1116 det.
383 1044 607 1111 Etiam
661 1046 817 1112 alibi
873 1046 1164 1113 nonnulli
1218 1047 1509 1129 defuncti.
1598 1048 1702 1115 De
1742 1048 1921 1115 bonis
1960 1050 2141 1116 eccle-

198 1132 464 1201 siasticis
502 1151 695 1213 usque
731 1133 983 1214 frustra
1026 1133 1425 1216 disceptatur.
1500 1133 1897 1200 Ganchemns
1938 1135 2143 1202 adhuc

196 1223 259 1286 in
295 1217 661 1286 discrimine
701 1222 1009 1283 versatur.
1102 1217 1498 1301 conspiratio
1550 1225 1958 1304 tyrannorum
2015 1242 2141 1286 me-

197 1306 412 1372 tuenda
455 1305 527 1368 in
565 1303 709 1384 pios
750 1304 1114 1370 coeuntium.

196 1477 457 1546 (Antogra
496 1475 604 1530 hon
640 1483 822 1530 exstat
856 1475 915 1530 in
950 1475 1083 1531 ood.
1119 1475 1324 1532 emm.
1350 1475 1467 1543 106,
1503 1476 1734 1531 501143.
1784 1452 1974 1532 Edidit
1996 1479 2143 1532 Bm

195 1545 315 1600 Gen.
359 1561 414 1613 p.
499 1543 560 1613 63
627 1545 787 1599 Laus.
837 1562 891 1615 p.
945 1543 1362 1684 &gt-{augg}
1395 1564 1448 1616 p.
1496 1544 1628 1616 1543
1696 1545 1906 1601 Chouet
1954 1564 2004 1617 p.
2055 1545 2139 1616 73,

188 1785 444 1851 Eximio
483 1784 754 1850 Domini
801 1785 1016 1850 nostri
1050 1784 1203 1851 Iesu
1245 1784 1495 1852 Christi
1531 1808 1723 1852 servo
1759 1785 2140 1853 Guillielmo

344 1869 613 1936 Farello
648 1871 1111 1937 Neocomensis
1147 1871 1454 1938 ecclcsiae
1492 1873 1621 1938 fido
1666 1872 1916 1957 pastori
1948 1871 2140 1937 fratri

348 1964 419 2022 et
465 1970 873 2041 symmystae
916 1958 1270 2023 carissimo.

345 2074 415 2143 S.
468 2075 653 2159 Ergo
696 2077 815 2141 tibi
860 2077 1040 2141 utilis
1063 2087 1364 2160 coeperat
1389 2097 1530 2143 esse
1548 2077 1882 2162 collega,¹)
1906 2085 1985 2143 ut
2006 2087 2134 2142 sta·

186 2162 295 2227 tim
339 2162 463 2229 abs
508 2172 576 2226 te
621 2159 999 2227 discederet.
1088 2161 1226 2228 Sed
1280 2162 1442 2228 haec
1492 2164 1731 2249 ingens
1784 2185 1946 2247 erga
1986 2184 2137 2228 eum

185 2248 452 2313 Domini
514 2246 964 2314 misericordia
1031 2256 1099 2313 et
1162 2248 1555 2315 beneficium
1619 2249 1816 2314 etiam
1882 2249 1956 2314 in
2020 2270 2138 2316 vos

185 2354 309 2399 non
353 2354 673 2418 parvum,
730 2333 902 2417 quod
955 2355 1106 2400 eum
1153 2335 1310 2401 hinc
1353 2333 1436 2399 ad
1482 2356 1553 2400 se
1597 2336 1883 2418 recipere
1927 2335 2140 2400 noluit

973 2419 1236 2486 revidet
1292 2442 1378 2486 ne
1423 2418 1596 2504 quod
1638 2422 1822 2487 vobis
1879 2422 2136 2504 praeiu-

921 2442 1038 2572 ξοδ
1090 2507 1360 2571 afferret
1415 2508 1558 2572 eius
1600 2506 1968 2573 obstinatia
2058 2505 2135 2572 Si

182 2421 297 2486 nisi
342 2428 745 2486 correctum:
808 2435 875 2485 et

181 2504 413 2572 dicium
474 2504 652 2589 apud
705 2506 921 2587 impro

187 2591 506 2657 Tossanus
574 2592 911 2669 succedet,
964 2593 1301 2675 aliquanto
1357 2592 1509 2676 plus
1564 2594 1681 2659 tibi
1740 2594 1867 2658 erit
1919 2593 2002 2659 ab
2059 2614 2135 2658 eo

180 2676 555 2743 levamenti.
624 2676 1025 2744 Marcurtius
1068 2678 1357 2762 paralysi
1396 2690 1735 2763 correptus
1780 2678 2131 2745 decumbit.

181 2761 498 2829 Antonius
541 2763 1010 2829 Armentiacus
1026 2766 1085 2847 ²)
1143 2765 1331 2829 nobis
1384 2764 1643 2831 ablatus
1687 2774 1814 2846 est,
1875 2785 2134 2831 summo

183 2845 494 2914 bonorum
539 2850 833 2914 omnium
878 2849 1117 2915 dolore.
1178 2848 1462 2915 Ioannes
1504 2872 1759 2934 quoque
2048 2852 2060 2864 '

180 2933 442 3000 Biturix
502 2956 594 3001 ex
650 2935 878 3001 eadem
936 2937 1161 3002 classe.
1250 2935 1562 3002 Intellexi
1618 2958 1703 3002 ex
1747 2936 1868 3002 hoc
1932 2938 2136 3002 fratre

179 3039 289 3085 vos
330 3021 604 3106 litigare
661 3019 876 3086 adhuc
927 3043 1083 3087 cum
1122 3021 1477 3107 sacrilegis.
1566 3022 1697 3089 Hic
1742 3032 2134 3089 scortatores

178 3113 242 3171 et
301 3107 512 3173 huius
573 3116 769 3173 notae
825 3107 1128 3174 homines
1192 3129 1314 3173 nos
1379 3119 1704 3176 exercent.
1801 3106 2135 3174 Eudamus

176 3198 393 3259 autem
438 3214 580 3260 non
633 3212 879 3277 magno
935 3195 1250 3278 profectu.
1337 3195 1444 3261 De
1486 3196 1677 3261 bonis
1715 3194 2022 3261 ecclesiae
2063 3195 2136 3260 in

176 3300 407 3345 verum
451 3301 656 3347 usum
697 3279 807 3346 hic
850 3279 1291 3357 restituendis,
1335 3300 1457 3364 ego
1503 3279 1794 3364 desper0.
1886 3280 2135 3347 Conce-

179 3362 336 3430 dunt
403 3365 680 3449 quidem
745 3367 906 3432 satis
969 3365 1358 3432 liberaliter:
1428 3364 1542 3432 sed
1606 3367 1774 3432 nihil
1832 3368 2132 3432 efficitur.

175 3447 314 3516 Iam
356 3452 631 3536 saepius
670 3452 914 3518 frustra
955 3472 1231 3537 magnos
1274 3452 1531 3519 labores
1573 3451 1866 3518 exhausi.
1933 3453 2131 3519 Dico:

179 3533 521 3605 denunciO.
578 3538 726 3605 Hoc
762 3547 1024 3604 tantum
1060 3558 1441 3621 consequor,
1485 3560 1570 3604 ne
1604 3537 1832 3604 videar
1874 3538 2137 3604 silentio

179 3623 564 3705 approbare.
652 3624 759 3690 De
823 3623 1027 3690 fratre
1096 3623 1453 3691 Gaucherio
1474 3626 1529 3702 ⁸)
1608 3625 2136 3708 exspectabimus

175 3706 300 3773 Dei
336 3710 778 3775 voluntatem.
822 3710 1112 3795 Egeram
1149 3719 1261 3776 tuo
1294 3710 1563 3776 nomine
1596 3711 1845 3795 gratias
1865 3709 2134 3788 Bucero‚

175 3802 239 3858 et
285 3796 540 3862 iterum
595 3795 1116 3874 stimulaveram‚
1173 3808 1251 3861 ut
1304 3797 1611 3863 iusseras.
1698 3796 1845 3863 Hoc
1889 3797 2136 3879 praeci·

177 3898 372 3962 puum
417 3892 545 3959 est,
588 3879 760 3964 quod
801 3882 942 3946 vita
983 3886 1125 3948 eius
1167 3889 1271 3948 est
1309 3883 1383 3947 in
1425 3904 1628 3949 manu
1669 3882 1968 3948 Domini:
2016 3903 2137 3948 nec

177 3969 471 4049 exposita
516 3968 644 4034 erit
683 3966 942 4034 libidini
985 3968 1355 4052 impiorum,
1401 3967 1604 4036 donec
1645 3967 1755 4033 ille
1800 3968 1991 4034 volet.
2060 3965 2134 4034 Si

177 4070 369 4119 verus
433 4063 544 4119 est
610 4074 835 4119 rumor
897 4053 1011 4119 ille
1077 4054 1158 4120 de
1222 4055 1413 4120 novis
1479 4054 1800 4137 Delphini
1865 4054 2134 4137 nuptiis,

176 4135 345 4204 idem
410 4140 610 4206 nobis
673 4140 864 4207 brevi
924 4140 1244 4206 imminet.
1333 4140 1564 4225 Neque
1620 4141 1796 4205 enim
1853 4140 2137 4205 multum

178 4222 607 4292 relaxationis
681 4224 792 4292 hic
857 4225 1040 4292 uobis
1103 4224 1394 4304 dabitur,
1462 4227 1520 4291 si
1584 4225 1786 4292 semel
1850 4225 2138 4292 nefanda

179 4311 576 4395 conspiratio
630 4311 905 4378 duorum
962 4320 1398 4397 tyrannorum
1415 4310 1472 4398 ⁴)
1528 4312 1773 4379 coierit.
1861 4312 2011 4396 Ego
2056 4311 2136 4377 de

178 4395 312 4461 vita
363 4419 523 4463 mea
579 4419 710 4464 non
762 4419 910 4463 sum
965 4398 1316 4464 sollicitus:
1375 4397 1571 4463 modo
1626 4396 1934 4463 ecclesiae
1979 4418 2136 4463 suae

178 4476 510 4550 Dominus
590 4483 964 4568 prospiciat.
1051 4484 1159 4549 De
1221 4484 1697 4552 Brunsvicensi
1777 4483 2134 4563 audieram,

179 4566 287 4632 sed
362 4569 624 4635 iamdiu
700 4569 872 4635 nihil
950 4590 1033 4634 ex
1098 4569 1461 4636 Germania
1526 4569 1868 4635 literarum
1932 4569 2133 4635 venit.

179 4648 340 4720 Vale
359 4706 376 4735 ,
435 4657 650 4721 frater
704 4655 1129 4739 integerrime
1180 4664 1249 4720 et
1287 4656 1456 4721 mihi
1507 4654 1927 4732 amicissime,
1986 4675 2134 4721 cum

180 4745 311 4805 tota
353 4749 476 4807 tua
519 4741 787 4819 familia,
833 4763 1028 4824 quam
1070 4762 1217 4807 meo
1260 4742 1524 4807 nomine
1567 4740 1918 4825 diligenter
1959 4741 2136 4806 salu-

182 4823 357 4892 tabis.
416 4828 754 4893 Dominus
798 4847 914 4893 vos
955 4826 1105 4892 istic
1139 4836 1362 4893 servet
1396 4848 1472 4895 ac
1505 4837 1696 4912 regat
1729 4827 1961 4910 spiritu
1999 4847 2136 4893 suo.

201 5096 443 5235 '⁷²²‘ss
483 5099 858 5223 &m
903 5184 1040 5237 amo
1089 5168 1402 5225 Sabaudico
1449 5167 1556 5234 (N.
1591 5165 1736 5234 234).
1817 5168 1908 5223 De
1952 5169 2053 5225 hoc
2085 5175 2139 5224 et

184 5242 400 5293 metm
429 5236 565 5292 vide
595 5243 756 5292 etiam
1092 5279 1105 5293 .

379 5305 440 5373 3)
483 5304 636 5362 Edd.
671 5307 840 5361 mole.-
874 5306 1188 5377 Gansperio,
1222 5322 1271 5362 ν.
1311 5307 1385 5362 Ν.
1422 5305 1541 5375 720,
1575 5312 1688 5362 not·
1724 5306 1777 5360 4.

375 5374 441 5442 4)
477 5374 714 5430 duorum
748 5382 1101 5444 tyrannorum
1136 5391 1238 5432 om.
1276 5376 1398 5430 edd.

1679 456 1840 517 1545
1884 449 2716 520 Gomon-Novam.

4074 419 4345 523 2⁰6.

2246 637 2564 707 salutant
2607 641 2688 707 de
2731 660 2959 707 omnes
3013 640 3241 719 amici,
3300 638 3541 722 Gopus,
3600 639 3787 720 Abel,
3847 638 4198 725 Gallam,

2249 726 2559 793 Nicotaus
2602 748 2751 795 cum
2797 724 2991 792 domo
3036 747 3190 804 sua,
3235 747 3409 792 uxor
3449 746 3612 792 mea.
3701 726 4051 794 Fratribus
4093 750 4199 795 sa-

2243 812 2454 877 lutem
2498 813 2872 897 plurimam.
2920 811 3255 891 Gonane,
3303 816 3359 877 6.
3401 810 3628 877 Nonas
3662 809 3958 893 Octob.⁶)
4016 820 4194 881 1545.

3170 930 3452 997 Ioannes
3497 930 3816 996 Calvinus
3858 935 4033 997 tuus.

3149 1390 3302 1463 723.

2774 1543 3247 1613 CALVINUS
3290 1543 3665 1612 VIRETO.

2419 1716 2731 1783 Simonm
2764 1716 3143 1783 commendat
3177 1716 3392 1797 denuo,
3427 1718 3531 1782 cni
3562 1737 3792 1783 munus
3827 1719 4193 1785 ecclesiasti-

2239 1823 2382 1871 cum
2421 1804 2724 1869 credatur.
2791 1803 3126 1869 Variorum
3167 1807 3464 1868 recentem
3499 1802 3729 1867 obitum
3759 1805 4005 1886 partim
4037 1805 4198 1873 dolet

2228 1891 2476 1973 partim
2519 1888 2885 1970 simpliciter
2924 1892 3369 1955 commemorat.
3476 1888 3647 1955 Uxor
3688 1890 4005 1957 decumbit.

2241 2061 2353 2126 (Ex
2388 2068 2616 2130 autogra
2653 2060 2725 2113 ho
2761 2059 2890 2120 Cod.
2929 2059 3132 2114 Genev.
3153 2057 3270 2125 106,
3305 2058 3395 2113 fol.
3420 2056 3537 2122 142,
3573 2061 3694 2113 coll.
3730 2077 3773 2113 c.
3813 2078 3934 2115 cxx.
3995 2061 4195 2116 lenvil-

2240 2129 2362 2183 laei·
2382 2128 2562 2184 Cod.1
2637 2172 2652 2196 ‚
2686 2129 2778 2183 fol.
2817 2128 2911 2189 81;
2948 2129 3225 2182 Turretini
3262 2128 3388 2183 Cod.
3416 2126 3535 2193 111,
3571 2127 3800 2194 f01.127‚
3837 2136 3894 2182 et
3929 2130 4194 2186 Beruensi

2428 2198 2569 2267 Epp.
2612 2197 2738 2253 vn.
2772 2215 2824 2267 p.
2863 2196 2980 2251 730.
3052 2197 3312 2252 Simlerus
3347 2198 3694 2266 praeteriisse
3730 2198 3990 2263 videtur.)

2240 2383 2509 2469 Optimo
2575 2392 2642 2450 et
2707 2385 3078 2451 doctissimo
3145 2385 3285 2450 viro
3344 2384 3545 2450 Petro
3600 2385 3829 2451 Vireto
3890 2387 4194 2453 Lausan-

2324 2473 2545 2538 nensis
2590 2471 2902 2537 ecclesiae
2944 2471 3194 2555 pastori
3239 2471 3426 2536 fratri
3473 2482 3540 2536 et
3584 2474 3791 2538 amico
3834 2473 4191 2539 carissimo.

2410 2625 2481 2691 S.
2572 2624 2857 2707 Quando
2909 2623 3320 2689 Barbarinns
3392 2623 3613 2693 Orbae
3678 2634 3807 2702 est,
3825 2632 3871 2701 ¹)
3938 2627 4192 2693 videbis

2239 2733 2397 2776 num
2462 2711 2597 2776 illic
2656 2710 2899 2776 Simoni
2918 2713 2976 2787 2)
3042 2710 3224 2776 locus
3288 2731 3428 2776 esse
3494 2711 3716 2794 possit.
3803 2711 3974 2777 Nam
4038 2715 4194 2796 quia

2244 2796 2608 2879 Campanus
2642 2818 2823 2880 spem
2860 2795 2956 2861 illi
2991 2796 3158 2861 forte
3192 2797 3522 2875 iniecerat,
3567 2797 3731 2862 mihi
3765 2816 3903 2861 non
3937 2796 4194 2865 desinet

2240 2883 2554 2948 molestus
2589 2904 2731 2949 esse
2768 2882 2973 2948 donec
3008 2881 3254 2965 aliquid
3288 2882 3491 2947 fuerit
3524 2883 3900 2965 perfectum.
3960 2882 4190 2964 Quan-

2239 2990 2438 3053 quam
2480 2989 2613 3033 non
2657 2977 2734 3034 ut
2775 2967 3019 3051 aliquid
3061 2969 3179 3032 fiat
3220 2968 3509 3067 postulo,
3554 2991 3787 3069 verum
3832 2978 3908 3068 ut
3950 2969 4193 3036 delibe-

2238 3075 2346 3207 {2⁸
2368 3053 3248 3224 ttmbssssfifflffiss·pssffi
3250 3053 3596 3206 ”12253'32‘315
3628 3053 4191 3225 &thuim

2239 3227 2534 3293 tissimis.
2580 3226 2833 3309 Scripsi
2854 3227 3024 3309 quod
3063 3226 3425 3292 sentiebam
3466 3225 3547 3292 de
3583 3226 3868 3294 hominis
3884 3228 4189 3312 ingenie,

2240 3312 2539 3380 doctrina
2582 3324 2648 3378 et
2693 3311 3101 3378 dexteritate.
3192 3310 3345 3378 Una
3387 3320 3489 3377 est
3532 3320 3689 3378 nota
3728 3312 3845 3378 illa
3884 3334 4052 3396 quae
4093 3314 4193 3380 illi

2239 3397 2467 3465 obesse
2510 3405 2744 3482 potest.
2789 3399 3045 3463 Verum
3079 3398 3233 3481 quia
3274 3395 3637 3465 indicatum
3679 3419 3765 3463 ex
3807 3400 4190 3484 suspicioni·

2238 3485 2360 3551 bus
2413 3482 2741 3550 duntaxat
2755 3535 2771 3562 ,
2828 3492 2903 3549 tu
2944 3481 3243 3568 expende
3298 3504 3460 3548 num
3504 3483 3670 3548 utile
3712 3484 3802 3550 sit
3843 3504 3996 3549 eum
4039 3506 4189 3568 pro-

2237 3571 2510 3636 moveri.
2569 3568 2821 3636 Saltem
2856 3569 3020 3635 mihi
3057 3569 3354 3654 significa
3387 3568 3544 3652 quid
3578 3568 4029 3652 respondeam.
4085 3569 4194 3638 De

2238 3665 2450 3722 morte
2498 3654 2851 3737 Gapuneuli
2893 3653 3152 3733 audisti,
3198 3655 3443 3738 opinor.
3507 3654 3908 3722 Marem-tius
3949 3675 4035 3722 ex
4077 3677 4193 3738 pa·-

2237 3742 2447 3827 ralysi
2490 3741 2836 3808 decumbit.
2853 3743 2913 3826 ⁸)
2979 3741 3144 3807 Plus
3180 3740 3517 3824 aliquanto
3552 3739 3777 3807 damni
3819 3742 4189 3825 accepimus

2237 3828 2311 3892 in
2352 3828 2630 3894 Antonio
2672 3827 3098 3893 Armentiaco
3140 3834 3211 3893 et
3256 3826 3558 3893 Camerio.
3579 3827 3639 3911 ⁴)
3728 3824 3865 3894 Sed
3907 3847 4194 3911 aequum

2237 3921 2341 3980 est
2382 3936 2504 3980 nos
2559 3914 2727 3978 mori
2767 3914 3091 3992 Domino,
3152 3913 3269 3996 qui
3324 3933 3443 3995 pro
3499 3912 3687 3980 nobis
3740 3922 4039 3979 mortuus
4093 3920 4197 3978 est

2236 4000 2435 4084 prior.
2478 3998 2772 4067 Uxorem
2813 4019 3031 4064 meam
3075 4005 3281 4064 vexat
3322 3997 3523 4064 febris
3607 3998 3960 4065 uotidiana.
4028 3999 4191 4065 Tex-

2234 4090 2333 4151 tor
2374 4086 2562 4152 abest
2592 4086 2726 4150 iam
2767 4085 2904 4150 fere
2947 4085 3475 4167 sesquimensem.
3605 4093 3866 4150 eutrum
3910 4106 3993 4150 ex
4036 4085 4191 4149 reli-

2235 4172 2384 4256 quis
2441 4170 2647 4237 audeo
2705 4190 3048 4236 accessere.
3139 4168 3358 4236 Pudet
3410 4170 3606 4235 enim.
3694 4170 3788 4235 Et
3828 4191 4061 4236 vereor
4103 4190 4190 4238 ne

2237 4258 2374 4324 sint
2416 4256 2754 4322 tardiores.
2818 4256 2903 4320 In
2946 4255 3196 4340 collega
3239 4255 3586 4340 deligendo
3631 4264 3695 4321 te
3737 4263 3953 4321 totum
3997 4276 4190 4322 oecu-

2236 4352 2469 4426 patum
2510 4364 2652 4408 esse
2697 4342 2994 4408 arbitror.
3041 4341 3373 4407 Dominus
3414 4339 3538 4406 tibi
3581 4349 3808 4424 aptum
3854 4340 4189 4425 adiungat.

2445 4616 2507 4682 5)
2544 4615 2692 4670 Edd.
2739 4614 2955 4685 elucidem
3001 4615 3198 4670 habam
3243 4615 3292 4668 6.
3331 4614 3533 4670 Nonas
3572 4613 3784 4669 Octobr.
3851 4613 4041 4668 Verum
4077 4614 4192 4668 nisi

2238 4686 2326 4740 hic
2378 4686 2560 4739 Besae
2603 4687 2775 4751 fuerit
2823 4700 2981 4739 error
3037 4681 3324 4739 Oazvimm
3382 4685 3645 4739 memoria
3704 4683 3919 4751 lapsum
3979 4682 4190 4737 dtkceris

2239 4761 2463 4823 oportet.
2512 4752 2864 4821 Gapunculus
2899 4753 3041 4808 enim
3074 4769 3189 4808 non
3223 4758 3352 4807 ante
3384 4768 3617 4807 mensem
3657 4750 3935 4806 Octobrem
3969 4766 4188 4820 veo-qen·

2236 4830 2339 4879 tem
2373 4828 2623 4878 mortuns
2656 4827 2750 4876 est.
2803 4822 2877 4877 In
2909 4823 3129 4877 nomine
3170 4825 3373 4876 mmsis
3414 4836 3543 4890 erqo
3589 4820 3799 4874 erravit
3826 4826 3880 4874 et
4023 4837 4076 4874 m
4110 4835 4189 4875 se-

2238 4891 2454 4947 cundus
2486 4891 2605 4945 dies
2636 4897 2887 4960 wermo-
2919 4892 3083 4946 sionna
3114 4891 3316 4958 falsum
3345 4888 3479 4955 fecit
3509 4894 3830 4959 computum.
3958 4890 3969 4902 ”
4055 4905 4111 4944 α.
4135 4889 4188 4944 d.

2238 4961 2290 5015 6.
2331 4960 2532 5016 Nonas
2567 4959 2710 5014 Noc.
2743 4960 2932 5014 anuas
2963 4966 3070 5013 est.-
3101 4960 3335 5016 εονῶονο
3364 4958 3589 5015 debebat
3621 4974 3672 5012 a.
3708 4957 3761 5011 d.
3795 4956 3846 5012 4.

2259 5028 2403 5085 728.
2441 5030 2499 5095 1)
2550 5029 2614 5083 in
2660 5030 2856 5083 itinere
2908 5029 3096 5098 aliquo
3148 5028 3282 5095 sca„
3329 5044 3444 5083 non
3493 5041 3807 5082 mammis.
3893 5024 4047 5081 Certe
4094 5040 4187 5094 ap.

2241 5099 2804 5234 Ηωοῄὲἷωνῃωξῖξο
2838 5099 3103 5220 eiusanon
3131 5099 3197 5164 tit
3229 5104 3293 5151 nt
3322 5097 3582 5151 ministri

2608 5206 2621 5219 .
2762 5208 2778 5235 ‚
2809 5172 2924 5222 not.
2999 5203 3012 5217 .

2445 5236 2506 5300 3)
2543 5237 2853 5302 nuperrime
2902 5241 2964 5290 nt
3013 5233 3229 5317 videtur
3290 5232 3637 5357 ame-’om
3685 5246 3909 5300 mm,
3953 5245 4087 5286 m
4132 5229 4185 5284 d.

2243 5305 2321 5359 16.
2364 5303 3127 5439 Οοὲβῆαῧσὲθεηουοπω
3159 5317 3279 5356 eum
3529 5307 3826 5369 acopos-at.
