4825 6175
618 401 744 467 135

615 583 759 651 dixi
800 582 1104 667 ingenue.
1191 581 1445 648 Passus
1487 602 1637 647 sum
1681 589 1751 646 te
1792 581 1865 645 in
1908 579 2042 646 tuis
2086 579 2173 646 ad
2213 601 2323 645 me
2364 579 2576 645 literis

614 669 998 736 meminisse
1040 667 1385 733 literarum
1427 688 1592 751 quas
1626 666 1711 732 ad
1735 666 2092 732 Sultaerum
2125 687 2378 750 quoque
2413 665 2576 731 scri·

616 756 827 834 beres,
872 753 989 821 sed
1031 762 1147 818 aut
1202 754 1464 820 relictas
1520 753 1721 818 fuisse
1763 751 2081 818 Genevae
2137 772 2259 835 per
2310 750 2577 817 oblivio-

617 862 794 919 nem,
838 847 958 905 aut
998 840 1397 905 Lausannae
1451 838 1627 903 domi
1680 859 1884 903 meae.
1972 836 2171 918 Quod
2215 837 2272 903 si
2312 857 2432 920 per
2472 837 2576 900 in·

615 926 871 993 curiam
914 925 1091 990 domi
1134 944 1319 990 meae
1374 924 1641 990 relictae
1683 929 1934 1002 essent,
2001 945 2155 989 mox
2195 924 2574 989 missurum.

616 1012 717 1080 Ut
758 1021 982 1077 autem
1022 1010 1471 1095 intelligerent
1512 1007 1671 1094 quid
1725 1017 1801 1074 tu
1844 1019 2100 1093 peteres
2144 1009 2410 1074 nomine
2449 1009 2578 1072 fra-

615 1107 825 1176 trum,
889 1096 1165 1179 exposui
1217 1118 1301 1161 ex
1352 1097 1438 1161 iis
1493 1116 1662 1179 quae
1717 1094 1801 1160 ad
1854 1117 1962 1160 me
2020 1095 2349 1162 scribebas
2402 1091 2574 1177 quod

616 1182 781 1248 satis
823 1203 967 1248 esse
1010 1183 1269 1265 putavi,
1323 1191 1389 1246 et
1433 1181 1772 1264 exemplar
1825 1181 2169 1246 literarum
2226 1179 2312 1244 ad
2364 1179 2577 1262 Myco-

615 1270 798 1336 nium
839 1267 1350 1346 communicavi,
1409 1267 1582 1350 quod
1638 1266 1790 1332 illae
1843 1267 2071 1332 literae
2126 1266 2346 1331 minus
2389 1264 2575 1330 vide-

615 1365 852 1420 rentur
893 1352 1258 1420 invidiosae
1300 1374 1446 1418 esse
1488 1354 1557 1417 in
1604 1352 1742 1417 loeo
1796 1365 1864 1416 et
1921 1352 2305 1419 brevissime
2349 1371 2575 1416 rerum

616 1459 948 1508 summam
990 1438 1454 1522 perstringere.
1541 1438 1728 1503 Haec
1770 1438 1925 1503 huic
1960 1437 2322 1502 narrationi
2363 1436 2574 1500 inter-

617 1526 815 1603 serui,
852 1534 928 1589 ut
957 1523 1308 1607 dispiceres
1342 1544 1505 1588 num
1528 1545 1685 1589 casu
1720 1523 1939 1607 aliquo
1961 1523 2189 1588 literae
2223 1520 2306 1587 ad
2334 1521 2573 1587 Suttue-

613 1632 761 1676 mm
804 1609 980 1694 apud
1026 1617 1090 1674 te
1132 1609 1397 1676 relictae
1440 1609 1575 1674 sint
1590 1660 1608 1688 ,
1664 1618 1779 1674 aut
1837 1630 1922 1674 an
1981 1608 2223 1673 oblitus
2279 1608 2371 1673 sis
2412 1608 2571 1673 scri-

615 1695 789 1762 bere.
880 1695 1077 1776 Quod
1120 1696 1179 1760 si
1223 1694 1305 1760 ad
1346 1715 1455 1760 me
1498 1696 1738 1760 missae
1782 1704 1956 1774 sunt,
1999 1696 2204 1758 miror
2244 1714 2371 1776 quo
2413 1713 2572 1757 casu

612 1780 1100 1848 interciderint:
1166 1801 1324 1852 nam
1392 1780 1684 1845 nondum
1749 1781 2054 1845 invenire
2116 1780 2316 1862 potui.
2418 1778 2571 1843 Non

611 1867 860 1967 protuli
905 1876 1129 1932 tamen
1174 1875 1367 1933 extra
1417 1864 1682 1932 domum
1698 1917 1714 1944 ,
1773 1885 1895 1930 nee
1935 1874 2095 1949 puto
2137 1864 2303 1929 mihi
2347 1864 2420 1929 in
2464 1865 2573 1930 via
2626 1905 2638 1922 .

609 1954 904 2039 periisse.

786 2037 924 2104 Sed
967 2037 1162 2103 redeo
1207 2036 1292 2103 ad
1327 2044 1573 2102 statum
1616 2057 1872 2116 causae,
1917 2036 2042 2103 hoc
2086 2043 2205 2114 est,
2251 2036 2335 2101 ad
2379 2057 2571 2102 sena-

611 2133 722 2191 tus
764 2124 1157 2191 consultum.
1249 2122 1498 2188 Consul
1540 2122 1898 2206 respondit,
1944 2131 2248 2188 senatum
2290 2121 2571 2205 diligen-

610 2211 744 2276 tius
796 2210 1264 2293 inquisiturum
1281 2258 1299 2286 ,
1369 2217 1715 2292 propterea
1773 2207 1948 2292 quod
2011 2208 2123 2274 alii
2180 2214 2569 2286 assererent,

608 2297 849 2362 fratres
892 2295 1043 2360 illos
1099 2294 1375 2359 afflictos
1429 2295 1630 2359 fuisse
1686 2295 1768 2360 ob
1824 2315 1903 2359 ea
1955 2294 2233 2360 crimina
2281 2313 2449 2376 quae
2492 2302 2569 2357 tu

611 2380 929 2447 audivisti
972 2381 1069 2445 eis
1113 2378 1406 2458 intendi,
1451 2378 1563 2443 alii
1606 2401 1765 2445 vero
1822 2387 2052 2445 contra
2092 2385 2567 2458 asseverarent,

608 2467 864 2532 nullam
907 2487 1050 2531 esse
1092 2484 1357 2530 eausam
1404 2464 1599 2529 aliam
1653 2486 1847 2547 quam
1894 2465 2250 2549 religionis.
2341 2464 2567 2545 Quum

610 2573 769 2637 ergo
812 2561 1081 2616 senatus
1127 2550 1309 2615 viam
1350 2560 1572 2616 nosset
1622 2571 1750 2634 qua
1806 2551 1875 2615 id
1918 2561 2095 2615 certo
2137 2551 2380 2617 rescire
2423 2571 2569 2634 pos-

610 2649 729 2716 set,
771 2637 896 2703 hoc
938 2637 1122 2720 prius
1148 2647 1582 2714 ,curatur-um,
1640 2634 1876 2701 deinde
1931 2637 2186 2719 reliqua
2237 2636 2567 2702 facturum

605 2743 729 2807 pro
772 2743 891 2789 suo
925 2723 1153 2788 officie.
1222 2723 1319 2787 At
1348 2730 1609 2803 praeter
1643 2722 1932 2789 consulis
1974 2742 2362 2805 responsum
2394 2721 2568 2804 quod

605 2807 797 2874 nobis
851 2828 989 2873 non
1049 2806 1521 2886 satisfaciebat,
1573 2808 2020 2874 intelleximus
2063 2828 2102 2872 a
2152 2809 2312 2873 viris
2356 2807 2566 2884 bonis,

607 2902 914 2962 senatum
971 2892 1143 2957 nihil
1199 2892 1640 2958 obmissurum
1697 2893 1872 2977 quod
1929 2892 2013 2957 ad
2074 2894 2245 2959 hanc
2299 2912 2568 2958 causam

605 2982 868 3060 faceret,
905 2985 974 3044 et
1005 2999 1233 3045 omnes
1267 2980 1338 3043 in
1373 3000 1520 3044 eam
1554 3001 1699 3046 esse
1732 2980 1975 3063 optime
2009 2979 2293 3045 affectos.
2358 2977 2567 3062 Spem

606 3067 828 3151 itaque
865 3071 1119 3133 certam
1152 3062 1453 3131 fecerunt
1487 3084 1624 3130 non
1663 3064 1876 3132 solum
1917 3065 1999 3131 de
2033 3064 2359 3131 mittenda
2392 3065 2566 3150 lega-

607 3155 805 3232 tione,
850 3151 967 3217 sed
1011 3152 1214 3217 etiam
1267 3151 1348 3216 de
1401 3150 1936 3217 circumferendis
1978 3151 2190 3217 literis
2236 3151 2448 3236 Reque,
2496 3162 2569 3215 ut

609 3239 692 3305 ab
736 3240 878 3322 ipso
919 3237 1419 3322 intelligeretur,
1465 3258 1628 3302 num
1663 3258 1742 3303 eo
1777 3238 2036 3303 conscio
2071 3246 2139 3301 et
2173 3237 2363 3303 aulae
2396 3237 2567 3303 tales

608 3323 892 3407 scriptae
934 3332 1175 3389 essent.
1262 3322 1438 3387 Nam
1496 3323 1808 3388 videntur
1863 3321 2217 3388 admodum
2273 3322 2563 3388 acerbae.

607 3409 909 3491 Quarum
945 3407 1109 3474 haee
1143 3414 1261 3486 est,
1299 3416 1620 3491 quantum
1656 3407 1971 3486 intellexi,
2009 3429 2283 3474 summa.
2349 3407 2565 3493 (Nihil

607 3495 891 3579 amplius
946 3493 1116 3559 addo
1174 3492 1254 3558 de
1312 3495 1565 3560 ratione
1619 3515 1749 3577 qua
1806 3494 2100 3560 exactius
2151 3493 2319 3559 mihi
2370 3495 2564 3558 inno-

607 3580 814 3646 tuerit
856 3578 1014 3664 quid
1053 3580 1512 3730 continerent}i
1579 3578 1902 3661 Queritur
1936 3581 2221 3663 primum
2267 3579 2565 3664 quisquis

608 3674 714 3733 est
752 3665 1017 3731 illarum
1061 3665 1403 3730 literarum
1495 3665 1755 3745 'ctator,
1816 3663 1896 3730 de
1940 3665 2264 3732 scribendi
2308 3666 2565 3730 ratione

608 3772 740 3836 qua
784 3752 889 3816 usi
954 3758 1114 3816 sunt
1153 3751 1403 3816 Elvetii
1422 3802 1438 3829 ,
1494 3751 1665 3834 quod
1722 3759 1962 3818 vocent
2013 3751 2359 3817 saevitiam
2420 3751 2565 3816 sive

609 3835 1032 3903 crudelitates
1097 3843 1164 3902 et
1241 3836 1590 3903 horribiles
1652 3837 2190 3920 persequutiones
2252 3838 2324 3901 in
2384 3838 2564 3903 viros

607 3922 782 4006 pios,
847 3923 1089 3987 iustam
1144 3921 1504 3988 vindictam
1560 3944 1756 4006 quam
1813 3923 2045 4000 sumit,
2114 3943 2247 3987 non
2301 3922 2381 3987 de
2436 3923 2564 4005 piis

608 4008 984 4074 hominibus
1000 4057 1017 4086 ,
1086 4007 1202 4073 sed
1265 4007 1608 4087 seditiosis,
1673 4007 2028 4075 rebellibus
2044 4058 2060 4085 ,
2128 4008 2434 4073 violentis
2497 4019 2566 4072 et

607 4093 974 4173 haereticis,
1020 4095 1134 4176 qui
1178 4093 1415 4157 nolunt
1471 4114 1705 4176 parere
1759 4114 1835 4159 ac
1891 4095 2119 4158 vivere
2170 4094 2357 4159 iuxta
2398 4094 2563 4178 legis

606 4180 1085 4262 praescriptum
1128 4188 1194 4244 et
1236 4178 1624 4262 religionem
1666 4180 1775 4245 cui
1817 4199 2009 4244 suum
2053 4199 2335 4263 regnum
2377 4188 2566 4262 paret

610 4274 678 4331 et
717 4285 913 4348 quam
959 4265 1098 4347 ipse
1142 4263 1456 4346 sequitur,
1502 4266 1743 4347 quique
1779 4263 2145 4330 doctrinam
2186 4265 2418 4331 fovent
2460 4285 2564 4329 er-

606 4370 1139 4432 roneam,.quam
1181 4369 1313 4415 non
1357 4349 1576 4416 solum
1618 4350 1788 4433 ipse,
1846 4348 1963 4416 sed
2005 4370 2089 4414 ne
2131 4350 2377 4415 Elvetii
2420 4350 2564 4433 qui-

608 4437 760 4501 dem
804 4446 922 4501 aut
972 4435 1091 4501 ulli
1133 4435 1465 4518 principes
1520 4444 1636 4500 aut
1688 4435 2096 4519 respublicae
2150 4438 2564 4519 germanicae

609 4523 782 4586 tueri
822 4521 1048 4587 velint.
1135 4521 1425 4587 Proinde
1467 4542 1538 4585 se
1581 4522 1809 4586 mirari
1850 4521 2023 4605 quod
2065 4520 2305 4586 horum
2348 4522 2562 4587 homi-

606 4627 772 4673 num
814 4628 1079 4673 causam
1124 4606 1438 4672 tuendam
1493 4606 1877 4690 suscipiant,
1939 4626 2183 4690 curque
2246 4607 2372 4673 sibi
2427 4630 2564 4673 non

606 4692 1000 4778 permittant
1055 4692 1336 4757 liberum
1390 4692 1457 4757 in
1516 4713 1667 4758 suos
1731 4693 2085 4776 imperium
2103 4743 2119 4770 ,
2186 4693 2356 4759 sicut
2420 4695 2563 4777 ipse

608 4778 756 4844 aliis
829 4779 1154 4860 permittit
1242 4777 1480 4860 cuique
1558 4777 1628 4842 in
1721 4799 1844 4844 sua
1918 4778 2185 4844 ditione.
2298 4778 2561 4844 Deinde

609 4862 731 4930 sub
772 4864 974 4928 finem
1020 4863 1264 4946 repetit
1317 4875 1385 4928 et
1439 4862 1751 4929 admonet
1803 4887 1887 4930 ne
1942 4865 2244 4948 posthac,
2303 4866 2359 4930 si
2404 4865 2563 4948 quid

609 4947 893 5032 amplius
937 4947 1244 5025 scribant,
1289 4956 1567 5014 utantur
1607 4949 1741 5017 illis
1778 4950 2105 5015 formulis:
2152 4951 2460 5016 saevitias
2497 4958 2564 5016 et

608 5033 955 5101 horribiles
977 5035 1512 5116 persequutiones
1534 5046 1654 5102 ete.
1708 5036 1892 5103 Haec
1927 5045 2030 5101 est
2062 5056 2271 5118 paene
2305 5056 2565 5101 summa

609 5119 985 5204 argumenti
1029 5118 1385 5198 literarum,
1428 5130 1751 5204 quantum
1809 5121 2037 5187 audire
2079 5132 2147 5185 et
2188 5122 2566 5188 meminisse

608 5204 810 5291 potui.
876 5202 1052 5271 Sunt
1096 5206 1223 5270 viri
1266 5205 1420 5272 boni
1455 5207 1569 5290 qui
1606 5228 1710 5272 me
1746 5208 1930 5274 brevi
1975 5206 2374 5272 admonituri
2409 5216 2568 5274 sunt

608 5293 664 5359 si
709 5311 876 5375 opus
920 5302 1023 5357 est
1065 5312 1142 5357 eo
1185 5291 1400 5358 redire
1434 5302 1504 5357 et
1537 5291 1594 5358 si
1630 5313 1762 5377 qua
1796 5294 1866 5358 in
1902 5314 1975 5359 re
2015 5293 2298 5376 amplius
2340 5302 2568 5360 nostra

2182 390 2713 460 EPISTOLAE
2757 395 3099 458 677-680

4505 398 4602 459 136

3718 492 3728 500 ι

2677 598 2880 664 opera
2912 578 3338 645 desideretur.
3403 580 3553 645 Lon
3648 600 3717 644 m
3751 587 3926 646 esset
3956 599 4230 645 narrare
4262 600 4426 663 quos
4459 580 4606 646 ultro

2678 667 2842 732 citro
2887 685 2973 730 ue
3016 686 3168 731 cum
3209 664 3436 731 multis
3478 665 3569 731 ha
3612 665 3832 732 uimus
3867 685 4218 731 sermones.

2906 750 2986 816 ed
3023 750 3186 816 alias
3220 749 3301 816 de
3336 751 3444 817 his
3478 751 3696 816 latius.
3769 751 4050 816 Gir-onus
4091 751 4338 835 recepit
4379 771 4451 816 se
4482 757 4609 819 tuas

2680 837 2912 902 literas
2950 837 3308 903 missurum
3368 837 3452 903 ad
3511 858 3623 903 eos
3680 837 3764 901 ad
3820 858 3981 919 quos
4035 837 4431 903 scribuntur.
4522 837 4610 903 'l'u

2682 921 2893 988 scribe
2936 924 2991 989 si
3034 922 3192 1007 quid
3236 931 3338 989 est
3389 921 3559 1006 quod
3604 944 3644 987 a
3685 922 3874 989 nobis
3918 920 4247 988 desideres
4287 930 4403 988 aut
4443 922 4610 990 cuius

2680 1008 2846 1074 velis
2889 1030 3010 1075 nos
3055 1009 3434 1074 admonitos.
3523 1007 3653 1075 Ubi
3701 1008 4005 1074 Far-ellus
4058 1007 4329 1074 redierit
4368 1008 4614 1074 Basilea

2679 1094 2871 1177 plura
2914 1094 3156 1160 audies.
3243 1095 3352 1160 De
3407 1103 3586 1162 statu
3629 1093 3828 1160 huius
3870 1093 4213 1174 ecclesiae,
4271 1092 4352 1160 de
4409 1105 4613 1160 nostro

2681 1179 2855 1246 Iulio
2896 1179 3084 1260 Italo,
3102 1183 3161 1258 θ)
3216 1178 3298 1245 de
3355 1181 3719 1247 mutatione
3763 1179 4084 1260 Zebedaei,
4102 1183 4160 1257 ⁷)
4208 1178 4519 1261 Campani
4556 1187 4616 1245 et

2682 1264 3088 1331 abdicatione
3133 1265 3475 1351 Malinyrii
3517 1268 3815 1333 narrabit
3855 1267 4079 1331 Τατίου·
4119 1286 4276 1331 nam
4330 1264 4615 1349 pluribus

2680 1373 2855 1417 nune
2910 1374 3043 1417 non
3111 1365 3304 1418 vacat
3361 1353 3678 1430 seribere,
3742 1374 3828 1417 ne
3882 1351 3983 1415 illi
4036 1351 4319 1417 nimium
4374 1350 4501 1416 sim
4551 1351 4617 1415 in

2675 1456 2877 1502 mora.
2947 1435 3059 1503 Sal
3069 1445 3257 1503 utant
3300 1446 3364 1503 te
3407 1439 3642 1504 fratres
3686 1459 3914 1504 omnes
3950 1447 4017 1503 et
4051 1437 4361 1505 ecclesiae
4403 1457 4444 1501 a
4485 1436 4617 1519 qui-

2678 1523 2799 1589 bus
2856 1521 3070 1589 redeo,
3159 1523 3396 1589 Saluta
3453 1533 3600 1590 tuos
3658 1531 4082 1609 symmystas.
4170 1524 4358 1590 Vale.
4445 1524 4615 1589 Lau·

2677 1630 2942 1674 sannae.
3033 1610 3397 1695 Augustis)
3451 1615 3632 1676 1545.
4101 1636 4112 1646 ·

3805 1749 3992 1815 'l'uus
4034 1750 4110 1816 P.
4156 1749 4449 1815 Viretus.

3573 2364 3725 2436 678.

3160 2499 3633 2569 GALVINUS
3679 2501 4012 2570 MYOON
4014 2502 4133 2571 10.

2846 2667 3248 2738 Commendat
3294 2671 3617 2738 Ochinum.

2672 2842 2786 2907 (Ex
2821 2840 3161 2912 autographo
3198 2842 3422 2897 Archiv.
3460 2844 3636 2899 Turio.
3673 2845 3819 2900 Plut.
3856 2847 3955 2901 VI.
3992 2848 4118 2903 Vol.
4161 2847 4277 2913 111,
4313 2850 4451 2903 olim
4487 2850 4632 2920 Epp.

2915 2911 3066 2965 Τοιιι.
3104 2910 3205 2965 VI.
3241 2911 3302 2965 P.
3340 2913 3386 2966 1.
3422 2912 3514 2967 fol.
3550 2912 3707 2969 1423.
3744 2945 3810 2955 —
3846 2915 4059 2971 Simler.
4097 2917 4216 2973 Vol.
4251 2916 4366 2986 57.)

2668 3117 2936 3183 Eximio
2979 3118 3122 3184 viro
3165 3118 3249 3185 D.
3296 3119 3593 3186 Osualdo
3634 3122 3947 3207 Myconio
3990 3125 4377 3192 Basiliensis
4421 3126 4635 3193 eccle·-

2712 3203 2849 3271 siae
2890 3202 3023 3269 fido
3064 3206 3314 3287 pastori
3354 3206 3547 3272 fratri
3589 3214 3658 3273 et
3701 3209 3912 3276 amieo
3952 3210 4580 3279 observandissimo.

2844 3339 2914 3406 S.
2962 3340 3096 3407 Hic
3136 3341 3249 3423 qui
3291 3362 3473 3409 meas
3507 3342 3734 3410 literas
3769 3343 3889 3410 tibi
3934 3345 4150 3413 reddit
4168 3347 4639 3415 Bes-nardium

2670 3433 2773 3491 est
2830 3425 3144 3492 Senensis
3159 3477 3176 3506 ,
3241 3428 3351 3491 vir
3406 3451 3616 3513 nuper
3660 3430 3731 3494 in
3783 3432 3981 3497 Italia
4033 3436 4258 3519 magni
4319 3436 4638 3514 nominis,

2669 3511 2906 3597 dignus
2941 3522 3118 3578 certe
3161 3514 3276 3596 qui
3311 3514 3629 3580 habeatur
3662 3516 3900 3600 ubique
3933 3520 4002 3584 in
4038 3522 4267 3603 pretio.
4334 3522 4640 3587 Tametsi

2669 3619 2804 3664 non
2861 3598 3238 3665 dubitabam
3295 3603 3454 3682 quin
3513 3603 3777 3670 nomine
3833 3605 4058 3670 audito
4112 3608 4415 3690 protinus
4482 3629 4640 3673 eum

2669 3705 2787 3768 pro
2826 3693 2941 3750 tua
2974 3682 3404 3764 humanitate,
3444 3694 3521 3750 ut
3555 3687 3910 3772 singularis
3944 3692 4085 3756 eius
4119 3691 4334 3776 pietas
4373 3700 4447 3759 et
4484 3714 4640 3759 eru·

2667 3769 2827 3835 ditio
2869 3779 3177 3848 meretur,
3220 3772 3573 3854 exciperes,
3616 3776 3795 3840 nolui
3831 3784 4054 3843 tamen
4098 3780 4644 3860 praetermittere

2667 3856 2829 3939 quin
2885 3876 3099 3920 meam
3165 3876 3422 3940 quoque
3480 3861 4113 3928 commendationem
4175 3864 4639 3950 adiungerem.

2666 3941 2895 4023 Neque
2938 3941 3113 4006 enim
3157 3949 3415 4007 tantum
3454 3944 3613 4027 quid
3655 3946 3752 4011 illi
3786 3969 4051 4015 necesse
4086 3951 4272 4030 soret,
4315 3951 4434 4017 sed
4524 3951 4646 4019 uid

2670 4024 2991 4105 deberem,
3059 4037 3356 4110 spectare
3420 4031 3619 4098 volui.
3732 4032 3966 4100 Facies
4022 4037 4043 4100 i
4098 4037 4258 4113 'tur,
4324 4058 4462 4120 quo
4574 4047 4643 4104 te

2668 4112 3161 4263 ξιῑὶιὲἓέθοὲὲιιέἓῖἱ
3197 4114 3523 4267 ffiturzxrrin
3561 4119 3712 4198 scio,
3757 4128 3833 4220 ut
3864 4058 4220 4288 dntelfilgat
4254 4144 4351 4273 seh
4362 4122 4448 4190 ab
4489 4146 4638 4192 om-

3300 4223 3401 4267 ms
3492 4224 3524 4267 s
3568 4225 3794 4271 amari.
3932 4228 4059 4272 uan
4110 4228 4259 4273 uam
4352 4231 4431 4276 oc
4520 4233 4644 4276 uo-

2670 4303 2797 4366 que
2839 4282 3003 4347 mihi
3059 4299 3324 4364 gratum
3379 4290 3533 4366 erit,
3592 4291 3649 4355 si
3712 4311 3929 4357 meam
3988 4228 4646 4363 coilnmendatioiliem

2668 4368 2970 4433 nonnihil
3031 4371 3205 4452 apud
3264 4378 3330 4436 te
3394 4372 3702 4440 habuisse
3765 4377 4071 4460 ponderis
4133 4378 4231 4443 illi
4296 4383 4645 4448 ostendas.

2666 4454 2856 4534 Vale,
2893 4455 3097 4520 frater
3139 4458 3210 4521 in
3257 4455 3549 4524 Domino
3590 4461 3948 4544 plurimum
3994 4465 4419 4534 observande.
4497 4469 4642 4535 Do·

2665 4540 2889 4606 minus
2932 4541 3052 4606 tibi
3110 4551 3422 4627 perpetuo
3467 4544 3671 4627 adsit,
3728 4558 3796 4613 et
3837 4549 4102 4634 collegis
4159 4550 4292 4618 tuis
4311 4603 4325 4630 ,
4387 4554 4647 4637 quibus

2782 4900 2793 4913 ι
2826 4901 2838 4913 ·
2873 4831 2934 4913 (J)
2977 4830 3113 4913 Fae
3161 4834 3364 4925 uliginis
3400 4834 3585 4890 Iulius
3622 4836 4116 4906 Santermianm,
4164 4839 4326 4897 Petri
4381 4845 4650 4904 Vero-2160·

2664 4900 3119 5024 mecenas.
3196 4902 3464 4957 hon-tam
3509 4906 4016 4962 tancLaooeamae
4057 4909 4284 4980 ᾱηώαε
4326 4915 4493 4983 apud
4536 4916 4647 4972 Ou-

2803 5108 2813 5118 ·
2878 5011 2934 5104 '7)
2977 5036 3090 5119 Qus
3121 5040 3221 5094 hoc
3264 5039 3381 5105 fere
3428 5046 3663 5110 tempore
3702 5042 3852 5099 Orba
3898 5046 4090 5102 relicta
4128 5047 4441 5119 Matium-eo
4489 5052 4648 5110 Ioer-

2669 5105 2812 5230 gtmo
2845 5113 3114 5230 augmen,
3158 5109 3306 5163 unde
3335 5115 3465 5178 poet
3494 5111 3663 5165 unius
3696 5114 3837 5168 anni
3877 5115 4223 5171 *temanum
4257 5118 4649 5179 Lattmann

2875 5242 2936 5301 8)
2974 5242 3362 5314 daemonica,
3408 5263 3595 5304 veram
3639 5251 3804 5307 ι’κοϊὲο
3849 5254 4053 5307 mm
4099 5256 4645 5333 εονόρωηιοεκφ.

2672 5326 2740 5366 ex
2779 5311 2855 5366 N.
2894 5309 2999 5365 680
3027 5318 3193 5383 patet.
