4825 6175
557 424 684 489 727

555 611 980 713 Remea-sium
1020 616 1454 683 ministrorum»
1494 638 1644 702 crya
1688 616 2171 684 Lausannenses
2227 619 2510 687 hostilem

560 719 860 764 anzmum.

562 835 800 904 (Duplex
835 842 1016 889 exstat
1049 838 1422 907 autographon
1448 839 1671 905 autoris,
1708 839 1937 892 alterum
1975 841 2121 908 quod
2143 844 2307 963 (pa-ius
2341 843 2509 912 scrip-

559 913 723 968 serat,
760 910 817 957 et
852 904 1034 958 Vireti
1068 922 1329 960 censurae
1364 907 1670 962 subiecerat
1704 907 1834 961 Cod.
1872 909 2075 962 Genev.
2111 910 2142 965 1
2215 952 2229 976 ,
2263 911 2355 966 sol.
2388 909 2508 979 220,

559 974 791 1026 alterum
828 973 974 1041 quod
1079 982 1198 1028 stea
1234 976 1437 1045 passim
1458 980 1726 1029 mutatum
1744 976 1887 1030 Bulli
1964 993 2055 1030 ero
2079 979 2230 1033 misit
2262 980 2320 1033 in
2338 979 2507 1035 Arch.

559 1040 735 1094 Tui-ic.
774 1041 918 1093 Plut.
956 1041 1009 1092 V
1043 1084 1053 1095 .
1092 1042 1215 1097 Vol.
1255 1042 1356 1097 166
1391 1045 1520 1098 olim
1559 1044 1645 1115 Ep
1687 1085 1699 1096 .
1747 1045 1808 1098 Τ.
2040 1084 2054 1098 .
2099 1048 2191 1102 fol.
2228 1047 2277 1100 6.
2355 1049 2509 1102 Prius

556 1110 692 1162 illud
727 1111 812 1163 bis
849 1109 1177 1179 descriptum
1211 1113 1269 1165 iu
1306 1113 1435 1167 Cod.
1475 1112 1591 1166 111.
1638 1062 1731 1167 fol.
1768 1112 1868 1167 157
1916 1129 1974 1167 et
2020 1114 2120 1169 181
2161 1134 2229 1183 v.,
2263 1117 2389 1170 inde
2425 1117 2508 1171 bis

556 1178 611 1230 in
649 1178 736 1248 Ep
779 1218 789 1229 .
830 1180 1089 1233 Bernens.
1127 1181 1186 1235 Τ.
1224 1180 1340 1235 VII.
1389 1198 1443 1250 p.
1493 1179 1560 1236 61
1609 1187 1667 1235 et
1710 1180 1840 1251 895,
1926 1186 2161 1238 caterius
2212 1201 2245 1237 a
2281 1186 2509 1240 Simlero

561 1247 683 1300 Vol.
720 1195 906 1300 61¹2—
943 1248 1109 1302 Edita
1141 1251 1342 1329 legitur
1376 1267 1461 1319 ap.
1499 1249 1732 1330 Elisslin.
1767 1268 1819 1320 p.
1858 1200 1960 1304 2g9
2006 1260 2064 1305 et
2109 1254 2300 1324 Henry
2335 1255 2395 1308 Τ.
2433 1254 2506 1308 11.

559 1314 705 1385 App.
745 1333 798 1386 p.
847 1314 962 1369 128.
1011 1346 1077 1356 —
1126 1318 1352 1388 Anghca
1399 1335 1577 1372 versio
1627 1319 1780 1373 Tom.
1829 1318 1895 1372 11.
1950 1318 2053 1374 154
2089 1339 2157 1375 ex
2194 1322 2375 1376 Turio.
2421 1339 2508 1377 ex.

561 1384 733 1436 fluxit.
804 1384 1099 1439 variantes
1149 1385 1676 1508 minorisdmomenti
1711 1387 2015 1457 significare
2051 1407 2511 1459 supervacaneum

1417 1457 1674 1522 uximus.)

558 1606 1139 1673 Praestantissimo
1181 1609 1323 1673 viro
1366 1609 1448 1674 D.
1497 1609 1839 1675 Henricho
1874 1611 2264 1696 Bullingero
2300 1614 2505 1698 'Pigu-

557 1692 742 1758 rinae
814 1692 1121 1759 ecclesiae
1193 1692 1324 1759 fido
1400 1695 1648 1777 pastori
1710 1695 1899 1761 fratri
1965 1708 2032 1761 ot
2095 1707 2505 1783 symmystae

908 1777 1265 1861 plurimum
1289 1778 1576 1845 ‘colendo
1620 1788 1688 1845 et
1733 1783 2083 1849 carissimo,
2117 1787 2162 1862 ¹)

730 1912 799 1979 S.
864 1913 1124 1980 Literae
1158 1923 1312 1981 tuae
1331 1914 1388 2001 ²)
1424 1924 1655 1982 octavo
1690 1916 1949 1983 demum
1987 1927 2134 2002 post
2168 1920 2272 1985 die
2306 1941 2503 2003 quam

557 1997 822 2063 domum
878 2000 1261 2084 appulorum
1316 2003 1482 2067 mihi
1535 2002 1828 2068 redditae
1883 2003 2169 2071 fuerunt.
2270 2006 2502 2090 Neque

557 2083 853 2166 Reystius
870 2087 925 2164 3)
983 2086 1121 2170 ipse
1177 2107 1289 2153 eas
1343 2088 1567 2152 attulit
1609 2087 1725 2152 sed
1771 2088 2052 2155 Roscius.
2142 2090 2319 2172 Quia
2359 2113 2499 2157 ma-

551 2171 830 2252 gistrum
865 2171 1213 2237 invenerat
1272 2172 1516 2255 absque
1552 2182 1781 2239 nostra
1823 2195 2040 2258 opera,
2087 2184 2244 2258 puto
2278 2176 2500 2244 minus

550 2254 748 2321 fuisse
805 2255 886 2322 de
943 2257 1074 2322 illis
1127 2256 1474 2325 reddendis
1530 2258 1897 2324 sollicitum.
2000 2260 2218 2326 Ambo
2274 2273 2499 2328 tamen

548 2342 608 2405 ei
643 2350 868 2407 nostra
893 2343 1104 2409 officia
1132 2344 1401 2408 comiter
1430 2342 1814 2431 detulimus„
1875 2345 2070 2426 Quod
2095 2346 2177 2412 ad
2199 2346 2497 2414 libellum

546 2436 738 2490 tuum
781 2428 1044 2507 attinet,
1102 2430 1287 2494 cuius
1321 2429 1456 2495 illic
1488 2430 1648 2497 facis
1684 2432 2102 2510 mentionem,
2121 2434 2174 2511 ⁴)
2225 2434 2496 2513 utinam,

545 2513 637 2576 mi
681 2511 1066 2596 Bullinyere,
1104 2533 1310 2596 quum
1357 2515 1504 2581 istic
1546 2537 1757 2600 nuper
1791 2537 2100 2596 essemus,
2147 2518 2266 2584 tibi
2308 2519 2498 2585 colle-

543 2598 774 2681 gisque
840 2620 1041 2683 grave
1119 2620 1253 2664 non
1328 2600 1559 2667 fuisset
1621 2601 1963 2668 nobiscum
2029 2602 2110 2668 de
2175 2612 2316 2670 tota
2379 2604 2496 2670 illa

544 2705 745 2749 causa
791 2685 1300 2769 verbisplacide
1350 2687 1677 2753 conferre:
1731 2687 1963 2753 fuisset
2013 2696 2190 2754 certe
2247 2689 2493 2774 aliquid

541 2768 921 2852 profectum.
943 2773 997 2848 ⁵)
1085 2771 1313 2854 Neque
1368 2773 1545 2837 enim
1604 2771 1687 2838 ad
1737 2773 2129 2839 theatricam
2170 2777 2490 2842 actionem

543 2856 935 2939 compositus
997 2877 1333 2937 veneram,
1389 2879 1554 2940 quae
1612 2858 1776 2923 mihi
1829 2880 1962 2924 non
2019 2861 2239 2926 minus
2293 2882 2491 2944 quam

545 2941 728 3008 vobis
788 2941 1102 3025 displicet.
1206 2941 1299 3008 Ut
1355 2943 1435 3009 de
1495 2941 1748 3009 Farello
1801 2954 2082 3025 taceam,
2147 2948 2332 3013 cuius
2383 2949 2488 3012 in-

539 3027 810 3112 genium
858 3037 1258 3113 quantopere
1314 3029 1394 3095 ab
1451 3030 1888 3096 ostentatione
1948 3030 2299 3099 abhorreat
2359 3035 2487 3117 ipsi

540 3133 792 3198 quoque
835 3115 1063 3181 nostis.
1141 3114 1275 3181 Sed
1319 3114 1742 3199 cupiebamus
1783 3116 2212 3198 familiariter,
2257 3119 2489 3203 procul

538 3210 753 3266 amoto
810 3199 1103 3265 certandi
1168 3201 1385 3267 studio
1398 3252 1414 3280 ,
1486 3201 1818 3268 vobiscum
1876 3224 1955 3269 ea
2019 3202 2342 3272 discutere
2404 3205 2486 3271 de

538 3285 772 3368 quibus
811 3286 985 3351 inter
1028 3307 1146 3351 nos
1187 3288 1411 3353 minus
1453 3289 1777 3354 convenit.
1865 3290 1958 3354 Et
1999 3311 2158 3356 sane
2202 3311 2280 3356 ea
2313 3299 2487 3358 esset

537 3373 785 3453 optima
826 3372 994 3437 ratio
1038 3373 1211 3437 inter
1253 3373 1517 3439 fratres:
1561 3396 1761 3458 quam
1793 3376 2194 3442 fructuosam
2230 3378 2487 3460 experti

537 3478 844 3538 essemus,
890 3458 1019 3523 nisi
1039 3478 1168 3524 .me
1212 3456 1406 3524 valde
1447 3458 1619 3524 fallit
1662 3461 1899 3543 opinio.

707 3544 879 3609 Nam
938 3542 1111 3627 quod
1172 3543 1254 3608 ad
1310 3553 1720 3611 sacramenta
1770 3547 1843 3610 in
1905 3566 2146 3631 genere
2214 3555 2484 3630 spectat,

535 3649 744 3711 neque
806 3628 940 3695 illis
1005 3630 1282 3711 gratiam
1343 3631 1472 3695 Dei
1536 3630 1915 3715 alligamus,
1983 3653 2192 3715 neque
2258 3632 2343 3698 ad
2406 3656 2486 3700 ea

536 3714 992 3780 transferimus
1049 3714 1319 3798 spiritus
1376 3716 1586 3782 sancti
1645 3717 1931 3783 officium
1988 3727 2103 3782 aut
2145 3718 2481 3800 virtutem,

537 3821 748 3882 neque
804 3800 873 3864 in
937 3801 1098 3884 ipsis
1165 3801 1452 3867 locamus
1517 3801 1746 3867 salutis
1803 3802 2127 3870 fiduciam.
2216 3805 2484 3872 Diserte

535 3887 714 3952 enim
777 3887 1167 3969 profitemur
1227 3887 1437 3952 solum
1501 3885 1723 3952 Deum
1780 3910 1921 3955 esse
1984 3891 2095 3973 qui
2161 3891 2302 3975 agit
2364 3912 2484 3975 per

540 3982 967 4051 sacramenta,
1013 3982 1081 4037 et
1123 3980 1327 4037 totam
1374 3973 1730 4038 efficaciam
1766 3974 2027 4057 spiritui
2061 3985 2285 4042 sancto
2329 3977 2482 4042 feri-

537 4079 686 4124 mus
730 4067 1058 4141 acceptam
1076 4109 1093 4137 ,
1140 4066 1205 4122 et
1247 4059 1418 4124 hanc
1462 4059 1785 4124 actionem
1829 4082 1961 4125 non
2005 4082 2318 4145 apparere
2353 4064 2484 4128 nisi

534 4144 605 4209 in
651 4143 874 4209 electis
918 4152 1263 4209 testamur:
1323 4166 1443 4210 nec
1494 4144 1686 4210 aliter
1729 4145 2033 4212 docemus
2075 4157 2485 4213 sacramenta

536 4229 863 4312 prodesse,
903 4249 1098 4311 quam
1135 4228 1289 4295 dum
1332 4229 1415 4295 ad
1450 4229 1794 4297 Christum
1829 4252 1948 4297 nos
1990 4253 2192 4298 manu
2237 4232 2485 4300 ducunt

537 4329 612 4379 ut
666 4316 735 4379 in
794 4336 870 4379 eo
927 4334 1318 4398 quaeramus
1370 4317 1684 4400 quidquid
1751 4325 1850 4382 est
1903 4317 2241 4383 bonorum.
2329 4319 2482 4384 Non

539 4400 725 4466 video
769 4421 928 4466 sane
985 4400 1138 4483 quid
1182 4400 1252 4465 in
1297 4401 1420 4468 hac
1462 4402 1756 4468 doctrina
1799 4405 2033 4468 merito
2078 4402 2480 4484 desideretis,

579 4507 702 4551 uae
745 4508 785 4551 a
829 4485 1092 4552 Christo
1150 4487 1284 4552 solo
1339 4487 1682 4570 petendam
1737 4510 1879 4555 esse
1935 4489 2215 4556 salutem
2260 4490 2480 4570 tradit,

606 4593 756 4637 eum
823 4572 1034 4637 solum
1099 4572 1254 4638 facit
1322 4575 1461 4639 eius
1528 4586 1824 4641 autorem
1843 4627 1859 4654 ,
1926 4582 1994 4639 et
2058 4575 2196 4641 sola
2244 4597 2484 4642 arcana

537 4658 805 4741 spiritus
848 4657 1224 4740 operatione
1256 4660 1501 4742 percipi
1539 4660 1841 4727 affirmat.
1914 4662 2120 4744 Atqui
2155 4661 2482 4741 docemus,

538 4755 948 4809 sacramenta
1002 4744 1251 4826 gratiae
1308 4743 1439 4808 Dei
1497 4767 1637 4811 esse
1680 4748 2139 4812 instrumenta.
2231 4747 2484 4830 Nempe
2592 4802 2605 4805 -

537 4851 740 4912 quum
783 4830 851 4893 in
895 4841 1144 4895 certum
1189 4831 1388 4895 finem
1431 4832 1733 4896 instituta
1769 4834 1924 4914 sint,
1961 4854 2155 4898 usum
2190 4834 2482 4916 ipsorum

538 5016 720 5069 1039.
741 5015 800 5149 ἐξ
839 5012 1302 5139 {galggevensq
1333 5020 1676 5087 simpliciter·-
1712 5020 2037 5089 Bullingero.

742 5152 802 5284 {R
834 5154 1094 5278 {teian-us
1131 5154 1173 5208 S
1175 5196 1506 5277 mentionem
1543 5241 1643 5278 om.
1667 5226 1741 5277 H.
1801 5225 1998 5280 Libens·
2028 5225 2096 5280 de
2129 5229 2489 5281 sacramentis

538 5291 894 5425 Buamffi'm
907 5294 989 5412 ¹}st
1019 5308 1127 5414 ἵνα
1161 5295 1391 5414 Ἓίεῐοῖα
1425 5296 1743 5348 mentionem
1779 5296 2100 5350 nominatim
2123 5312 2236 5351 non
2266 5297 2488 5363 fecerat.

837 5376 905 5428 pe
957 5379 1016 5415 ec
1045 5379 1132 5414 um
1234 5402 1247 5415 .

2208 430 2673 499 EPISTOLA
2725 437 2886 519 1039

4436 440 4559 503 728

2615 623 2827 710 qualis
2891 642 3034 689 esse
3099 622 3291 690 debet
3364 645 3507 691 esse
3570 625 3855 691 otiosum
3919 646 4255 711 negamus.
4363 625 4561 708 Quod

2613 729 2769 793 ergo
2802 709 2939 775 illic
2978 710 3303 794 figuratur
3336 710 3611 777 dicimus
3646 709 3869 777 electis
3905 711 4219 791 exhiberi,
4263 732 4345 777 ne
4371 711 4559 779 Deus

2613 795 2827 863 fallaci
2872 796 3239 878 spectaculo
3282 796 3502 862 oculos
3546 794 3852 863 deludere
3897 796 4218 863 credatur.
4295 797 4405 863 Ita
4447 800 4561 881 qui

2612 881 3013 964 baptismum
3079 901 3239 947 vera
3298 881 3428 947 fide
3486 882 3748 967 recipit,
3816 881 3898 949 ab
3962 903 4041 949 eo
4107 884 4563 950 remissionem

2614 988 2867 1051 quoque
2921 975 3336 1050 peccatorum
3391 969 3635 1052 percipi
3692 968 3987 1035 dicimus.
4077 967 4214 1036 Sed
4269 969 4559 1054 explica-

2613 1053 2857 1117 tionem
2923 1051 3117 1118 simul
3193 1053 3522 1134 addimus,
3604 1073 3690 1119 ne
3764 1055 3994 1121 salutis
4070 1074 4226 1121 suae
4293 1076 4560 1123 causam

2614 1138 2935 1223 baptismo
2971 1139 3115 1222 quis
3142 1138 3488 1216 adscribat,
3525 1139 3974 1206 remissionem
4000 1139 4179 1206 illam
4208 1144 4560 1226 provenire

2615 1245 2655 1289 a
2698 1223 2950 1290 Christi
2994 1226 3330 1309 sanguine.
3418 1223 3707 1292 Proinde
3749 1247 3881 1291 non
3927 1226 4117 1291 aliter
4156 1248 4274 1311 per
4315 1227 4563 1311 bapt-is-

2612 1331 2797 1374 mum
2833 1310 3132 1389 conferri,
3177 1310 3307 1376 nisi
3348 1312 3500 1394 quia
3535 1312 3673 1377 eius
3713 1311 4069 1377 ablutionis
4104 1312 4557 1380 testimonium

2612 1403 2741 1474 est,
2797 1417 2993 1478 quam
3045 1396 3221 1461 filius
3259 1394 3389 1461 Dei
3444 1396 3769 1481 sanguine
3822 1418 3939 1463 suo
3994 1399 4065 1462 in
4114 1418 4305 1465 cruce
4347 1401 4551 1466 effuso

2611 1480 2800 1546 nobis
2843 1482 3276 1565 comparavit,
3334 1490 3401 1547 et
3454 1503 3649 1566 quam
3698 1482 4040 1548 fruendam
4085 1485 4413 1569 evangelii
4452 1488 4553 1552 sui

2609 1564 2739 1631 fide
2800 1567 2994 1633 offert
3055 1587 3129 1633 ac
3182 1568 3417 1652 spiritu
3470 1587 3588 1634 suo
3645 1569 3716 1633 iu
3774 1566 4074 1636 cordibus
4117 1572 4359 1637 nostris
4406 1592 4558 1655 per-

2607 1652 2760 1716 ficit.
2780 1655 2838 1736 ⁶)
2923 1652 3107 1718 Idem
3154 1660 3222 1719 et
3264 1653 3345 1719 de
3378 1653 3803 1720 renovatione
3846 1656 4181 1722 sentimus.

2778 1738 2859 1803 In
2904 1759 3106 1805 coena
3149 1760 3351 1822 quum
3393 1740 3578 1806 nobis
3619 1740 3811 1824 signa
3843 1741 4062 1806 carnis
4104 1748 4172 1807 et
4213 1744 4561 1827 sanguinis

2608 1822 2857 1899 Christi
2923 1826 3374 1909 porrigantur,
3452 1823 3727 1891 dicimus
3804 1847 3936 1891 non
4002 1827 4247 1893 frustra
4307 1830 4561 1913 porrigi

2605 1909 2760 1991 quin
2807 1932 2912 1976 res
2954 1930 3211 1994 quoque
3252 1912 3396 1993 ipsa
3438 1910 3623 1976 nobis
3667 1919 3939 1977 constet.
4019 1912 4215 1979 Unde
4257 1916 4563 1998 sequitur

2605 2016 2723 2061 nos
2767 1995 2961 2061 edere
3005 1996 3257 2062 Christi
3301 2016 3534 2080 corpus
3579 2005 3644 2063 et
3686 1998 4073 2083 sanguinem
4118 1997 4355 2067 bibere.
4448 2001 4556 2066 Ita

2603 2080 2926 2165 loquendo
3005 2102 3218 2165 neque
3290 2104 3431 2149 rem
3462 2085 3474 2097 '
3508 2103 3591 2148 ex
3668 2083 3857 2168 signo
3933 2084 4240 2164 facimus,
4341 2106 4553 2169 neque

2606 2174 2957 2251 utrumque
3013 2168 3209 2232 simul
3264 2169 3333 2232 in
3387 2190 3592 2233 unum
3649 2167 4135 2247 confundimus,
4198 2192 4411 2255 neque
4456 2173 4555 2237 in·

2604 2251 2929 2319 cludimus
2987 2274 3221 2337 corpus
3278 2253 3532 2321 Christi
3588 2255 3656 2319 in
3713 2275 3987 2337 panem,
4047 2277 4262 2339 neque
4318 2278 4554 2324 rursus

2601 2337 2935 2403 infinitum
2980 2361 3121 2405 esse
3164 2340 3493 2424 fingimus,
3540 2361 3752 2423 neque
3785 2343 4183 2408 somniamus
4215 2344 4557 2409 carnalem

2600 2424 2672 2488 in
2728 2445 2848 2490 nos
2903 2424 3157 2491 Christi
3212 2426 3756 2504 transfusionem,
3824 2446 4038 2510 neque
4097 2427 4310 2494 ullum
4370 2428 4555 2495 aliud

2601 2509 2731 2575 tale
2775 2516 3215 2576 commentum
3259 2512 3623 2577 statuimus.
3694 2512 3834 2578 Vos
3876 2513 3945 2576 in
3990 2512 4170 2578 coelo
4206 2514 4555 2580 Christum

2600 2616 2742 2662 esse
2778 2594 3011 2675 dicitis,
3050 2596 3409 2663 secundum
3439 2597 3796 2663 humanam
3835 2605 4159 2663 naturam.
4229 2599 4555 2666 Fatemur

2600 2693 2667 2745 et
2733 2703 2851 2747 nos
2915 2681 3108 2747 idem.
3199 2682 3381 2748 Coeli
3435 2703 3674 2748 nomen
3731 2683 3856 2749 loci
3912 2684 4292 2750 distantiam
4362 2687 4547 2753 vobis

2598 2778 2803 2832 sonat.
2894 2768 2973 2833 Id
3019 2789 3271 2852 quoque
3315 2768 3595 2834 libenter
3650 2769 4132 2852 amplectimur:
4202 2770 4551 2838 Christum

2595 2854 2843 2920 scilicet
2875 2853 3171 2919 locorum
3212 2854 3563 2920 intervallo
3608 2875 3646 2919 a
3688 2854 3878 2920 nobis
3921 2853 4180 2921 distare.
4266 2857 4548 2943 Negatis

2593 2959 2828 3024 corpus
2853 2938 3103 3005 Christi
3140 2961 3281 3005 esse
3314 2940 3671 3019 infinitum,
3717 2940 3830 3006 sed
3867 2961 3986 3007 sua
4019 2942 4549 3009 circumferentia

2593 3025 2936 3092 contineri.
3028 3025 3429 3102 Annuimus‚
3490 3025 3623 3093 imo
3676 3027 3963 3112 ingenue
4020 3028 4143 3095 hoc
4199 3037 4267 3094 et
4322 3030 4545 3113 palam

2591 3120 2929 3177 testamur.
3001 3111 3276 3196 Negatis
3310 3112 3571 3197 signum
3617 3135 3765 3180 cum
3810 3134 3884 3177 re
3931 3113 4342 3180 miscendum
4384 3137 4545 3182 esse.

2591 3197 2727 3264 Nos
2784 3197 3007 3264 sedulo
3066 3199 3345 3264 alterum
3401 3198 3482 3264 ab
3537 3199 3742 3265 altero
3797 3198 4331 3284 distinguendum
4402 3223 4542 3268 esse

2591 3283 3035 3350 admonemus.
3126 3285 3264 3350 Vos
3318 3285 3835 3367 impanationem
3887 3286 4129 3352 acriter
4194 3285 4538 3354 damnatis.

2591 3367 3096 3437 subscribimus.
3161 3370 3350 3452 Quae
3382 3371 3588 3454 igitur
3609 3371 3976 3437 sententiae
3998 3379 4261 3438 nostrae
4282 3393 4541 3438 summa

2591 3454 2733 3521 est?
2824 3454 3045 3536 Quum
3092 3455 3209 3521 hic
3263 3457 3334 3521 in
3390 3465 3568 3521 terra
3619 3477 3858 3541 panem
3913 3465 3981 3523 et
4036 3460 4267 3524 vinum
4312 3480 4532 3525 cerna·

2589 3562 2770 3620 mus,
2827 3541 3170 3625 erigendas
3228 3562 3369 3608 esse
3424 3543 3496 3607 in
3547 3542 3800 3608 coelum
3852 3550 4108 3609 mentes
4152 3552 4230 3609 ut
4272 3544 4525 3611 Christo

2588 3626 2908 3693 fruantur.
2992 3629 3089 3694 Ac
3133 3637 3277 3693 tum
3312 3637 3722 3711 praesentem
3765 3628 3953 3695 nobis
3996 3650 4139 3696 esse
4174 3628 4527 3710 Christum,

2589 3712 2746 3778 dum
2787 3735 2988 3797 supra
3028 3713 3225 3780 huius
3266 3713 3500 3779 mundi
3533 3714 3859 3780 elementa
3889 3717 4107 3800 ipsum
4141 3718 4531 3800 quaerimus.

2589 3799 2816 3883 Neque
2871 3800 3047 3864 enim
3103 3800 3203 3866 fas
3256 3799 3444 3866 nobis
3497 3809 3625 3880 est,
3684 3801 3977 3867 fallaciae
4032 3800 4374 3868 Christum
4434 3803 4531 3868 in-

2589 3884 2900 3951 simulare
2918 3938 2933 3962 ,
3007 3885 3176 3969 quod
3242 3887 3433 3952 fieret
3494 3886 3624 3952 nisi
3691 3888 4036 3952 veritatem
4113 3888 4314 3954 simul
4380 3908 4530 3954 cum

2587 3972 2776 4056 signo
2820 3970 3121 4037 exhiberi
3158 3972 3540 4038 sentiamus.
3625 3972 3716 4038 Et
3769 3993 3889 4040 vos
3940 3974 4138 4039 etiam
4180 3974 4530 4040 conceditis

2588 4057 2853 4142 signum
2910 4078 3322 4141 nequaquam
3377 4079 3518 4124 esse
3571 4058 3782 4124 inane.
3872 4061 4155 4125 Tantum
4214 4067 4423 4125 restat
4468 4069 4536 4125 ut

2589 4144 2978 4208 definiamus
3035 4142 3192 4226 quid
3257 4144 3327 4208 in
3392 4166 3463 4209 se
3518 4145 3867 4211 contineat.
3970 4144 4192 4226 Quum
4247 4145 4535 4214 breviter

2586 4229 3082 4311 respondemus,
3144 4250 3261 4295 nos
3318 4229 3461 4294 fieri
3515 4231 3732 4296 carnis
3781 4239 3849 4296 et
3891 4233 4235 4315 sanguinis
4279 4231 4533 4298 Christi

2588 4314 2968 4399 participes,
3026 4322 3101 4379 ut
3153 4315 3219 4378 in
3274 4315 3461 4381 nobis
3517 4314 3769 4381 habitet
3825 4338 4075 4400 nosque
4128 4320 4198 4382 in
4241 4318 4413 4402 ipso,
4473 4331 4531 4384 et

2587 4400 2713 4465 hac
2755 4401 3009 4465 ratione
3052 4398 3237 4465 bonis
3280 4402 3419 4467 eius
3463 4402 3793 4468 universis
3828 4403 4161 4469 fruamur:
4208 4404 4366 4487 quid
4418 4419 4530 4482 est,

2588 4486 2884 4564 obsecro,
2951 4486 3023 4550 in
3089 4484 3194 4551 his
3260 4486 3479 4553 verbis
3542 4495 3657 4553 aut
3720 4487 3985 4553 absurdi
4046 4498 4160 4555 aut
4225 4489 4527 4557 obscuri?

2587 4572 2987 4638 Praesertim
3009 4571 3120 4637 ubi
3151 4571 3410 4638 disertis
3435 4573 3650 4639 verbis
3679 4573 4091 4641 excludimus
4113 4597 4529 4659 quaecunque

2584 4660 2657 4722 in
2724 4666 3015 4724 mentem
3086 4659 3306 4724 venire
3360 4667 3625 4741 possent
3697 4659 3944 4727 deliria.
4071 4662 4161 4727 Et
4224 4669 4451 4728 tamen
4478 4664 4526 4744 ⁷)

2928 4880 3270 5004 magalaz-us
3317 4950 3422 5004 loci
3472 4949 3724 5018 plantas
3769 4965 3836 5004 ea·
3891 4951 4110 5006 icamia.
4202 4951 4331 5004 Heu
4456 4950 4524 5004 ad

2588 5018 3288 5141 Yuss92‘d’aev''⁸ir⁸032‘ss“fit0¹{{2
3319 5017 3790 5154 ἒοὲῗῖειῑὲἓὲιῖὸ
3889 5025 3914 5072 ²
3946 5024 4187 5158 “232
4202 5019 4522 5144 {mi-2⁰⁸

2590 5157 2771 5210 Autor
2810 5157 3048 5224 primum
3084 5157 3378 5223 scripserat
3414 5153 3574 5222 (God.
3613 5155 3739 5222 106)
3755 5179 3771 5208 .-
3820 5157 4146 5212 Gualtherus
4190 5158 4302 5211 suis
4350 5159 4417 5210 ad
4454 5155 4518 5209 V.

2588 5226 2764 5279 literis
2798 5241 2897 5278 nos
2933 5226 3173 5293 perstrin
3214 5225 3269 5277 ἰ.
3353 5226 3473 5280 Voe.
3506 5225 3750 5279 videmus
3764 5266 3777 5291 ,
3823 5241 3999 5295 supra
4041 5225 4239 5280 lineam
4272 5228 4522 5295 scriptun·

2590 5295 2685 5348 sed
2720 5294 2969 5376 deletum,
2998 5294 3095 5375 'ad
3190 5294 3305 5349 ium
3351 5295 3923 5375 sententiae-tenorem
3957 5310 4127 5418 &aa
4168 5295 4523 5351 meditabatur

2585 5371 2917 5433 permanasse
2950 5363 3179 5417 vedetur.
3252 5361 3337 5429 Of.
3380 5361 3664 5418 Gaawoen
3696 5379 3775 5432 ep.
3816 5363 3888 5420 N.
3925 5363 3955 5417 1
4064 5406 4074 5415 .

2794 4881 2853 5016 ‘⁷⁵3
