4825 6175
152 449 264 511 701

1007 588 1012 593 ’
1044 636 1229 708 1021.

149 773 272 839 AN
275 772 597 841 ONYMI
705 772 1120 842 RELA'I'IO
1245 773 1375 840 DE
1483 772 1886 843 SULZERI
1987 773 2108 839 Em

447 858 1101 928 COLLEGARUM
1143 857 1810 928 ABDIOATIONE.

149 1030 474 1097 (Incidimus
510 1033 567 1086 in
601 1033 742 1087 hanc
791 1033 1109 1087 relationem
1154 1033 1212 1086 in
1260 1032 1584 1086 excutiendo
1621 1031 1928 1086 Simleriani
1984 1029 2103 1083 the-

149 1103 288 1155 nuri
325 1100 452 1155 Vol.
473 1099 545 1154 66
578 1102 663 1156 cui
699 1102 794 1155 illa
827 1102 1038 1155 inserta
1070 1107 1159 1156 est
1191 1101 1262 1155 ad
1296 1101 1349 1153 d.
1387 1099 1469 1154 10.
1507 1101 1639 1156 Maii
1675 1097 1826 1165 1548,
1862 1099 2105 1154 additur·

151 1185 250 1239 que
284 1186 406 1225 eam
443 1170 707 1240 scriptam
742 1186 907 1224 manu
941 1167 1249 1240 wolfgangi
1282 1168 1490 1224 Halleri
1507 1171 1553 1237 Ι)
1604 1178 1818 1224 exstare
1851 1170 1909 1223 in
1944 1168 2102 1223 Mes,

148 1237 286 1308 apud
323 1239 509 1294 Breiti
822 1239 946 1293 Etsi
991 1238 1131 1293 citra
1164 1239 1390 1292 dubium
1424 1254 1534 1292 non
1580 1255 1645 1294 eo
1679 1245 1928 1307 tempore
1976 1254 2101 1292 exa·

147 1312 263 1360 rata
297 1307 473 1362 fuerit
509 1324 630 1429 etm
665 1307 773 1429 hice
786 1321 1087 1446 12sz
1091 1307 1303 1446 placm‘g
1305 1324 1522 1430 gumi-
1534 1305 1990 1443 {datilgustrandas
2011 1322 2101 1360 res

586 1393 651 1430 oc
685 1394 740 1430 m
773 1393 839 1430 ns
1121 1393 1230 1430 non
1406 1394 1460 1429 ιιι
1516 1394 1549 1430 a
1581 1395 1597 1429 ι
1659 1417 1671 1429 .

312 1496 679 1581 Postquam
697 1500 754 1575 2)
796 1518 967 1564 anno
1009 1498 1173 1560 1536
1210 1517 1359 1563 cum
1383 1496 1658 1562 Luthero
1678 1493 2025 1561 concordia
2046 1495 2099 1569 ⁸)

148 1603 185 1648 a
259 1583 494 1650 multis
574 1583 864 1652 welesiis
926 1583 1164 1649 fuisset
1224 1582 1408 1660 inita,
1476 1593 1832 1664 coeperunt
1896 1580 2100 1664 aliqui

146 1664 515 1736 Bern'ensis
559 1669 870 1737 ecclesiae
912 1667 1200 1734 ministri
1245 1689 1286 1733 a
1318 1666 1567 1734 Bucero
1611 1666 1741 1733 huc
1783 1665 2099 1749 pertracti

147 1764 210 1821 et
248 1755 557 1839 persuasi
600 1754 1005 1823 Concordiae
1048 1753 1203 1819 huic
1245 1754 1525 1819 nimium
1569 1751 1859 1819 tribuere
1902 1763 1969 1818 et
2026 1753 2099 1816 in

148 1840 444 1909 doctrina
550 1840 1063 1909 sacramentaria
1152 1860 1223 1906 se
1313 1837 1663 1922 phrasibus
1769 1839 2098 1906 saxonicis

148 1925 655 1995 accommodare.
744 1927 826 1992 Ῑιι
891 1927 997 1994 his
1060 1935 1205 1992 erat
1267 1925 1508 1991 Petrus
1557 1922 1917 1994 contemnas.
2027 1923 2097 1989 Is

149 2013 487 2080 Simonem
541 2011 869 2080 Snaoerum
925 2020 992 2079 et
1044 2011 1323 2083 Beatum
1375 2009 1500 2076 sibi
1560 2011 1793 2077 ascivit
1808 2012 1888 2095 ⁴).
1999 2008 2096 2074 Hi

149 2099 310 2166 nihil
351 2098 540 2166 aliud
583 2120 621 2165 e
667 2107 865 2165 erunt
907 2120 1026 2183 per
1083 2118 1293 2164 annos
1333 2097 1471 2163 fere
1514 2095 1855 2163 duodecim
1943 2116 2095 2161 uam

150 2196 220 2251 ut
259 2192 479 2251 totum
537 2184 610 2251 lu
687 2185 1091 2251 eranismum
1130 2183 1461 2250 Bemensi
1503 2182 1812 2249 ecclesiae
1869 2202 1910 2247 o
1952 2191 2095 2247 tru-

150 2270 375 2338 derent
418 2291 777 2372 suppressa
815 2271 1073 2338 saniore
1106 2266 1419 2335 doctrina.
1508 2268 1636 2334 His
1679 2275 1825 2334 tum
1866 2274 2099 2352 coepta

150 2366 244 2425 est
284 2366 540 2424 mutan
582 2357 965 2425 catechismi
1005 2355 1305 2423 formula.
1321 2354 1380 2442 ὓ)

731 2444 877 2526 piae
946 2440 1322 2521 memoriae,
1387 2440 1523 2524 qui,
1567 2439 1742 2522 circa
1806 2440 1947 2504 eius
2001 2439 2096 2503 rei

149 2529 330 2595 initia
520 2549 606 2594 uc
658 2529 923 2596 Bernae
982 2536 1142 2605 erat,
1207 2548 1411 2610 quum
1477 2525 1736 2592 videret
1799 2545 1925 2609 quo
1988 2544 2096 2589 res

150 2613 421 2682 evadere
477 2614 695 2692 vellet,
763 2614 836 2679 in
891 2623 1182 2697 tempore
1247 2634 1318 2679 se
1370 2611 1695 2696 Tigurum
1759 2611 2018 2695 recepit.
2044 2615 2096 2687 ο)

150 2698 340 2768 Solus
407 2721 570 2786 ergo
634 2698 1036 2784 aliquamdiu
1098 2698 1420 2766 Erasmus
1478 2697 1765 2765 Ritterus
1830 2696 2094 2762 illorum

149 2785 427 2871 impetus
474 2786 812 2865 sustinuit,
878 2786 1085 2852 donec
1149 2784 1459 2851 diaconus
1510 2783 1607 2849 illi
1673 2782 2096 2849 adhiberetur

148 2893 225 2937 ex
267 2873 521 2940 Arovia
574 2881 842 2938 vocatus
883 2871 1168 2937 Ioannes
1225 2868 1540 2936 Weberus.
1627 2868 1722 2934 Hi
1767 2869 1897 2934 duo
1951 2869 2094 2932 ani-

31 3024 32 3027 ,
146 2959 385 3026 mosius
440 2965 675 3044 postea
731 2978 870 3024 rem
928 2956 1221 3043 aggressi
1277 2961 1580 3022 senatum
1645 2963 1713 3020 et
1750 2954 2094 3021 eccleffiam

147 3046 508 3128 praesentis
551 3042 824 3130 periculi
869 3064 1065 3128 saepe
1107 3041 1610 3110 admonuerunt.
1699 3039 1852 3121 Qua
1895 3040 1976 3107 de
2019 3060 2092 3106 re

146 3131 516 3216 nequentes
576 3128 754 3215 apud
793 3137 1102 3197 senatum
1146 3137 1213 3196 et
1254 3128 1569 3196 diacofflos
1611 3127 1795 3194 fuere
1839 3127 2093 3212 discep-

148 3218 420 3286 tationes
455 3224 527 3285 et
547 3216 1020 3284 altercationes.
1089 3215 1421 3282 Effectum
1451 3213 1718 3280 tandem
1753 3223 1833 3278 ut
1866 3212 2094 3280 adver-

149 3304 297 3370 sarii
329 3305 634 3370 iurarent
648 3305 705 3380 ⁷)
750 3303 824 3368 in
857 3302 1373 3387 disputationem
1406 3321 1580 3366 anno
1629 3302 1793 3364 1528
1830 3299 2095 3366 Bernae

145 3386 433 3457 habitam
511 3396 579 3455 et
656 3389 728 3454 in
797 3387 1302 3455 ecclesiasticam
1368 3387 1720 3453 formulam
1785 3386 2090 3469 priorem.

145 3472 318 3543 Haec
358 3476 463 3542 illi
503 3475 822 3554 fecerunt,
877 3473 1301 3559 quantumvis
1342 3472 1556 3539 inviti.
1645 3470 2092 3538 Nihilominus

143 3567 352 3629 tamen
401 3581 541 3628 non
577 3559 974 3627 destiterunt
1016 3558 1325 3625 simulate
1370 3579 1476 3624 res
1517 3577 1672 3624 suas
1717 3577 1931 3642 agere.

305 3647 642 3715 Defuncto
724 3647 808 3712 D.
889 3646 1168 3712 Erasmo
1250 3644 1494 3711 Rittero
1507 3645 1571 3728 8)
1648 3644 1731 3709 D.
1809 3641 2091 3710 Iodocus

29 3711 30 3758 7
149 3730 546 3820 Kilchnwyer
601 3734 748 3818 piae
789 3733 1146 3797 memoriae
1190 3731 1436 3816 Tiguro
1479 3738 1786 3797 evocatus
1828 3730 1901 3793 in
1945 3729 2088 3793 eius

147 3815 352 3885 locum
408 3819 747 3887 successit.
845 3816 917 3884 Is
970 3818 1257 3883 crassius
1328 3825 1396 3882 et
1449 3816 1739 3900 propius,
1819 3816 2091 3880 iuvante

149 4106 317 4169 1021.
352 4110 412 4179 1)
461 4110 578 4166 Hic
620 4110 734 4177 finit
769 4108 1006 4164 Ioannis
1039 4106 1259 4162 Honori
1299 4105 1481 4172 frater
1521 4111 1661 4161 naua
1705 4107 1886 4185 mistos
1930 4103 2088 4158 Turi-

150 4173 1660 4236 oenmeoewionawrctmmetobffloelffll.
2012 4180 2091 4229 est

151 4246 272 4304 haec
303 4250 501 4306 relatio
528 4254 659 4319 poet
690 4252 913 4302 nonem
942 4243 1300 4300 Kilclmeiori
1330 4244 1430 4314 qm·
1460 4244 1578 4298 viia
1612 4244 1839 4324 acacii
1856 4258 1911 4298 a.
1936 4239 2091 4297 1552.

153 4314 827 4383 Ipuflaumwnsnine
869 4321 1361 4383 oneratamque
1405 4315 1582 4394 σπειρία
1633 4311 2087 4379 mfraterIo-

152 4399 329 4455 nunes,
373 4403 563 4444 omn
597 4386 810 4511 m
845 4399 913 4438 w
947 4382 1319 4439 Bonnensibus
1350 4382 1634 4435 munis.
1710 4379 1992 4436 Caeterum
2026 4380 2095 4435 de

162 4450 564 4539 Wottquotv.
620 4526 633 4539 ·
770 4453 894 4536 qn·
927 4451 1317 4506 ManaBev-n.
1353 4450 1422 4504 11.
1457 4448 1580 4506 535.

153 4595 321 4648 ..m-0
344 4524 380 4578 ²
410 4521 1257 4650 ὥᾱᾶᾎᾞῖἆωὲἑῖ
1278 4535 1365 4645 Ἧι.
1400 4517 1847 4655 fflffw.
1862 4523 2091 4655 fflt

153 4658 209 4712 ia
244 4660 392 4718 Mas.
426 4662 585 4744 30²?-
617 4660 686 4716 ΙΙ.
721 4665 867 4730 part.
904 4658 977 4741 .V·
1013 4655 1099 4739 ¹39.

343 4729 408 4797 Ι)
455 4730 943 4810 Vmber-ymen
976 4725 1129 4782 docta
1160 4730 1214 4780 et
1245 4742 1284 4780 a
1320 4724 1536 4807 Bucen-o
1568 4729 1884 4793 procurata.

159 4792 1230 4935 Qwufflmffio
1237 4792 1536 4919 accam.
1608 4864 1629 4927 (
1669 4791 2089 4916 am,-

156 4930 308 5130 ἕλ’).
323 5005 405 5141 ξι)
442 5006 531 5062 De
581 5006 670 5061 λῶ
719 5005 881 5061 robus
930 5002 1199 5058 malla
1255 5000 1333 5056 ad
1387 5014 1442 5054 a.
1492 4997 1629 5054 1587
1680 4998 1924 5055 habuisti
1991 4999 2090 5067 (ib.

346 5143 409 5276 ἐξ
438 5146 1218 5269 &amegasio-unaue
1233 5205 1380 5264 dicto
1402 5206 1918 5262 Pridicantenrodel
1938 5205 2089 5260 1546.

157 5274 406 5419 (ΒυοΙκξ)
422 5278 986 5418 pbzoehuqflwh
1023 5274 1171 5345 199.)

1990 452 2151 514 1548
2198 448 2394 515 MAI.

4031 457 4155 522 702

2211 635 2399 701 illum
2470 635 2746 717 Webero,
2800 657 2914 704 eos
2968 639 3352 722 protrahere
3408 662 3523 709 coe
3567 645 3637 708 it.
3738 642 3907 709 Tum
3958 644 4155 710 etiam

2210 721 2386 788 inter
2420 722 2596 789 cives
2640 722 2833 789 valde
2862 722 3182 791 dissensio
3226 726 3449 792 crevit.
3581 736 3612 793 t
3645 749 3752 793 res
3787 749 3863 794 eo
3894 728 4157 795 devenit

2209 807 2278 872 in
2324 815 2560 874 senatu
2601 817 2679 874 ut
2719 810 3056 876 interdum
3101 832 3233 877 non
3268 812 3495 896 procul
3532 812 3614 879 ab
3647 816 3847 881 armis
3883 816 4154 883 abesset.

2210 891 2494 960 Duravit
2538 894 2661 961 hoc
2700 895 2785 960 ad
2829 895 3166 963 biennium
3212 917 3436 980 usque.

2379 979 2646 1046 Interea
2689 980 3086 1047 Lausannae
3130 1001 3216 1065 qu
3300 1004 3385 1049 ue
3421 983 3892 1052 tumultuatum
3932 999 4051 1067 est,
4089 996 4155 1054 et

2209 1064 2613 1149 disputatum
2647 1065 2727 1132 de
2772 1066 3095 1153 dignitate
3129 1069 3493 1146 ministerii,
3538 1078 3605 1135 et
3638 1069 3860 1139 theses
3905 1072 4155 1157 aliquot

2207 1151 2370 1216 satis
2427 1152 2807 1219 ambitiosae
2860 1154 3269 1238 conscriptae
3322 1164 3390 1220 et
3442 1154 3812 1241 disputatae
3868 1158 4151 1240 fuerunt,

2250 1235 2382 1302 uod
2426 1237 2726 1304 minister
2769 1250 2941 1305 esset
2981 1260 3182 1323 supra
3233 1249 3302 1305 et
3343 1241 3518 1306 infra
3559 1262 3785 1310 omnes
3832 1243 4149 1312 homines.

2275 1323 2504 1389 iratum
2545 1332 2769 1389 tamen
2812 1323 3047 1390 harum
3095 1334 3392 1391 autorem
3434 1327 3746 1394 ferebant.
3833 1327 4040 1396 Hisce
4075 1353 4146 1397 se

2163 1418 2170 1423 ’
2205 1409 2508 1492 opposuit
2564 1408 2868 1475 Andreas
2915 1409 3270 1477 Zebedaeus
3329 1411 3638 1493 Flander,
3705 1416 3948 1481 artium
4001 1437 4149 1501 pro-

2205 1493 2430 1560 fessor.
2518 1494 2657 1561 Res
2701 1495 2966 1563 tandem
3003 1496 3291 1563 Bernam
3338 1497 3422 1563 ad
3466 1509 3769 1565 senatum
3814 1501 4047 1581 delata,
4083 1510 4153 1568 et
4176 1506 4199 1511 “

2204 1578 2427 1646 theses
2469 1580 2622 1646 illae
2676 1580 2865 1647 nobis
2909 1583 3248 1657 -ministris
3285 1584 3523 1651 missae
3578 1596 3735 1652 sunt
3778 1595 3853 1652 ut
3895 1589 4148 1654 exami-

2201 1674 2539 1732 narentur.
2629 1667 2775 1734 Hoc
2819 1688 3022 1751 quum
3078 1669 3264 1735 fieret
3307 1670 3595 1736 ministri
3657 1673 3876 1738 minus
3915 1674 3988 1738 in
4045 1673 4151 1740 his

2202 1752 2554 1818 convenire
2597 1762 2955 1837 potuerunt
2998 1775 3195 1838 quam
3240 1755 3751 1823 Lausannenses
3795 1761 4147 1841 potuerint.

2201 1836 2498 1989 Πῢῶἳιφιθ
2561 1860 2720 1924 ergo
2786 1860 2941 1924 pars
2986 1860 3170 1907 suam
3238 1840 3319 1907 ad
3391 1850 3695 1909 senatum
3759 1845 4154 1913 sententiam

2200 1943 2274 1988 re
2378 1924 2445 1988 ·t.

2371 2008 2618 2076 Iisdem
2692 2010 2922 2078 diebus
2974 2011 3058 2077 D.
3112 2011 3496 2097 Naeyelinus
3515 2018 3569 2092 ⁹)
3627 2015 3851 2082 consul
3919 2036 4151 2081 rursus

2199 2096 2610 2162 consulatum
2656 2097 2823 2162 iniit.
2886 2096 2957 2163 Is
2991 2097 3185 2164 valde
3208 2097 3614 2167 Lutheranis
3648 2099 3948 2168 infensus
3991 2112 4150 2168 erat.

2199 2180 2332 2249 Hic
2373 2179 2643 2248 tandem
2686 2203 2805 2265 per
2849 2182 3021 2249 hanc
3062 2185 3463 2251 occasionem
3507 2188 3808 2270 prorupit
3852 2196 3917 2253 et
3957 2208 4149 2254 sena-

2201 2274 2363 2347 tum,
2408 2266 2581 2352 quod
2626 2267 2873 2335 tamdiu
2918 2268 3075 2334 talia
3116 2270 3381 2351 ferrent,
3426 2272 3766 2373 corripuit:
3812 2274 3970 2357 quin
4006 2281 4154 2338 tan-

2202 2350 2350 2420 dem
2395 2351 2553 2419 huic
2597 2356 2690 2420 rei
2731 2355 2933 2419 finem
2978 2356 3405 2439 imponerent,
3465 2366 3532 2422 et
3565 2358 3689 2424 sibi
3733 2367 3799 2423 et
3840 2358 4150 2425 ecclesiae

2201 2458 2358 2505 suae
2413 2440 2701 2522 quietem
2755 2449 3085 2523 pararent.
3177 2439 3284 2507 Ita
3328 2464 3399 2508 re
3443 2442 3527 2508 ad
3573 2443 3887 2511 diacosios
3941 2443 4151 2510 relata

2201 2523 2639 2592 affirmatores
2704 2526 2940 2593 horum
3012 2529 3417 2594 axiomatum
3487 2530 3649 2596 iussi
3712 2538 3869 2597 sunt
3934 2529 4146 2597 solum

2197 2620 2476 2678 vertere.

2372 2696 2523 2778 Quo
2565 2698 2737 2763 facto
2781 2698 2865 2763 D.
2909 2697 3240 2764 Iohannes
3276 2680 3581 2767 Hester-us
3623 2700 3814 2767 modo
3850 2703 4151 2786 Augusta

2200 2781 2698 2849 vindelicorum
2751 2804 3057 2850 reversus
3116 2792 3184 2849 et
3228 2785 3630 2868 amplissimo
3675 2795 3912 2853 senatu
3955 2808 3995 2854 a
4039 2787 4150 2852 Ti-

2194 2870 2454 3020 {urim
2532 2868 2617 2935 ad
2696 2871 3173 2935 successionem
3246 2870 3490 2937 Subori
3564 2873 3951 2957 impetratus
4026 2881 4145 2938 est.

2259 2964 2482 3022 actum
2516 2953 2582 3019 id
2627 2962 2728 3020 est
2772 2954 2833 3021 d.
2886 2959 2942 3020 5.
2992 2955 3157 3021 Maii
3209 2960 3390 3022 1548.
3416 2959 3520 3033 ¹⁰).

3022 3248 3375 3256 m

3078 3467 3273 3539 wa.

2702 3604 3112 3672 VIRE'I'US
3159 3604 3590 3674 CALVINO.

2367 3775 2610 3842 Iterum
2664 3778 2752 3843 ad
2790 3778 2909 3844 iter
2958 3778 3297 3845 Turioense
3353 3798 3498 3845 eum
3528 3784 3842 3863 provocat.
3938 3778 4135 3847 Prae-

2191 3868 2359 3929 terea
2399 3864 2783 3930 commendat
2822 3862 3097 3930 Beatum
3140 3863 3304 3930 Bar.

2195 4034 2305 4100 (Ex
2340 4035 2680 4104 autographo
2712 4034 2842 4092 Cod.
2877 4035 3040 4092 Goth.
3056 4033 3345 4174 35⁰3ss
3382 4033 3498 4089 105.
3535 4063 3602 4074 —
3642 4035 3833 4090 Edidit
3865 4037 4148 4094 Brouohn.

2368 4293 2633 4358 Eximio
2677 4294 2830 4359 Iesu
2874 4292 3127 4359 Ohristi
3172 4312 3362 4358 servo
3404 4293 3490 4358 D.
3535 4293 3771 4358 Ioanni
3819 4293 4094 4360 Oalvino

3502 4378 3839 4445 Genevae.

2367 4513 2439 4581 S.
2508 4512 2684 4597 Quia
2746 4516 2966 4582 nescio
3029 4515 3272 4600 quibus
3334 4515 3781 4601 praepediaris
3847 4516 4142 4602 negotiis,

2191 4620 2326 4666 non
2371 4599 2583 4668 audeo
2627 4611 2694 4667 te
2735 4622 2974 4687 urgere
3018 4601 3476 4668 vehementius
3531 4608 3608 4667 ut
3650 4610 3717 4665 te
3758 4600 3843 4667 ad
3896 4601 4143 4686 probe-

2192 4687 2442 4752 tionem
2496 4688 2818 4774 accingas,
2886 4686 2967 4753 de
3020 4708 3148 4771 qua
3216 4687 3298 4755 ad
3355 4698 3422 4754 te
3481 4688 3796 4769 scriptum
3860 4699 3978 4755 est.
4062 4686 4146 4755 Si

2272 5067 2280 5076 ἢ
2396 4926 2808 5078 {astagius
2849 4966 3075 5079 hainu-
3107 4967 3394 5053 madonis
3461 4995 3697 5066 aliquem
3764 4995 4142 5077 miscrorum

2188 5064 3119 5134 suasu-pudocoeclamverbu.
3177 5062 4151 5136 GommmusdeRumlaanud

2193 5219 2263 5259 ex
2292 5205 2510 5286 mu
2541 5209 3033 5327 moun-:madum
3061 5201 3502 5339 [umam.
3574 5148 3786 5327 &a
3893 5199 4146 5285 ,Κινώ-

2197 5287 2343 5328 'aa'
2361 5288 2449 5327 a..
2519 5287 2565 5325 υ,
2575 5287 2680 5325 ..ω
2997 5287 3048 5326 α,
3069 5285 3146 5325 ¹⁰·
3275 5276 3341 5327 uu
3360 5285 3537 5326 &⁸⁸⁸⁶
3740 5311 3756 5339 7
3881 5272 4141 5342 ησιωικιπ

2195 5357 2524 5412 prorupisse.
