4825 6175
224 402 322 465 161

211 582 612 653 ecclesiarum
685 583 1098 652 incommodo
1162 606 1234 651 se
1309 584 1496 653 nobis
1560 588 1632 653 in
1694 586 1818 655 hoc
1878 587 2142 672 negotio

212 667 775 740 commodaturum.
864 669 1012 738 Hoc
1071 693 1228 757 ergo
1285 682 1362 737 ut
1417 673 1650 739 testari
1694 674 1910 739 velitis
1952 692 2143 757 roga-

205 776 371 823 mus:
449 753 707 821 nullum
771 777 949 822 nunc
1013 777 1157 823 esse
1219 756 1393 840 apud
1457 780 1574 825 vos
1646 767 1767 825 aut
1836 759 1909 825 in
1984 778 2143 843 agro

203 840 516 909 Bernensi
556 839 793 919 locum,
838 840 953 907 ubi
987 850 1339 926 occupetur
1374 842 1773 925 Franci-scus,
1816 864 1892 911 ac
1934 843 2142 911 satius

203 947 337 995 esse
391 925 502 992 hic
558 925 937 1010 impendere
1004 948 1190 994 suam
1243 949 1510 1013 operam
1564 928 1850 996 Domino
1865 980 1883 1008 ,
1939 949 2142 1014 quam

199 1009 365 1097 apud
419 1030 540 1077 vos
596 1011 892 1079 desidere
951 1014 1249 1081 otiosum.
1337 1014 1576 1081 Valete
1589 1065 1605 1093 ‚
1659 1016 1898 1081 fratres
1953 1012 2141 1081 nobis

198 1096 511 1165 carissimi
552 1106 621 1163 et
674 1096 1055 1165 honorandi.
1144 1100 1476 1167 Dominus
1517 1121 1634 1167 vos
1676 1108 2023 1167 conservet
2064 1120 2141 1166 ac

196 1182 431 1268 dirigat
492 1184 562 1248 in
633 1183 942 1251 ecclesiae
1014 1206 1171 1252 suae
1249 1184 1782 1253 aedificationem.
1895 1189 2138 1252 Amen.

196 1268 503 1336 Genevae
548 1273 605 1335 5.
651 1266 839 1336 eidus
881 1269 1214 1354 Septemb.
1235 1275 1291 1349 ⁸)

760 1405 1045 1475 Ioannes
1088 1407 1406 1476 Oalvinus
1448 1408 1724 1474 fratrum
1769 1406 2049 1475 nomine.

961 1701 1371 1714 ἡ

1092 1917 1248 1990 695.

722 2054 1195 2124 OALVINUS
1241 2053 1611 2122 VIRE‘I'O.

350 2223 867 2294 Prouincialium
908 2247 1106 2294 eausa
1146 2233 1206 2294 et
1245 2228 1324 2293 ab
1359 2225 1662 2292 Helvetiis
1703 2232 1761 2292 et
1801 2226 1872 2292 in
1921 2226 2146 2293 Gallio

174 2312 605 2397 neyliyenbius
647 2317 705 2377 et
739 2313 1116 2380 invidiosius
1158 2318 1440 2379 tractata
1508 2311 1750 2378 Iterum
1783 2313 1860 2379 de
1880 2312 2145 2380 Deotheo

179 2396 511 2464 Genevam
542 2399 816 2465 vocando
852 2398 939 2464 ad
973 2398 1418 2482 capessendum
1449 2418 1680 2466 munus
1698 2398 2142 2464 scholasticum.

169 2568 341 2692 ἓΔοέιο
451 2570 607 2639 phon
641 2569 805 2623 hodie
840 2585 950 2625 non
985 2574 1182 2623 exstat.
1252 2569 1514 2639 Superest
1548 2570 1825 2639 exemplar
1861 2569 2143 2624 Ionvillaei

445 2656 504 2691 n.
555 2636 696 2691 111⁸,
745 2637 835 2691 fol.
885 2636 981 2703 30,
1030 2654 1097 2691 ex
1185 2654 1254 2691 uo
1301 2638 1550 2692 derivata
1595 2644 1723 2692 sunt
1768 2645 1986 2692 caetera
2029 2638 2143 2691 scil.

171 2706 468 2761 Tun-otini
526 2705 655 2761 cod.
694 2705 824 2773 111,
869 2706 961 2760 fol.
1003 2656 1458 2772 125Jffiernense
1503 2707 1646 2777 Epp.
1684 2706 1804 2761 vn.
1890 2747 1902 2760 .
1950 2704 2051 2760 717
2089 2712 2146 2760 et

171 2776 392 2830 Simleri
433 2775 571 2829 Vol.
605 2774 690 2829 58.
762 2775 1029 2897 AngliceT
1041 2791 1227 2914 νῗιΙ-εαρ
1244 2776 1445 2909 Ιοιςξιιιι·
1490 2793 1577 2845 ap.
1614 2776 1850 2830 Bennet-
1928 2777 2144 2830 nstable

339 3032 419 3100 S.
527 3030 754 3114 Quum
809 3041 1028 3098 turma
1072 3054 1206 3099 una
1258 3034 1516 3116 piorum
1542 3030 1588 3118 ¹)
1645 3030 1777 3098 huc
1835 3032 2144 3112 venisset,

165 3140 240 3186 ac
307 3118 653 3203 quaedam
720 3117 1017 3184 audirem
1082 3140 1248 3202 quae
1315 3119 1434 3184 tibi
1509 3139 1641 3183 non
1709 3119 1939 3203 ignota
2003 3140 2145 3184 esse

159 3226 594 3290 magnopere
637 3202 721 3269 ad
764 3225 903 3270 rem
949 3206 1332 3287 pertineret,
1394 3203 1575 3270 volui
1630 3211 1705 3268 ut
1757 3202 1842 3268 ad
1898 3214 1965 3270 te
2018 3204 2147 3269 duo

163 3293 399 3357 statim
462 3289 1059 3375 proficiscerentur.
1159 3290 1500 3374 Intelliges
1555 3288 1872 3355 Satanam
1927 3290 2149 3355 omnia

159 3377 564 3443 machinari
579 3427 596 3455 ,
649 3384 729 3440 ut
783 3382 1041 3441 avertat
1093 3375 1178 3440 ab
1219 3376 1351 3441 illis
1392 3374 1814 3443 sublevandis
1855 3377 2147 3441 omnium

162 3465 432 3530 animos
483 3472 563 3529 et
603 3461 811 3547 Regis
863 3461 1352 3544 aulicorumque
1408 3461 1751 3527 saevitiam
1810 3462 1941 3526 iam
1999 3460 2148 3544 plus

159 3550 325 3616 satis
373 3557 662 3615 acutam
698 3547 910 3632 magis
954 3556 1163 3613 acuat.
1231 3547 1347 3613 Me
1382 3567 1635 3631 quoque
1656 3546 1967 3624 Helvetii,
2012 3566 2150 3611 non

159 3633 599 3717 pensionarii
657 3632 848 3698 modo
863 3684 877 3710 ,
933 3631 1050 3698 sed
1105 3633 1475 3717 quicunque
1532 3631 1999 3715 epicurismum
2043 3652 2148 3698 sa-

157 3721 374 3803 piunt,
427 3721 614 3785 mire
657 3718 976 3797 lacerant,
1031 3718 1202 3800 quod
1262 3727 1528 3803 gentem
1585 3737 1775 3782 suam
1827 3719 1898 3782 in
1942 3718 2148 3803 Regis

157 3806 396 3872 odium
447 3824 616 3870 mea
657 3804 1152 3887 importunitate
1186 3805 1522 3869 traxerim.
1589 3801 1723 3869 Sed
1769 3802 1932 3867 nihil
1978 3804 2148 3868 tanti

158 3895 246 3957 sit
303 3891 506 3976 quod
572 3911 691 3956 nos
749 3890 832 3956 ab
891 3890 1103 3955 officio
1157 3891 1305 3972 plus
1361 3909 1558 3973 quem
1626 3889 1989 3955 necessario
2045 3910 2150 3955 re·

156 3988 500 4044 moretur.
1467 4029 1490 4058 ,

339 4062 648 4130 Carolus
666 4065 723 4137 2)
764 4060 1219 4145 ludimagister
1233 4110 1250 4140 ,
1306 4060 1374 4124 in
1434 4062 1618 4125 cuius
1660 4060 1943 4144 gratiam
1985 4059 2150 4124 mihi

161 4148 620 4216 Sebastianus
676 4147 1106 4214 maledicebat
1121 4198 1136 4225 ,
1195 4144 1415 4212 nescio
1473 4164 1603 4228 qua
1657 4167 1773 4230 spe
1826 4144 2151 4212 abductus

155 4233 386 4301 locum
438 4234 764 4300 deseruit.
856 4231 1270 4300 Romi-scum
1312 4230 1785 4297 destinavimus
1826 4251 2152 4297 successo-

155 4341 323 4399 rem,
372 4320 508 4386 sed
564 4318 722 4402 quia
763 4319 1011 4385 mensis
1062 4318 1258 4383 unius
1313 4317 1693 4401 pensionem
1746 4338 1834 4381 ex
1890 4315 2152 4382 scholae

156 4415 441 4473 vestrae
511 4404 865 4489 stipendiis
919 4410 1284 4488 receperat,
1357 4404 1573 4468 visum
1630 4403 1758 4467 fuit
1812 4400 2152 4467 honestius

155 4493 296 4559 fore
344 4494 410 4558 si
451 4498 628 4557 ante
672 4491 935 4556 veniam
988 4496 1058 4555 et
1109 4489 1489 4556 missionem
1546 4494 1796 4572 peteret
1836 4509 1877 4553 a
1919 4493 2152 4553 senatu

155 4577 557 4644 Beruensi:
615 4596 746 4659 qua
800 4576 874 4640 in
926 4596 1000 4640 re
1050 4574 1220 4640 nihil
1276 4574 1404 4639 erit
1455 4573 1703 4658 negotii
1719 4624 1737 4653 ,
1802 4580 1879 4638 ut
1942 4593 2149 4657 spero.

155 4663 377 4730 Petiit
424 4663 653 4730 etiam
701 4661 879 4727 Pari
897 4659 955 4747 ⁸)
998 4660 1288 4745 collegae
1330 4659 1540 4725 nostri
1573 4658 1944 4726 avunculus
1978 4679 2152 4726 com·

374 4895 2046 4968 ffisslfflmexlocoEp.692,not.7facileefficie-s.

179 4972 330 5027 095.
371 4973 441 5038 1)
487 4970 600 5025 Ex
635 4968 942 5025 Provincia
971 4969 1344 5038 prof-«qoam.

374 5038 1297 5109 mDehoceaaequedmi-ato
1341 5033 2151 5105 maman-’dompmea-

376 5148 469 5244 3)'
495 5174 646 5230 Duo
688 5180 820 5230 tm
859 5174 1025 5229 hum
1076 5174 1317 5228 nome-a
1361 5179 1519 5228 mm
1590 5171 1836 5227 ocum
1896 5171 2152 5241 neuun-c,

162 5242 783 5373 ffluffiw‘
813 5248 867 5298 a
902 5241 969 5298 P.
1003 5240 1258 5298 Nm.
1330 5242 1482 5298 Huic
1521 5242 1820 5312 posteriori
1849 5242 2032 5296 mem
2062 5241 2152 5307 fa-

387 5397 646 5459 Calventi
672 5412 860 5466 opera·
946 5396 1062 5453 Vol.
1099 5394 1249 5450 XII.

1860 403 2022 467 1545
2079 397 2535 471 SEPTEMB.

4080 404 4204 468 162

2246 590 2732 659 mendationem
2774 611 2971 675 quam
3015 610 3238 658 secum
3280 590 3427 658 fert.
3515 587 3593 657 Si
3650 609 3813 673 opus
3864 588 4005 656 fore
4047 610 4203 655 cen-

2246 675 2457 744 sueris
2498 677 2642 762 ipse
2680 697 2935 761 quoque
2977 674 3320 744 adiuvabis
3363 683 3478 741 tuo
3512 675 3844 760 suffragio.
3931 674 4200 741 Bonum

2245 761 2460 828 virum
2506 772 2574 829 et
2614 762 2976 847 simplicem
2990 813 3008 842 ,
3065 762 3363 846 quietum
3417 769 3487 827 et
3526 760 3895 827 modestum
3938 781 4205 844 semper

2243 850 2692 931 cognovimus.
2794 849 3008 914 Aiunt
3061 868 3214 913 eum
3265 846 3548 913 fideliter
3598 846 3670 911 in
3735 845 4077 928 provincia
4129 854 4203 913 et

2242 952 2393 998 cum
2437 934 2652 1000 fructu
2697 934 2770 999 in
2813 933 3009 1000 vinea
3051 932 3324 998 Domini
3366 932 3714 999 laborasse.
3802 931 3987 998 Bene
4029 932 4195 998 vale.

2244 1016 2576 1086 Dominus
2618 1019 2740 1087 tibi
2783 1017 2955 1086 adsit
2995 1026 3331 1103 perpetuo.
3349 1021 3408 1093 ⁴)

3343 1154 3435 1220 Ic.
3485 1151 3803 1221 Oalvinus
3844 1160 4019 1219 tuus.

3020 1449 3423 1457 m——c——n—

3148 1662 3297 1734 69⁶.

2760 1799 3191 1869 BUOERUS
3236 1800 3674 1872 OALVINO.

2422 1971 2672 2038 Narrat
2706 1971 2864 2054 quid
2906 1971 3266 2053 Imperator
3304 1994 3509 2056 nuper
3549 1994 3690 2041 eum
3712 1975 4197 2058 Archiepiscopo

2251 2055 2607 2125 Coloniensi
2648 2056 3011 2123 Hennam
3051 2059 3257 2141 eyerit,
3297 2061 3357 2126 ei
3398 2079 3474 2124 ne
3512 2061 3681 2126 ultra
3715 2062 4199 2145 proyrederetur

2247 2145 2318 2210 iot
2358 2145 2651 2209 iotstituta
2691 2144 3128 2225 reformatione
3159 2163 3365 2211 severe
3398 2145 3749 2230 imitamen-3,
3789 2148 3913 2213 imo
3955 2151 4027 2212 ut
4068 2168 4197 2214 om-

2247 2228 2859 2311 niainpristinum
2910 2233 3141 2294 statum
3190 2231 3552 2296 restitueret.
3649 2233 3792 2314 Quo
3855 2233 4197 2299 dereille

2245 2335 2410 2381 nune
2459 2313 2943 2381 Protestmutium
2988 2315 3320 2382 consilium
3360 2316 3669 2398 implorat.

2252 2486 2398 2551 (Duo
2451 2489 2671 2539 exstant
2716 2486 3049 2554 exemplaria
3092 2486 3151 2539 in
3206 2486 3538 2540 bibliotheca
3583 2487 3895 2556 Basiliensi,
3942 2499 4195 2544 neutrum

2250 2560 2481 2625 autogra
2518 2554 2658 2618 hon,
2692 2560 2983 2635 utrumqne
3017 2553 3360 2636 mendosum:
3409 2556 3564 2610 MSS.
3599 2556 3663 2611 G.
3700 2558 3744 2611 Ι.
3782 2556 3867 2621 66,
3902 2556 3994 2612 fol.
4030 2557 4101 2612 80
4136 2564 4198 2611 et

2250 2623 2317 2677 G.
2350 2622 2392 2677 1.
2499 2663 2513 2689 ,
2549 2622 2641 2676 fol·
2675 2621 2759 2676 44.
2831 2623 3115 2676 Lectiones
3152 2623 3435 2676 evidenter
3467 2624 3631 2679 falsas
3668 2631 3762 2678 aut
3795 2631 4075 2696 suspectas
4111 2644 4196 2680 as·

2933 2692 3146 2745 tei-iscis
3181 2695 3475 2759 notamus.)

2248 2861 2635 2928 Olarissimo
2676 2861 2821 2928 viro
2866 2861 2948 2927 D.
2985 2860 3079 2926 10.
3117 2860 3395 2929 Calvino
3437 2863 3746 2930 ecclesiae
3783 2863 4201 2932 Genevensis

2246 2948 2495 3031 pastori
2537 2947 3042 3033 vigilantissimo
3099 2959 3680 3099 sixti-{mystae
3738 2951 4072 3016 carissimo
4130 2960 4201 3015 et

2423 3170 2759 3236 Instituite
2833 3190 3061 3253 preces
3140 3178 3381 3255 quanto
3460 3173 3728 3256 potestis
3794 3173 4009 3238 studio
4078 3195 4201 3256 pro

2249 3277 2455 3341 regno
2500 3255 2750 3322 Christi
2767 3306 2783 3335 ,
2827 3256 3002 3339 quod
3046 3254 3260 3323 Satan
3306 3257 3380 3322 in
3422 3258 3778 3324 electoratu
3823 3257 4198 3325 Coloniensi

2249 3355 2547 3409 extremo
2588 3342 2841 3425 impetu
2880 3341 3065 3425 petit.
3150 3342 3519 3426 Imperator
3571 3345 3959 3426 promiserat
4012 3346 4200 3411 stati-

2248 3429 2372 3494 bus
2413 3426 3082 3510 imperii‘Oolmariae,
3127 3450 3199 3494 se
3231 3429 3436 3494 amice
3471 3439 3771 3495 acturum
3812 3430 3987 3495 inter
4025 3431 4201 3512 epis-

2249 3534 2483 3595 copnm
2527 3523 2594 3578 et
2634 3512 3125 3595 pseudoclerum
3168 3513 3320 3580 illic.
3407 3515 3662 3579 Verum
3705 3515 3819 3580 ubi
3852 3513 4201 3581 Coloniam

2250 3601 2434 3665 venit
2457 3601 2506 3675 ¹)
2550 3608 2857 3665 vocatum
2898 3597 2983 3665 ad
3016 3620 3088 3665 sc
3121 3600 3494 3683 episcopum
3528 3600 3933 3683 gravissimis
3975 3601 4201 3667 verbis

2249 3685 2576 3767 increpuit
2631 3683 2713 3749 de
2765 3685 3026 3753 novatis
3070 3684 3491 3768 religionibus
3507 3736 3524 3764 ,
3582 3694 3779 3768 atque
3832 3686 4203 3769 postulavit

2251 3778 2327 3835 ut
2368 3771 2440 3834 in
2485 3770 2835 3853 pristinam
2878 3769 3152 3834 formam
3205 3770 3382 3835 viam
3441 3779 3753 3836 novatam
3797 3772 4194 3838 restitueret.

2251 3855 2622 3938 Respondit
2675 3855 3014 3938 episcopus
3087 3877 3159 3920 se
3212 3855 3376 3920 nihil
3431 3877 3742 3936 novasse,
3800 3857 3913 3923 sed
3967 3867 4197 3924 vetera

2252 3949 2602 4026 praecepta
2645 3949 2713 4004 et
2754 3940 3060 4005 instituta
3098 3941 3349 4007 Christi
3401 3941 3765 4008 restituisse
3821 3963 3939 4026 pro
3982 3944 4199 4009 officio

2255 4048 2373 4093 suo
2431 4037 2501 4091 et
2558 4033 2818 4109 accepto
2872 4026 3274 4108 Ratisponae
3335 4025 3664 4092 mandato.
3766 4027 4138 4112 Imperator
4158 4034 4201 4071 ὓ

2254 4133 2325 4179 se
2368 4111 2543 4177 nolle
2585 4132 2736 4177 cum
2769 4132 2845 4177 eo
2890 4111 3014 4178 hac
3059 4111 3138 4177 de
3183 4135 3254 4177 re
3297 4112 3664 4195 disputare:
3710 4115 4094 4180 novationes
4127 4116 4201 4179 in

2255 4198 2602 4263 manifesto
2645 4217 2804 4275 esse,
2846 4217 2956 4261 eas
2999 4197 3371 4280 pontificem
3416 4198 3586 4264 serre
3630 4220 3760 4263 non
3817 4200 3986 4266 velle
4001 4250 4018 4280 ,
4076 4221 4204 4266 nec

2255 4306 2326 4351 se
2387 4291 2464 4349 ut
2519 4281 2926 4348 obedientem
2991 4281 3161 4347 sedis
3228 4303 3537 4349 romanae
3601 4283 3813 4348 filium
3875 4285 3949 4349 in
4013 4306 4202 4350 exse-

2256 4368 2517 4452 quendo
2581 4367 2974 4433 sententiam
3036 4368 3364 4451 pontificis
3430 4377 3862 4435 cessaturum:
3929 4370 4083 4448 imo,
4140 4370 4201 4434 si

2254 4455 2550 4538 pontifex
2594 4461 2897 4532 cessaret,
2940 4474 3011 4518 se
3054 4459 3278 4518 tamen
3314 4476 3447 4519 non
3484 4454 3776 4520 laturum
3818 4456 4203 4522 novationes

2252 4540 2423 4605 illas.
2511 4538 2772 4605 Obiecit
2810 4539 3154 4621 episcopus
3195 4537 3456 4606 decreta
3496 4539 3882 4623 imperialia,
3924 4539 4203 4606 verbum

2255 4624 2548 4702 Domini,
2591 4644 2893 4703 canones,
2944 4624 3412 4690 conscientiam
3465 4646 3677 4692 suam:
3748 4633 3815 4691 et
3866 4625 4057 4710 petiit
4110 4625 4205 4691 si-

2254 4710 2396 4776 mul
2440 4711 2725 4793 spatium
2768 4707 3173 4775 deliberandi
3213 4709 3285 4775 in
3327 4732 3400 4776 re
3435 4719 3571 4775 tam
3607 4711 3813 4795 gravi,
3838 4719 4205 4860 ‘postquam

2256 4796 2642 4879 praecipuos
2686 4793 3003 4878 quosdam
3046 4795 3449 4863 consiliarios
3501 4816 3653 4862 suos
3707 4817 3835 4878 apu
3937 4817 4010 4861 se
4067 4817 4205 4862 non

2253 4881 2544 4947 haberet.
2613 4879 2816 4945 Dedit
2858 4878 3219 4964 Imperator
3258 4895 3517 4947 noctem
3560 4881 3644 4946 ad
3686 4879 4206 4962 deliberandum,

2463 5170 2527 5237 4)
2571 5169 4207 5239 Eodemdieseriptavidemracpraecedens,abiiedon

2269 5239 2452 5294 Vireto
2486 5240 2713 5309 tradito,
2746 5238 2973 5309 ideoque
3004 5238 3188 5294 indice
3218 5238 3494 5294 danim

2277 5307 2423 5362 698.
2460 5307 2515 5375 1)
2553 5308 2854 5365 Electoren
2871 5309 3120 5363 mcci-it
3136 5307 3190 5363 d.
3210 5304 3292 5361 15.
3310 5307 3562 5378 Amasti.
3597 5305 3883 5445 (Βοοξῖοιᾱ.
3902 5306 4026 5364 111.
4044 5305 4213 5374 554.)
