4825 6175
679 450 803 513 707
2163 431 2694 504 EPISTOLAE
2747 436 3162 499 1025—1027
4021 408 4027 413 ’
4211 432 4216 438 ·
4518 433 4643 495 ⁷08

599 688 608 693 .
671 633 928 717 aperire
971 639 1037 697 et
1078 629 1408 698 celebrare
1449 629 1815 696 concilium.
1901 628 2029 693 Est
2069 632 2291 692 autem
2315 621 2614 722 ‘Interim
2657 629 2663 733 4

671 717 837 784 illud
880 715 1060 782 aliud
1103 714 1266 780 nihil
1310 735 1506 798 quam
1548 717 1689 799 ipse
1732 713 2084 797 papismus.
2174 708 2333 775 Vid1
2377 715 2611 807 caplta3

671 803 833 870 Vidi
874 811 941 868 et
982 802 1350 887 principum
1395 801 1866 884 responsiones,
1919 817 2146 864 eorum
2186 796 2461 879 inquam
2504 813 2617 876 qm

671 913 743 956 se
778 888 1113 973 appellant
1133 886 1502 953 catholicos.
1568 886 1666 951 Hi
1699 885 2026 969 recipiunt
2059 881 2613 967 compositionem.

669 975 907 1059 Cogita
940 973 1152 1057 qualis
1187 973 1562 1055 compositio
1597 972 1687 1038 sit
1720 992 1917 1054 quam
1950 969 2139 1052 impii
2173 966 2285 1033 isti
2328 974 2395 1032 et
2416 965 2614 1063 Anti-

669 1061 904 1129 christi
948 1058 1177 1125 vasalli
1211 1058 1553 1140 recipiunt.
1619 1057 2060 1123 Cornicantur
2098 1054 2315 1119 nescio
2349 1051 2507 1136 quid
2542 1071 2616 1114 1n

672 1145 963 1214 articulis
1008 1144 1091 1209 de
1133 1155 1408 1226 utraque
1451 1144 1684 1224 specie,
1731 1142 1811 1208 de
1854 1140 2159 1225 coniugio
2201 1137 2615 1205 sacerdotum

672 1240 793 1299 etc.
882 1230 1042 1296 Vidi
1086 1240 1153 1295 et
1196 1228 1688 1295 Melancmonis
1731 1228 2094 1295 consilium.
2183 1226 2371 1291 Deus
2429 1224 2614 1301 bone,

672 1338 869 1401 quam
912 1314 1228 1400 pavidum
1273 1324 1341 1380 et
1381 1314 1679 1380 luxatum
1700 1315 1714 1378 1
1739 1317 1794 1396 ⁹)
1860 1312 1974 1380 Sic
2010 1319 2234 1380 autem
2274 1310 2460 1376 docet
2493 1327 2616 1373 nos

670 1404 875 1481 Deus,
916 1423 1124 1484 neque
1158 1400 1580 1484 principibus,
1619 1421 1831 1483 neque
1866 1399 2027 1467 viris
2062 1396 2287 1474 doctis,
2324 1395 2615 1479 adeoque

671 1489 838 1555 nulli
877 1488 1063 1554 carni
1104 1485 1259 1571 quid
1306 1506 1459 1551 uam
1498 1484 1839 1552 confidere.
1905 1485 2166 1549 Bonum
2210 1489 2312 1547 est
2352 1499 2617 1565 sperare

670 1576 745 1639 in
787 1574 1162 1639 Dominum.
1326 1594 1452 1637 unc
1496 1571 1815 1639 orandum
1867 1571 1999 1637 scio
2042 1568 2500 1634 indesinenter
2545 1573 2617 1631 ut

673 1680 938 1728 causam
983 1678 1170 1725 suam
1212 1658 1549 1723 sustineat.

841 1745 999 1810 Misi
1057 1764 1281 1825 nuper,
1347 1741 1505 1807 dum
1559 1742 1816 1826 legatus
1869 1750 2092 1806 noster
2147 1741 2273 1805 iret
2322 1740 2394 1803 in
2455 1736 2618 1804 Gal-

670 1829 849 1906 liam,
920 1829 1131 1894 multa
1195 1826 1274 1892 de
1346 1829 1543 1894 rebus
1601 1827 1992 1893 Germaniae
2053 1846 2191 1891 una
2254 1846 2403 1891 cum
2471 1844 2619 1889 mea

671 1914 1111 1999 responsione.
1200 1914 1421 1979 Huius
1476 1914 1834 1979 meministi
1891 1914 1961 1978 in
2015 1912 2223 1978 literis
2266 1911 2418 1989 tuis,
2473 1909 2617 1973 illa-

671 2022 823 2067 rum
865 2021 998 2065 non
1044 1999 1392 2065 neministi.
1460 1998 1672 2065 Miror
1714 2020 1800 2064 an
1843 1998 2182 2082 receperis.
2271 1997 2413 2061 Iam
2465 2016 2618 2062 vero

668 2107 802 2151 non
847 2087 970 2151 fuit
1012 2085 1217 2151 otium
1263 2093 1402 2151 tam
1443 2085 1698 2168 copiose
1742 2085 1964 2151 omnia
2006 2082 2351 2150 scribendi.
2439 2080 2615 2147 Gon-

668 2172 1079 2248 stantienses,
1108 2173 1190 2247 ιο)
1216 2172 1495 2254 permoti
1519 2168 2094 2254 pollicitationibus
2117 2167 2352 2251 amplis
2386 2186 2615 2233 eorum

667 2258 781 2339 qui
823 2280 893 2323 se
937 2266 1309 2340 sequestres
1352 2256 1909 2339 interposuerunt,
1975 2255 2368 2339 legationem
2428 2253 2615 2318 mise·

667 2352 824 2407 runt
868 2342 1212 2408 honestam
1246 2341 1328 2407 ad
1374 2341 1725 2407 Gaesarem
1750 2344 2137 2426 Augustam,
2183 2340 2266 2406 D.
2292 2339 2616 2404 Thomam

669 2427 1063 2494 Blamrum
1140 2428 1493 2505 consulem,
1556 2426 1642 2492 D.
1709 2428 1986 2493 Petrum
2054 2425 2469 2504 Laibardum,
2550 2436 2617 2490 et

666 2512 754 2591 D.
778 2513 1260 2596 Hieronymum
1297 2513 1672 2596 Hyrnsium.
1740 2512 1835 2578 Hi
1856 2516 2196 2597 Augustae
2227 2511 2506 2576 haerent
2529 2515 2550 2550 ¹
2568 2514 2613 2588 ¹)

669 2597 883 2665 adhuc
944 2608 1010 2663 et
1072 2599 1504 2682 experiuntur
1556 2599 1752 2683 longe
1806 2598 1935 2663 alia
1989 2619 2188 2681 quam
2247 2606 2614 2680 sequestres

668 2685 1123 2768 promiserant.
1234 2685 1598 2768 Episcopus
1674 2684 2079 2750 Arelatensis
2158 2683 2262 2750 vel
2343 2680 2614 2746 Atreba-

670 2770 876 2836 tensis
901 2772 985 2847 12)
1028 2771 1170 2853 agit
1212 2792 1360 2836 cum
1404 2770 1553 2836 illis.
1642 2769 1954 2835 Nondum
1988 2776 2346 2853 potuerunt
2391 2768 2614 2833 venire

627 2855 738 2919 ‚in
800 2866 1218 2939 conspectum
1276 2855 1591 2921 Caesaris.
1697 2856 2063 2938 Episcopus
2111 2873 2424 2937 magnam
2479 2852 2614 2918 vim

668 2940 988 3023 pecuniae
1034 2942 1115 3005 ab
1159 2940 1291 3006 illis
1335 2942 1561 3023 poscit.
1652 2940 1867 3025 Urget
1908 2940 2390 3007 restitutionem
2449 2939 2616 3021 epis-

670 3026 816 3108 copi
857 3025 1378 3093 Oonstantiensis
1422 3036 1541 3094 etc.
1609 3026 1790 3109 Quid
1831 3026 2072 3093 facturi
2106 3025 2244 3092 sint
2269 3028 2354 3103 ¹³)
2401 3023 2616 3092 adhuc

668 3112 1027 3196 ignoratur.
1126 3113 1271 3196 Ego
1338 3111 1528 3179 video
1592 3114 1813 3178 omnia
1875 3112 2005 3178 huc
2066 3120 2483 3196 prospectare
2549 3118 2617 3176 et

668 3197 1091 3280 propendere,
1134 3208 1211 3263 ut
1250 3199 1361 3282 qui
1401 3201 1638 3264 sinceri
1680 3200 1752 3263 in
1795 3198 2114 3283 religione
2154 3218 2299 3264 esse
2342 3198 2617 3280 cupiunt

669 3285 808 3367 igni
867 3291 932 3348 et
975 3284 1146 3349 ferro
1203 3285 1338 3350 sint
1393 3282 1730 3369 probandi.
1817 3286 1911 3350 At
1953 3284 2088 3351 scio
2131 3284 2395 3349 interim
2440 3285 2615 3349 veri-

671 3379 871 3435 tatem
937 3378 1005 3434 et
1062 3369 1371 3452 pietatem
1432 3393 1510 3437 su
1558 3378 1907 3439 oraturam.
1993 3370 2144 3435 Non
2211 3368 2419 3436 deerit
2473 3368 2617 3435 suis

670 3455 1016 3521 Dominus.
1104 3456 1445 3522 Articulus
1547 3478 1584 3522 e
1627 3459 2072 3536 sacramentis,
2133 3456 2478 3540 praecipue
2537 3452 2618 3520 de

672 3541 1067 3607 eucharistia
1107 3541 1178 3607 in
1199 3541 1477 3607 Interim
1522 3551 1697 3608 totus
1733 3551 1835 3608 est
1876 3543 2249 3627 papisticus.
2336 3542 2510 3607 Puto
2545 3539 2617 3604 id

671 3646 805 3690 non
861 3627 1003 3693 sine
1057 3626 1472 3710 providentia
1535 3629 1799 3708 factum,
1870 3637 1947 3694 ut
2009 3629 2104 3695 sic
2163 3625 2427 3693 tandem
2471 3628 2618 3710 ipsa

673 3711 919 3777 veritas
961 3723 1443 3796 extorqueatur.
1521 3715 1846 3781 Dominus
1890 3714 2064 3781 adsit
2107 3713 2415 3779 ecclesiae
2460 3733 2618 3778 suae

676 3808 742 3861 et
785 3806 1004 3863 servet
1048 3819 1167 3863 nos
1194 3800 1278 3881 ¹⁴)
1323 3801 1390 3863 in
1437 3810 1660 3867 sancto
1703 3822 1822 3866 suo
1856 3801 2138 3865 nomine.
2184 3799 2372 3864 Vale.
2421 3798 2615 3865 Salu-

675 3883 846 3948 tabis
888 3881 1155 3949 domum
1201 3894 1268 3949 et
1322 3894 1720 3971 symmystas
1761 3895 1928 3953 tuos.
2017 3885 2249 3970 Tiguri
2307 3889 2406 3950 26.
2456 3885 2620 3950 Maii

678 3989 848 4032 anno
901 3969 1080 4034 1545.

1804 4058 2234 4142 Bullingerus
2277 4063 2449 4126 tuus.

876 4190 933 4256 9)
975 4190 1084 4245 Hic
1116 4194 1205 4246 vir
1240 4207 1478 4245 summus
1511 4192 1773 4248 immerito
1790 4199 2031 4248 notatur.
2080 4191 2214 4246 Duo
2249 4194 2474 4261 scripsit
2496 4208 2618 4247 con-

671 4259 818 4324 silia,
867 4266 1095 4328 royante
1132 4261 1406 4315 Mauritio
1453 4263 1669 4315 electore
1717 4262 1903 4330 (Gorp.
1944 4261 2066 4326 Res.
2107 4262 2203 4315 VI.
2250 4259 2354 4315 839
2389 4260 2527 4331 sqq.)
2566 4266 2618 4316 et

670 4328 907 4383 candide
941 4328 1182 4383 declarat
1217 4345 1271 4382 se
1316 4344 1473 4384 suam
1522 4332 1901 4385 conscientiam
1954 4332 2057 4386 tali
2098 4331 2238 4386 Ζῶνο
2284 4332 2617 4412 obstringere

669 4397 752 4451 vel
795 4397 982 4465 potius
1014 4413 1074 4450 eo
1123 4405 1338 4465 accepto
1384 4414 1612 4453 onerare
1657 4415 1769 4452 non
1800 4414 1974 4469 posse,
2007 4402 2068 4453 in
2103 4416 2207 4470 quo
2226 4399 2615 4467 plausibilibus

670 4467 996 4535 quibusdam
1014 4467 1198 4590 (plara
1224 4466 1394 4534 plane
1427 4468 1790 4535 impossibilia
1822 4469 2164 4522 misceantur.

879 4534 969 4600 10)
1085 4575 1097 4587 .
1133 4533 1379 4590 Sleidan.
1416 4535 1506 4589 111.
1545 4535 1658 4590 133.
1741 4537 1995 4592 Vierordt
2060 4536 2248 4591 Goech.
2283 4536 2335 4590 d.
2378 4535 2506 4601 Ref-
2551 4538 2614 4589 in

672 4602 884 4657 naam.
920 4603 962 4656 1.
1105 4644 1117 4656 .
1176 4602 1562 4666 1dem‚Gesch.
1598 4606 1650 4658 α.
1689 4605 1842 4661 Prot.
1877 4607 1939 4660 (η
1975 4578 2281 4671 Romam,
2303 4606 2381 4660 ,επ
2401 4604 2615 4660 schrei-

669 4672 790 4726 bere
822 4672 949 4727 hist.
996 4672 1286 4729 Taechenb.
1328 4671 1456 4726 1841
1495 4680 1588 4728 etc.

880 4741 970 4802 11)
1008 4742 1060 4796 ἀ.
1098 4741 1182 4794 19.
1219 4742 1388 4809 April
1419 4743 1756 4810 appulerant.

882 4808 967 4871 12)
1024 4811 1416 4878 Atrebatemis,
1473 4828 1586 4865 non
1640 4810 1994 4879 Arelatensis,
2058 4809 2354 4866 Granvella
2411 4811 2616 4866 iunior.

677 4876 1114 4934 Constantienees
1157 4881 1374 4946 frustra
1418 4879 1488 4934 ab
1535 4878 1799 4934 Helvetiis
1851 4882 2122 4935 auxilium
2174 4886 2615 4950 exspectaverant

671 4963 835 5018 quam
906 4946 1237 5015 Turicenses,
1293 4949 1391 5019 qui
1432 4949 1571 5003 satis
1624 4949 1685 5001 in
1738 4947 1802 5003 id
1844 4949 2186 5004 inclinabant
2230 4950 2613 5006 catholicorum

667 5031 744 5083 pa
782 5032 937 5070 orum
969 5023 1109 5071 metu
1139 5016 1289 5083 ferre
1322 5033 1435 5071 non
1469 5017 1746 5073 auderent.
1804 5015 2013 5072 Caesar
2030 5018 2214 5074 urbem
2248 5035 2380 5074 suae
2414 5019 2618 5074 ditioni

671 5099 700 5136 e
773 5085 979 5139 mittere
1009 5085 1284 5154 qestiebat.

879 5151 970 5219 13)
1005 5154 1145 5218 Quid
1177 5155 1416 5210 futurum
1454 5155 1527 5208 sit
1564 5154 1631 5208 F.

884 5221 972 5288 19)
1007 5240 1105 5275 vos
1142 5222 1211 5277 F.

3599 617 3790 691 1020.
3868 662 3875 667 -

3171 756 3526 826 GALVIN
3574 761 3635 825 A
3678 759 3805 825 DE
3847 756 4212 823 FALAIS.

2720 1018 2795 1084 de
2842 931 3005 1101 [ξω
3038 932 3199 1014 3(ήεί
3230 932 3415 999 d'une
3447 930 3676 1013 affaire
3710 931 3992 1014 d'arqent
4035 948 4179 994 avec
4219 948 4345 994 unc
4355 946 4657 1011 personne

2940 1037 3036 1083 on.

2720 1189 2897 1260 (Orig.
2937 1187 3285 1280 autographa
3323 1187 3463 1241 Bibl.
3514 1188 3583 1241 de
3628 1186 3862 1240 Geneve.
3932 1187 4048 1241 Vol.
4089 1185 4203 1253 194,
4254 1186 4291 1239 f.
4336 1184 4421 1239 81.
4456 1215 4517 1225 -
4553 1185 4656 1240 Ed.

3119 1258 3346 1311 dAmst.
3383 1274 3434 1326 p.
3473 1254 3591 1310 178.
3660 1242 3763 1310 m.
3801 1254 4016 1311 Bonnet
4049 1256 4093 1310 1.
4128 1254 4278 1321 251.)

2915 1433 2976 1494 A
3020 1429 3495 1513 Monseigneur
3537 1428 3879 1494 Monsieur
3923 1425 4003 1492 de
4047 1427 4269 1493 Falez.

2891 1567 3382 1651 Monseigneur,
3441 1566 3504 1630 ie
3560 1586 3725 1631 vous
3780 1587 3866 1649 ay
3911 1565 4142 1631 envoie
4198 1586 4273 1632 ce
4316 1575 4581 1650 portem·
4621 1588 4661 1632 a

2720 1673 2917 1719 cause
2973 1673 3102 1737 que
3145 1653 3208 1718 ie
3251 1672 3483 1718 receuz
3529 1652 3675 1717 hier
3717 1650 3950 1718 lettres
3996 1650 4075 1717 de
4115 1651 4313 1731 Lion,
4355 1651 4466 1736 qui
4507 1673 4660 1719 con-

2720 1740 3025 1805 tiennent
3045 1738 3112 1803 la
3133 1736 3422 1804 clausule
3465 1737 3574 1822 icy
3616 1737 3931 1803 couches:
3976 1736 4091 1815 „Si
4127 1737 4188 1803 le
4232 1739 4660 1823 personnaige

2722 1827 2904 1892 avoit
2944 1824 3253 1892 devotion
3297 1822 3377 1889 dc
3421 1823 3788 1908 besongner
3831 1843 3993 1890 avec
4028 1844 4199 1909 moy,
4246 1829 4455 1891 certes
4494 1823 4545 1888 il
4579 1845 4661 1889 en

2722 1912 2920 1977 seroit
2964 1920 3192 1993 temps.
3283 1908 3418 1975 Oar
3458 1911 3565 1994 iay
3612 1909 3831 1976 divers
3875 1911 4123 1975 moiens
4164 1908 4538 1996 demployer
4570 1910 4662 1975 les

2720 1996 2982 2063 deniers
3029 2018 3069 2062 a
3111 1996 3342 2080 profict
3384 1993 3678 2074 honeste,
3737 1994 3897 2061 dont
3945 1996 4215 2079 iespere,
4262 2006 4661 2081 moyennant

2719 2083 2786 2147 la
2860 2081 3274 2149 benediction
3341 2080 3430 2146 du
3496 2079 3842 2165 Seigneur,
3923 2103 4048 2164 que
4112 2081 4404 2148 chascun
4467 2081 4660 2148 seroit

2720 2179 3005 2234 content.
3108 2167 3230 2233 Ien
3286 2174 3506 2233 attens
3563 2188 3603 2232 a
3657 2175 3836 2233 toute
3889 2167 4093 2232 heure
4154 2188 4479 2252 response.
4574 2167 4661 2232 Et

2721 2271 2886 2320 vous
2942 2275 3103 2339 prye
3158 2274 3283 2336 que
3327 2274 3399 2319 ce
3454 2252 3584 2317 soit
3639 2274 3723 2318 en
3771 2253 3949 2318 brief.
4040 2252 4172 2318 Oar
4218 2276 4380 2319 vous
4432 2274 4658 2320 scavez

2719 2339 2859 2423 quil
2936 2339 3206 2406 advient
3272 2361 3354 2405 en
3415 2360 3548 2404 une
3608 2338 3810 2405 heure
3865 2359 3938 2403 ce
4010 2339 4125 2422 qui
4190 2361 4274 2403 ne
4353 2339 4512 2404 faict
4572 2360 4651 2404 en

2718 2436 2889 2494 cent.
2977 2426 3069 2491 Et
3121 2426 3180 2490 ie
3239 2445 3364 2511 voy
3421 2424 3748 2508 plusieurs
3805 2423 4124 2491 fenestres
4181 2434 4488 2490 ouvertes
4544 2424 4653 2508 qui
4760 2426 4767 2435 '

2719 2534 2825 2578 me
2872 2521 3022 2578 sont
3078 2533 3117 2575 a
3162 2532 3414 2593 propos.
3506 2510 3677 2575 Mais
3732 2510 3799 2576 la
3852 2509 4235 2593 principalle
4279 2512 4482 2576 seroit
4534 2530 4652 2594 que

2717 2599 2779 2663 ie
2836 2618 3072 2680 peusse
3117 2596 3301 2662 voler
3343 2617 3437 2660 un
3496 2597 3624 2661 bon
3679 2617 3846 2680 coup
3901 2617 3988 2662 au
4042 2597 4173 2662 lieu
4228 2617 4313 2661 ou
4339 2645 4352 2659 .
4377 2645 4393 2662 .
4419 2647 4434 2661 .
4492 2610 4648 2662 etc:

2718 2683 2815 2749 Oe
2857 2692 3006 2749 nest
3026 2682 3213 2765 point
3232 2703 3351 2765 par
3371 2681 3685 2748 deffiance
3707 2704 3833 2764 que
3866 2684 3928 2747 ie
3964 2703 4049 2771 ne
4091 2702 4259 2747 vous
4300 2703 4387 2766 ay
4422 2682 4653 2749 mande

2718 2769 3041 2853 loriginal,
3109 2769 3274 2833 mais
3337 2789 3503 2851 pour
3567 2769 3786 2833 raison
3851 2769 3964 2851 qui
4030 2789 4196 2834 vous
4258 2777 4653 2846 contentera,

2718 2862 2924 2938 quant
2978 2855 3026 2918 il
3084 2854 3295 2938 plaira
3351 2875 3392 2918 a
3456 2851 3628 2918 Dieu
3685 2875 3853 2920 vous
3912 2874 4180 2920 amener
4236 2856 4471 2938 iusque
4535 2856 4650 2938 icy.

2716 2940 2791 3006 Ie
2835 2961 2991 3024 scay
3037 2939 3173 3023 quil
3215 2963 3260 3026 y
3304 2963 3343 3005 a
3380 2941 3531 3007 bien
3575 2961 3615 3005 a
3656 2940 3938 3022 prendre
3976 2940 4219 3006 conseil
4261 2961 4344 3006 en
4387 2941 4657 3007 matiere

2719 3026 2800 3092 de
2856 3025 3010 3092 telle
3075 3025 3495 3110 importance.
3594 3025 3768 3094 Mais
3835 3048 3998 3093 vous
4054 3048 4285 3094 scavez
4351 3026 4433 3092 de
4488 3046 4655 3110 quoy

2720 3135 2884 3181 vous
2926 3113 3177 3179 maviez
3220 3113 3457 3196 requis.
3525 3112 3689 3179 Oest
3724 3113 3859 3198 quil
3894 3135 3964 3179 se
4009 3115 4119 3180 fist
4151 3113 4432 3198 quelque
4466 3111 4655 3179 chose

2718 3220 2885 3283 pour
2921 3208 3095 3265 ceste
3138 3199 3319 3264 foire.
3409 3198 3546 3281 Qui
3604 3219 3714 3264 ma
3755 3199 3915 3266 faict
3957 3200 4207 3274 solicite
4263 3199 4417 3283 plus
4460 3198 4651 3264 hasti·

2719 3296 3003 3352 vernent.
3091 3284 3153 3349 Il
3196 3306 3359 3351 vous
3401 3287 3707 3351 souvient
3749 3286 3828 3352 de
3885 3286 4071 3351 loffre
4115 3286 4250 3369 quil
4292 3307 4457 3351 vous
4508 3283 4654 3350 faict

2765 3392 2840 3437 ar
2880 3371 2977 3436 les
3019 3370 3264 3436 aultres
3306 3371 3551 3436 lettres.
3641 3371 3741 3436 De
3782 3370 4086 3450 lhomme,
4129 3372 4190 3437 ie
4237 3392 4399 3438 vous
4441 3394 4524 3437 en
4572 3389 4649 3454 ay

2768 3459 2857 3523 ‘ct
2911 3478 2984 3523 ce
3027 3478 3154 3540 que
3211 3457 3321 3521 ien
3363 3458 3694 3542 congnois.
3784 3457 3941 3524 Oest
4000 3456 4138 3540 quil
4197 3468 4298 3523 est
4341 3456 4516 3522 dune
4554 3457 4649 3521 in·

2720 3542 2967 3609 dustrie
3048 3541 3297 3627 grande
3356 3551 3422 3608 et
3487 3543 3568 3609 de
3631 3542 4058 3628 preudhomie
4122 3563 4205 3608 en
4258 3541 4540 3626 laquelle
4593 3542 4650 3605 ie

2722 3648 3061 3714 moseroye
3116 3628 3265 3694 bien
3320 3630 3441 3693 fier
3483 3630 3716 3713 iusque
3772 3652 3855 3695 au
3898 3630 4075 3696 bout.
4164 3628 4238 3694 Ie
4282 3649 4448 3695 vous
4499 3646 4646 3712 prye

2724 3714 2950 3798 doncq,
3005 3716 3492 3800 Monseigneur,
3551 3715 3631 3781 de
3674 3736 3780 3780 me
3823 3715 4079 3781 vouloir
4121 3713 4398 3780 mander
4444 3723 4648 3780 vostre

2721 3801 3068 3880 intention,
3125 3802 3280 3867 affin
3340 3822 3468 3885 que
3522 3802 3673 3888 iaye
3716 3824 3756 3868 a
3809 3802 3926 3887 luy
3969 3801 4132 3867 faire
4175 3821 4488 3884 response
4538 3819 4649 3882 par

2723 3887 2984 3953 Nicolas
3049 3887 3255 3953 Picot.
3360 3886 3494 3968 Qui
3559 3909 3705 3953 sera
3768 3886 4090 3954 lendroict
4151 3908 4238 3952 ou
4289 3888 4351 3951 ie
4401 3887 4649 3972 prieray

2721 3981 2948 4039 nostre
2992 3973 3320 4059 Seigneur
3376 3971 3456 4038 de
3514 3995 3678 4039 vous
3723 3975 3907 4039 avoir
3963 3994 4047 4038 en
4091 3995 4165 4039 sa
4222 3972 4443 4057 garde,
4498 3991 4648 4036 vous

2722 4080 3013 4144 envoyer
3054 4080 3127 4125 ce
3170 4059 3305 4142 quil
3349 4061 3658 4144 congnoit
3702 4081 3862 4126 vous
3905 4067 4080 4125 estre
4123 4059 4477 4142 expedient
4516 4065 4579 4123 et
4616 4076 4648 4119 a

2722 4144 3234 4224 Madamoiselle,
3299 4164 3404 4210 me
3460 4145 3999 4211 recommandant
4063 4165 4103 4209 a
4168 4153 4386 4211 vostre
4448 4146 4646 4211 bonne

2722 4252 2916 4315 grace
2961 4231 3042 4295 de
3086 4239 3236 4295 tous
3280 4230 3472 4298 deux.
3563 4230 3657 4297 Oe
3701 4231 4063 4317 mercredy'.
4092 4233 4139 4314 ¹)

2890 4369 3132 4435 Vostre
3179 4368 3447 4434 humble
3490 4369 3663 4433 frere
3707 4377 3808 4433 est
3852 4368 4197 4445 serviteur,

3986 4502 4196 4570 Iehan
4238 4502 4494 4569 Calvin.

2717 4763 2900 4859 1926.
2940 4763 2996 4832 1)
3031 4765 3124 4818 La
3164 4764 3320 4845 ‘lettre
3346 4763 3497 4846 pz'eet'
3528 4777 3642 4847 pan·
3669 4758 3840 4830 date'e,
3873 4768 3925 4816 et
3958 4767 4075 4817 tout
4108 4776 4168 4817 ce
4195 4760 4361 4844 qa’on
4379 4763 4516 4883 ἵν*
4543 4756 4644 4813 din

2716 4839 2843 4889 cest
2873 4833 3044 4915 quelle
3078 4834 3194 4888 doit
3227 4848 3385 4887 avon·
3418 4833 3493 4887 ete
3529 4836 3692 4888 ecrite
3721 4847 3831 4913 pete
3865 4836 4036 4886 avant
4066 4832 4114 4886 le
4147 4829 4345 4898 depart
4481 4825 4555 4881 M.
4588 4824 4642 4878 de

2719 4902 3130 5037 {effidgw
3183 4900 3407 4957 Geneve.
3452 4975 3457 4982 ,
3505 4901 3597 4954 Aa
3647 4901 3749 4955 doe
3800 4900 3845 4954 il
3893 4918 3933 4971 y
3985 4916 4022 4954 a
4074 4900 4365 4955 seulement
4415 4911 4471 4952 ce
4523 4899 4641 4949 mot-
