4825 6175
588 393 712 458 211

588 577 866 664 rogabat
921 596 1007 641 an
1063 574 1189 641 sibi
1246 593 1366 658 per
1421 571 1881 638 conscientiam
1941 570 2174 638 liceret
2223 589 2552 637 summam

588 662 1032 750 pecuniariam
1070 682 1108 726 a
1154 658 1245 726 ud
1279 659 1628 743 trapezitas
1662 656 2006 742 deponere,
2043 676 2085 722 a
2104 656 2341 741 quibus
2360 663 2552 740 quot-

591 750 781 817 annis
825 746 1104 814 nonnihi
1186 746 1550 829 perciperet
1613 743 2070 824 emolumenti,
2125 741 2321 827 idque
2364 742 2551 826 prin-

590 834 787 919 cipali
830 833 938 918 (ιιι
977 834 1247 915 vocant)
1301 851 1561 915 semper
1603 830 1806 896 salvo.
1915 828 2019 894 Ne
2060 849 2219 896 vero
2272 826 2549 906 homini,

588 921 777 989 velut
811 918 892 985 de
928 939 1000 984 re
1035 926 1212 984 certo
1247 916 1421 1001 apud
1456 936 1564 982 me
1597 916 1973 995 constituta,
2017 935 2246 981 secure
2279 934 2550 997 respon-

591 1006 835 1084 derem,
880 1004 1183 1071 obstabat
1225 1003 1512 1068 edictum
1555 999 1721 1067 illud
1767 999 2068 1067 divinum
2111 1020 2241 1084 quo
2286 999 2551 1082 saepius

590 1099 866 1159 cavetur
901 1088 982 1155 de
1017 1089 1296 1173 pecunia
1328 1088 1518 1153 fratri
1551 1087 1635 1152 ad
1670 1107 1941 1153 usuram
1963 1106 2098 1152 non
2132 1084 2549 1152 foeneranda.

590 1176 869 1244 Videtur
934 1178 1110 1241 enim
1177 1175 1503 1259 scriptura
1562 1173 1805 1257 ubique
1870 1171 2007 1238 fere
2060 1173 2188 1257 piis
2243 1171 2549 1237 omnibus

588 1284 793 1330 usura
848 1259 1267 1338 interdicere,
1327 1258 1718 1325 nominatim
1773 1278 1931 1326 vero
1973 1257 2238 1342 psaltes,
2252 1261 2302 1336 ¹)
2347 1277 2550 1341 quum

589 1350 857 1417 beatum
912 1346 1247 1431 praedicat
1297 1345 1412 1430 qui
1478 1345 1826 1429 pecuniam
1889 1365 2081 1410 suam
2135 1343 2219 1408 ad
2275 1363 2551 1408 usuram

591 1456 728 1501 non
810 1433 955 1499 dedi
963 1442 1008 1499 t.
1095 1432 1392 1517 Urgebat
1468 1431 1629 1497 item
1706 1438 2009 1496 veterum
2079 1429 2416 1496 doctorum
2483 1434 2554 1492 et

591 1521 879 1587 maxime
923 1518 1506 1586 ecclesiasticorum
1564 1523 1795 1580 contra
1851 1514 2189 1581 usurarias
2233 1512 2551 1580 eiusmodi

589 1607 926 1692 pactiones
968 1626 1100 1671 uno
1142 1624 1345 1688 prope
1389 1622 1710 1669 consensu
1756 1600 2010 1686 prolata
2052 1600 2395 1667 sententia.
2459 1599 2553 1664 Et

541 1740 550 1753 .
589 1691 897 1776 inprimis
931 1690 1264 1757 Ambrosii
1310 1688 1580 1754 solenne
1624 1687 1891 1768 dictum,
1935 1686 2050 1771 qui
2094 1708 2178 1752 ex
2221 1707 2380 1751 auro
2418 1705 2552 1750 non

592 1778 741 1845 vult
805 1798 1041 1842 aurum
1106 1775 1306 1842 nasci.
1405 1774 1501 1842 Ut
1563 1773 1830 1838 interim
1894 1781 2146 1838 taceam
2212 1771 2551 1856 vulgatam

590 1862 1115 1947 iurisperitorum
1175 1861 1503 1947 regulam,
1566 1880 1696 1943 qua
1737 1857 2056 1943 quidquid
2099 1857 2258 1923 sorti
2302 1854 2554 1923 accedit

590 1970 862 2016 usuram
908 1955 1211 2027 censent,
1253 1967 1457 2030 eoque
1502 1945 1770 2010 nomine
1813 1943 2214 2010 Christianis
2256 1942 2553 2028 prohibi-

593 2043 750 2101 tam.
840 2032 1037 2114 Quod
1079 2054 1280 2116 quum
1323 2032 1418 2096 ita
1461 2032 1548 2096 sit
1591 2052 1723 2096 non
1769 2029 2009 2096 desunt
2050 2038 2273 2095 tamen
2317 2051 2404 2095 ex
2448 2048 2551 2093 re-

594 2117 996 2188 centioribus
1039 2117 1338 2184 nonnulli
1359 2169 1376 2197 ,
1422 2126 1492 2183 et
1531 2118 1579 2181 ii
1624 2114 1889 2265 guidem
1933 2115 2260 2200 evangelii
2302 2114 2552 2199 profes-

595 2226 794 2286 sores,
863 2206 1097 2288 quibus
1161 2225 1293 2269 non
1354 2202 1567 2268 omnis
1668 2202 1967 2285 ispliceat
2022 2201 2307 2267 foenoris
2362 2200 2548 2264 ratio.

596 2291 776 2373 Quin
821 2291 1039 2376 potius
1082 2289 1426 2355 honestam
1469 2287 1798 2373 quandam
1833 2308 2107 2352 usuram
2143 2286 2554 2352 constituunt

640 2398 762 2443 uae
805 2377 1196 2442 christianos
1241 2375 1505 2440 demum
1563 2374 1864 2439 homines
1906 2372 2083 2438 haud
2128 2372 2394 2437 omnino
2440 2370 2551 2436 de-

595 2400 839 2529 deceat.
928 2460 1124 2543 Quod
1189 2468 1410 2526 autem
1477 2459 1560 2525 ad
1616 2460 2096 2542 scripturarum
2148 2458 2410 2523 oracula
2470 2456 2550 2522 de

592 2548 814 2615 usuris
858 2548 1111 2624 attinet,
1156 2568 1288 2611 non
1334 2544 1494 2611 adeo
1537 2544 1760 2610 stricte
1794 2543 2225 2628 intelligenda
2258 2551 2550 2623 censent,

594 2635 753 2719 quin
798 2633 984 2716 aequi
1029 2654 1104 2698 ac
1146 2631 1336 2709 boni,
1393 2639 1630 2715 praeut
1680 2630 1972 2694 caritatis
2028 2630 2139 2695 lex
2183 2630 2549 2713 praescrip-

515 2740 526 2751 ·
597 2722 793 2797 serit,
849 2720 1018 2784 ratio
1073 2718 1159 2784 sit
1212 2715 1528 2782 habenda.
1607 2715 1787 2780 Eam
1843 2716 2023 2780 enim
2079 2718 2352 2782 vetitam
2408 2735 2551 2781 esse

599 2826 866 2872 usuram
921 2824 1089 2888 quae
1143 2803 1213 2867 in
1269 2801 1569 2867 fraudem
1624 2801 1911 2884 proximi
1966 2822 2041 2866 ac
2102 2822 2304 2886 grave
2348 2800 2550 2866 detri-

597 2900 900 2957 mentum
959 2890 1193 2973 vergit.
1280 2889 1425 2972 Ego
1482 2908 1642 2953 vero
1699 2888 1824 2954 etsi
1879 2887 2350 2971 posterioribus
2406 2886 2553 2951 istis

597 2979 742 3043 iure
785 2975 1072 3041 multum
1115 2974 1361 3051 tribuo,
1405 2973 1556 3057 plus
1600 2980 1823 3038 tamen
1866 2972 2040 3056 apud
2082 2994 2189 3038 me
2230 2973 2412 3038 valet
2456 2970 2553 3037 di-

598 3064 796 3131 vinae
839 3062 1204 3145 scripturae
1246 3060 1597 3137 autoritas,
1642 3080 1839 3144 quam
1880 3066 1956 3124 ut
1996 3058 2106 3125 vel
2149 3057 2553 3124 doctissimo-

597 3172 751 3216 rum
793 3148 1131 3214 hominum
1177 3145 1594 3231 praeiudiciis
1638 3146 1720 3212 ab
1764 3165 1842 3211 ea
1883 3146 2030 3229 ipsa
2088 3144 2174 3296 §gi
2216 3154 2442 3210 tamen
2482 3145 2554 3208 in

599 3235 1000 3302 contrarium
1045 3233 1325 3316 nitatur)
1371 3230 1604 3297 abduci
1647 3250 1754 3295 me
1797 3231 2029 3315 patiar.
2157 3250 2305 3296 orro
2348 3250 2554 3314 quum

597 3330 697 3401 te,
743 3321 989 3405 optime
1039 3317 1325 3395 Calvina,
1369 3318 1443 3381 in
1487 3316 1690 3382 sacris
1743 3316 1954 3382 literis
2011 3316 2306 3399 apprime
2363 3336 2553 3381 exer·

598 3410 869 3474 citatum
913 3404 1277 3488 intelligam
1295 3453 1312 3482 ,
1357 3424 1436 3469 ea
1481 3401 1561 3468 de
1602 3424 1674 3467 re
1718 3403 1929 3468 amico
1973 3402 2164 3468 avide
2209 3401 2552 3485 stipulanti

599 3513 705 3560 me
772 3491 855 3558 ad
921 3500 987 3555 te
1050 3489 1406 3554 relaturum
1486 3487 1775 3571 promisi.
1863 3487 2094 3571 Itaque
2159 3508 2289 3571 quo
2353 3487 2553 3552 fidem

598 3599 816 3644 meam
850 3575 1141 3654 liberem,
1187 3583 1445 3639 oratum
1480 3584 1548 3638 te
1585 3575 1777 3639 unice
1811 3572 2012 3638 velim
2049 3582 2125 3638 ut
2156 3574 2554 3638 sententiam

601 3672 785 3729 tuam
826 3662 1054 3746 paucis
1099 3658 1183 3724 ad
1225 3682 1344 3726 nos
1390 3660 1672 3726 scribere
1714 3680 1847 3724 non
1893 3659 2204 3743 graveris.
2285 3659 2554 3725 Feceris

603 3770 763 3816 sane
806 3748 1058 3812 homini
1100 3746 1207 3829 pio
1251 3768 1326 3812 ac
1369 3746 1669 3811 veritatis
1710 3746 2221 3829 flagrantissimo
2264 3766 2403 3810 rem
2449 3747 2553 3810 in·-

603 3834 836 3920 primis
871 3843 1144 3917 gratam,
1190 3841 1257 3897 et
1291 3833 1435 3897 aliis
1470 3831 1862 3915 quibusdam
1895 3832 2061 3896 forte
2094 3831 2550 3896 necessariam.

605 3921 956 3987 Caeterum
1014 3919 1126 4001 qui
1185 3917 1378 3983 hasce
1436 3917 1722 4000 suscepit
1775 3916 2196 4000 perferendas
2241 3914 2321 3980 de
2365 3917 2554 4000 gravi

606 4027 878 4072 suorum
918 4003 1100 4069 clade
1145 4004 1304 4078 (nisi
1348 4023 1492 4066 eam
1534 4010 1791 4066 mature
1833 4002 2163 4067 Domi'nus
2209 4003 2553 4077 averterit)

605 4111 725 4157 nos
769 4089 962 4154 hodie
1005 4089 1515 4155 commonefecit.
1601 4087 1819 4152 Causa
1860 4089 2148 4170 profecto
2189 4087 2558 4152 communis

605 4179 864 4261 piorum
919 4175 1211 4240 omnium
1268 4174 1583 4257 suffragia
1635 4181 1940 4237 meretur.
2027 4174 2209 4237 Tuae
2266 4173 2559 4238 caritatis

606 4263 810 4329 fuerit
851 4261 1253 4344 perpendere
1299 4273 1616 4342 quantum
1654 4259 1788 4323 illis
1825 4258 2096 4325 consilio
2132 4267 2325 4342 atque
2360 4280 2560 4341 opera

611 4346 1022 4415 commodare
1087 4347 1310 4427 possis.
1417 4346 1605 4409 Bene
1672 4343 1852 4423 vale,
1918 4345 2123 4408 frater
2199 4344 2556 4427 plurimum

609 4432 1002 4501 venerande.
1075 4431 1402 4496 Dominus
1446 4431 1634 4496 Iesus
1678 4437 1980 4495 sanctum
2027 4438 2213 4494 tuum
2259 4430 2558 4495 ministe-

611 4522 782 4586 rium
827 4520 900 4583 in
944 4539 1131 4583 suam
1181 4518 1452 4600 gloriam
1508 4516 1721 4579 indies
1772 4515 2102 4580 illustrare
2161 4527 2407 4599 pergat.
2498 4516 2557 4580 E

611 4606 772 4672 vina
815 4613 1043 4670 nostra
1082 4604 1418 4667 Aueriana
1464 4608 1527 4664 ’ῐ8
1567 4602 1884 4667 Novemb.
1940 4607 2118 4664 1545.
2141 4603 2195 4682 ²)

1535 4739 1717 4803 Tuus
1761 4740 1831 4804 in
1875 4739 2160 4802 Domino
2203 4738 2407 4802 frater

1681 4824 1783 4890 Cl.
1827 4824 1907 4889 de
1951 4822 2250 4890 SachinS.

643 5028 782 5085 727.
823 5031 877 5093 1)
919 5029 1119 5082 Psalm.
1163 5028 1226 5082 15
1277 5029 1328 5082 5.

824 5096 884 5161 2)
926 5096 1180 5165 Epistola
1212 5070 1345 5152 llaec
1382 5095 1609 5151 Calvino
1642 5098 1855 5152 occasio
1885 5097 1995 5162 fuit
2029 5096 2403 5151 conscribentis
2440 5113 2563 5151 con·

622 5168 739 5222 caii
780 5167 871 5219 sui
917 5165 985 5218 de
1026 5168 1213 5219 usum
1269 5166 1417 5234 quod
1467 5167 1797 5221 inseruimus
1847 5164 1985 5232 opp.
2041 5164 2186 5218 Tem.
2226 5165 2297 5218 Χ.
2339 5182 2399 5234 p.
2436 5165 2560 5218 245.

633 5235 791 5304 Quod
823 5234 1037 5304 quidem
1069 5234 1260 5287 amieis
1291 5235 1614 5303 quibusdam
1643 5234 1859 5303 plurali
1876 5247 2101 5286 numero
2117 5237 2375 5303 scriptum
2411 5235 2562 5300 dicit,

624 5304 720 5358 sed
751 5304 869 5372 ipse
893 5300 1161 5357 &achinus
1196 5306 1373 5371 (quem
1406 5303 1516 5358 iam
1547 5303 1630 5357 ad
1654 5303 1713 5358 0.
1736 5303 2048 5358 scribentem
2076 5303 2288 5358 obvium
2323 5303 2570 5358 hamam·

2132 378 2663 449 EPISOEOLAE
2708 378 3050 446 727-729

4477 378 4579 441 212

3560 564 3715 638 ¹128.

3185 717 3595 787 VmETUS
3634 716 4072 786 OALVINO.

2830 889 3630 974 Ouraeipsumpremunt
3683 890 4593 959 nonnwdiooresoircaoolk-

2837 978 2906 1043 in
2954 975 3209 1043 Comitis
3253 978 3451 1045 locum
3491 976 3947 1061 sufficiendum.
4032 975 4408 1061 Propediem
4446 975 4593 1043 Ber·

2653 1083 2807 1129 nam
2860 1063 3103 1148 leqatus
3146 1063 3573 1146 proficiscetur
3626 1066 3705 1132 de
3758 1065 3862 1131 his
3904 1068 3963 1130 et
4002 1062 4158 1129 aliis
4196 1063 4289 1129 ibi
4328 1068 4591 1131 adum.

2661 1149 2864 1216 Orbae
2914 1150 3121 1215 electio
3173 1149 3363 1233 facta.
3457 1148 3739 1217 Simonis
3789 1155 3846 1217 et
3896 1149 4163 1218 Dcothci
4213 1168 4361 1232 spes
4412 1150 4596 1218 dubia

2655 1234 2859 1303 adhuc
2899 1236 3104 1318 quoad
3143 1254 3379 1302 munus
3422 1234 3891 1304 Lausameiwe.

2933 1406 3048 1471 (Ex
3074 1406 3413 1478 autographo
3447 1406 3579 1462 Cod.
3616 1407 3820 1463 Genev.
3857 1406 4027 1473 111⁸,
4063 1407 4157 1465 fol.
4193 1406 4343 1475 152.)

2826 1579 3212 1645 Clarissimo
3246 1579 3391 1645 viro
3429 1580 3511 1645 D.
3539 1576 3777 1646 Ioanni
3813 1577 4090 1646 Calvino
4126 1580 4439 1647 ecclesiae
4475 1580 4601 1649 Ge-

2656 1666 2961 1731 nevensis
3004 1665 3252 1764 pastori
3299 1665 3805 1750 vigilantissimo
3859 1666 4050 1731 fratri
4092 1673 4161 1731 et
4202 1675 4604 1753 symmystae

2656 1772 2853 1836 quam
2896 1771 3229 1816 carissimo

3965 1837 4299 1905 Genevae.

2828 1971 2899 2040 S.
2972 1972 3369 2040 Intellexisti
3414 1995 3497 2040 ex
3540 1975 3886 2057 postremis
3940 1974 4105 2041 meis
4163 1974 4404 2055 literis,
4449 1995 4606 2058 quas

2656 2079 2698 2123 a
2744 2058 3094 2126 Combaudo
3122 2062 3168 2137 ¹)
3214 2059 3552 2143 accepisti,
3607 2059 3767 2143 quid
3823 2061 4033 2126 nostri
4089 2061 4312 2127 conati
4356 2061 4499 2126 sint
4538 2068 4607 2127 ut

2654 2145 2824 2210 mihi
2883 2145 3200 2230 collegam
3260 2154 3670 2212 accerserent
3726 2167 3812 2211 ex
3853 2145 3957 2211 sui
4000 2148 4203 2212 animi
4262 2147 4605 2212 sententia.

2658 2229 2838 2311 Quid
2897 2231 2976 2297 de
3033 2231 3158 2296 hae
3214 2252 3287 2295 re
3344 2238 3484 2296 tota
3539 2231 3621 2296 ad
3665 2252 3774 2297 me
3822 2231 4147 2298 Saltem
4203 2233 4607 2316 scripserit²)

2656 2325 2726 2383 et
2758 2318 3014 2394 sentiat,
3062 2338 3145 2382 ex
3190 2316 3331 2382 eius
3371 2316 3453 2382 ad
3495 2338 3599 2382 me
3639 2316 3852 2383 literis
3894 2317 4219 2403 intellige:
4265 2338 4427 2402 quas
4463 2319 4609 2384 ideo

2655 2402 2740 2467 ad
2774 2412 2842 2467 te
2874 2404 3069 2467 mitto
3104 2408 3180 2468 ut
3212 2402 3394 2484 legas
3430 2408 3499 2468 et
3534 2424 3735 2487 super
3768 2411 3905 2469 toto
3939 2403 4063 2469 hoc
4107 2404 4372 2489 negotio
4416 2412 4609 2469 tuum

2655 2487 2817 2553 mihi
2858 2488 3205 2555 consilium
3251 2487 3603 2573 diligenter
3653 2497 3719 2554 et
3763 2510 3957 2573 quam
4004 2490 4251 2574 poteris
4288 2491 4611 2575 ocyssime

2654 2574 3036 2657 perscribas.
3122 2573 3272 2639 Non
3328 2575 3501 2638 enim
3559 2595 3666 2641 res
3709 2584 3812 2641 est
3851 2575 4045 2658 parvi
4086 2576 4430 2655 momenti,
4495 2595 4612 2641 nec

2657 2659 2736 2725 de
2783 2660 3074 2725 minimis
3119 2659 3519 2736 deliberatio,
3566 2660 3740 2759 quod
3783 2661 3953 2726 nihil
3987 2682 4154 2746 opus
4190 2673 4292 2727 est
4329 2670 4400 2725 ut
4436 2660 4613 2745 apud

2656 2754 2721 2811 te
2756 2766 3167 2830 exaggerem.
3228 2745 3446 2811 Probe
3490 2767 3670 2811 emm
3714 2748 3887 2812 nosti
3931 2747 4090 2831 quid
4135 2747 4406 2813 ecclesia
4452 2748 4613 2814 haec

2654 2831 2974 2916 postulet,
3034 2839 3102 2896 et
3144 2840 3463 2915 quantum
3519 2854 3650 2897 non
3710 2832 3863 2897 huic
3920 2832 4133 2898 solum
4181 2831 4297 2898 sed
4340 2833 4615 2917 reliquis

2656 2917 2959 2983 omnibus
3013 2918 3082 2982 in
3136 2924 3277 2982 tota
3330 2917 3455 2984 hac
3512 2917 3854 3002 provincia
3917 2918 4197 3002 periculi
4250 2919 4611 2997 immineat,

2656 3004 2713 3069 si
2756 3024 2987 3087 parum
3032 3001 3309 3068 idoneus
3352 3003 3517 3069 mihi
3552 3003 3802 3089 collega
3844 3002 4263 3090 adiungatur.
4320 3004 4615 3071 Proinde

2656 3098 2721 3154 te
2756 3087 3020 3156 obsecro
3057 3100 3130 3154 ut
3163 3091 3375 3172 primo
3410 3111 3665 3174 quoque
3707 3100 4002 3174 tempore
4044 3102 4226 3157 tuam
4260 3092 4429 3157 mihi
4464 3114 4616 3158 sen·

2656 3175 2932 3240 tentiam
2989 3176 3320 3259 significes
3365 3185 3433 3241 et
3475 3178 3762 3242 rationes
3821 3198 4117 3262 exponas
4160 3199 4323 3261 quas
4366 3179 4615 3244 nostris

2656 3261 3032 3327 hominibus
3074 3260 3444 3345 probabiles
3489 3269 3557 3327 et
3601 3284 3840 3345 aequas
3884 3264 4022 3328 fore
4067 3263 4419 3342 censueris,
4464 3264 4616 3347 qui-

2654 3348 2777 3414 bus
2819 3367 2927 3412 me
2966 3366 3293 3430 opponere
3345 3349 3581 3413 merito
3639 3347 3909 3414 debeam
3926 3399 3941 3426 ,
3994 3349 4052 3414 si
4107 3350 4265 3433 quid
4320 3357 4617 3415 tentetur

2657 3441 2917 3517 praeter
2961 3431 3464 3499 ecclesiasticam
3518 3432 3931 3517 disciplinam
3976 3444 4042 3500 et
4085 3436 4257 3519 quod
4302 3435 4614 3503 ecclesiae

2655 3517 3142 3585 incommodare
3184 3519 3407 3601 possit.
3486 3518 3846 3604 Intelliges,
3894 3521 4145 3604 opinor,
4192 3542 4393 3604 quam
4438 3522 4613 3606 peri-

2656 3604 2953 3671 culosum
3018 3604 3106 3668 sit
3168 3604 3412 3669 nostris
3450 3603 3846 3672 'hominibus
3912 3607 4251 3687 assentiri,
4307 3615 4374 3673 et
4416 3628 4613 3691 quam

2656 3689 3059 3755 invidiosum
3097 3690 3444 3756 dissentire
3481 3713 3555 3757 ac
3590 3693 3927 3777 refragari.
3988 3693 4354 3777 Praecipua
4390 3703 4614 3758 tamen

2657 3777 2783 3862 erit
2836 3774 3140 3841 habenda
3195 3775 3448 3841 Christi
3508 3785 3574 3842 et
3630 3779 3771 3843 eius
3837 3779 4148 3845 ecclesiae
4213 3779 4379 3845 ratio
4446 3798 4614 3863 quae

2657 3860 2826 3926 mihi
2870 3862 3091 3925 anima
3130 3861 3344 3927 carior
3386 3869 3501 3928 est.
3592 3863 3861 3930 Electus
3906 3887 4051 3930 sum
4097 3886 4136 3929 a
4177 3865 4492 3932 fratribus
4534 3877 4615 3930 ut

2657 3947 2983 4012 Bernensi
3047 3929 3374 4032 legatione
3439 3949 3708 4032 fungar,
3769 3950 3883 4016 sed
3942 3973 4074 4016 non
4141 3951 4391 4017 solvam
4458 3951 4613 4016 hinc

2660 4041 2813 4098 ante
2874 4038 2967 4097 15.
3016 4033 3216 4098 huius
3272 4034 3519 4100 mensis
3574 4034 3765 4101 diem.
3855 4035 3992 4102 Fac
4048 4037 4256 4120 igitur
4312 4045 4385 4102 ut
4436 4038 4615 4102 intra

2661 4119 2786 4184 hoc
2839 4119 3154 4201 temporis
3208 4121 3489 4202 spatium
3547 4129 3701 4186 tuae
3757 4122 3923 4186 mihi
3962 4121 4191 4187 literae
4235 4122 4612 4188 reddantur.

2662 4204 2833 4269 Nam
2898 4202 3056 4268 dum
3110 4227 3189 4270 ea
3240 4207 3479 4272 curabo
3539 4227 3703 4289 quae
3763 4207 3927 4272 mihi
3983 4230 4023 4272 a
4065 4208 4380 4275 fratribus
4438 4230 4613 4274 com-

2662 4291 2864 4355 missa
2908 4300 3090 4366 sunt,
3136 4289 3363 4356 eadem
3408 4313 3604 4375 opera
3646 4313 3794 4357 cum
3841 4293 4003 4359 viris
4047 4293 4235 4358 bonis
4278 4305 4345 4358 et
4387 4295 4614 4360 amicis

2663 4375 2994 4440 conferam
3042 4376 3123 4440 de
3167 4375 3578 4460 adiungendo
3635 4377 3796 4442 mihi
3860 4379 4136 4462 collega,
4194 4389 4268 4443 ut
4325 4381 4613 4446 sanctius

2664 4471 2730 4525 et
2750 4463 3003 4526 minore
3040 4461 3338 4527 molestia
3369 4464 3593 4547 peragi
3631 4464 3884 4546 possint
3918 4486 4083 4547 quae
4119 4466 4189 4529 in
4225 4486 4366 4530 rem
4396 4466 4613 4531 futura

2669 4751 2743 4804 N.
2760 4749 2888 4819 414)
2922 4751 3070 4804 alius
3102 4751 3387 4806 cuiusdam
3422 4754 3638 4806 nomine
3674 4752 3881 4806 Nostro
3916 4753 4058 4808 hanc
4091 4756 4455 4824 quaestionem
4483 4769 4607 4835 pro-

2662 4821 2865 4888 posuit.
2929 4820 3119 4874 Etiam
3154 4827 3478 4890 armamenta
3511 4836 3650 4890 quae
3682 4822 3912 4875 subinde
3946 4825 4007 4876 in
4039 4824 4135 4877 illo
4171 4824 4399 4878 cousinio
4432 4824 4604 4876 diseu-

2666 4890 2880 4943 tiuntur
2913 4904 2979 4942 ea
3012 4895 3142 4943 sunt
3174 4905 3312 4958 quae
3345 4891 3457 4943 iam
3491 4891 3580 4945 hic
3611 4892 3821 4958 passim
3841 4892 3948 4945 aui
4020 4892 4079 4945 it.
4133 4891 4225 4946 Sic
4247 4898 4448 4947 tractat
4468 4894 4607 4945 inter

2668 4959 2783 5030 alia
2818 4957 3102 5011 Ambrosii
3150 4961 3483 5025 sententiam,
3536 4965 3585 5013 et
3635 4961 3809 5013 locum
3860 4961 3936 5013 Pe
4048 4961 4085 5025 i,
4138 4977 4291 5031 quem
4347 4963 4501 5016 diam
4540 4961 4605 5012 in

2667 5028 3049 5080 commentario
3083 5043 3182 5081 suo
3216 5028 3277 5080 in
3313 5029 3456 5081 hune
3478 5028 3650 5096 finem
3684 5029 3933 5094 ventilat,
3967 5030 4049 5084 ibi
4080 5035 4242 5083 etiam
4271 5031 4497 5099 propius

2671 5094 2903 5175 Sachivit’
2936 5109 3149 5149 sensum
3185 5097 3467 5162 accedenS,
3519 5098 3738 5164 sinyula
3772 5103 3947 5151 tamen
3964 5138 3978 5162 ,
4027 5104 4088 5152 ut
4122 5100 4278 5166 solet,
4326 5096 4605 5153 methodice

2666 5169 2926 5296 ⁶333&
2967 5232 3043 5285 N.
3082 5231 3197 5287 710.

2875 5300 2936 5365 2)
2977 5300 3232 5368 Epistola
3267 5302 3400 5356 haec
3431 5317 3544 5355 non
3580 5307 3772 5356 arctat.
