4825 6175
633 423 763 483 471
831 477 836 481 .

633 610 735 673 uti
781 606 1044 673 cuilibet
1087 626 1273 671 suam
1321 604 1712 671 examinetis
1761 603 2190 670 excutiatisve
2239 603 2587 670 confessio-

638 714 811 758 nem.
899 692 1069 757 Nam
1113 699 1190 757 ut
1229 690 1355 756 hoc
1397 689 1578 756 nullo
1633 692 1775 756 iure
1832 692 2132 773 cuiquam
2186 687 2453 767 debetis,
2497 689 2591 753 ita

639 800 746 844 res
800 779 994 844 fuerit
1050 778 1263 861 operis
1312 776 1617 841 immensi
1685 785 1752 841 et
1815 777 2061 842 nullius
2127 775 2585 840 emolumenti:

641 865 774 929 imo
835 863 1087 930 dissidii
1153 861 1280 928 erit
1330 863 1602 927 materia
1676 862 2012 928 ditissima.
2117 860 2228 928 Ut·
2263 861 2399 926 iam
2457 881 2590 925 non

642 949 931 1016 dicamus
975 949 1163 1014 facile
1222 969 1363 1013 esse
1405 948 1609 1013 verba
1666 948 1964 1014 invenire
2022 947 2365 1030 ancipitia,
2423 965 2590 1029 quae

639 1037 746 1120 pio
789 1056 983 1102 sensu
1026 1035 1242 1117 recepi
1329 1034 1567 1111 ossint‚
1622 1033 1887 1098 interim
1944 1033 2134 1099 aliter
2188 1053 2444 1115 quoque
2485 1033 2590 1096 in·

639 1121 986 1206 terpretari
1005 1121 1063 1204 ²)
1109 1141 1185 1185 ac
1313 1119 1460 1184 duci
1497 1139 1615 1203 pro
1659 1120 2150 1185 confirmatione
2223 1138 2422 1181 ravae
2447 1138 2592 1182 sen-

641 1207 902 1271 tentiae.
970 1203 1302 1287 Quamdiu
1339 1226 1444 1270 res
1476 1205 1737 1287 scriptis
1778 1203 2168 1270 confessioni
2213 1224 2290 1269 us
2334 1211 2586 1286 agetur,

639 1292 862 1358 nullus
904 1293 1030 1357 erit
1067 1290 1507 1357 contendendi
1551 1290 1719 1355 finis.
1819 1290 2311 1375 Abrogaremus
2366 1289 2589 1370 itaque

639 1378 1074 1444 confessiones
1151 1376 1481 1459 partibus,
1561 1375 2048 1457 quaestionibus
2128 1375 2591 1457 indagaremus

640 1464 1003 1530 veritatem.
1070 1464 1200 1528 Est
1243 1467 1464 1527 autem
1499 1483 1605 1525 res
1650 1460 2024 1526 huiusmodi
2068 1470 2145 1525 ut
2189 1460 2395 1543 possit
2428 1480 2590 1541 pau-

641 1550 734 1615 cis
778 1547 1070 1633 expediri
1115 1548 1290 1613 clare
1335 1557 1399 1612 et
1456 1546 1581 1612 dici
1638 1555 1706 1611 et
1757 1546 2057 1631 intelligi.
2148 1544 2226 1611 Si
2271 1545 2588 1629 approba-

641 1635 868 1699 veritis
911 1634 1043 1698 illis
1086 1634 1541 1713 confessioneS‚
1585 1632 1825 1716 singuli
1863 1632 2197 1697 habebunt
2232 1630 2407 1696 unde
2449 1630 2588 1714 glo-

639 1722 897 1785 rientur
957 1728 1023 1783 et
1087 1726 1459 1783 restaurent
1530 1740 1838 1802 pugnam.
1952 1718 2368 1801 Aequissimo
2434 1737 2590 1800 ergo

639 1807 782 1870 iure
825 1804 956 1869 illis
994 1803 1209 1869 dicere
1253 1805 1546 1886 potestis:
1594 1803 1747 1886 quia
1790 1804 2228 1869 confessiones
2269 1801 2590 1886 quaedam

638 1890 930 1968 obscura,
966 1889 1286 1971 quaedam
1320 1889 1874 1971 incircumspecta,
1913 1888 2229 1972 quaedam
2263 1887 2593 1954 insincera

640 1976 900 2054 habent,
947 1974 1256 2040 nolumus
1299 1985 1370 2039 ut
1404 1976 1554 2039 illae
1590 1976 1723 2039 sint
1758 1996 2039 2040 canones
2075 1976 2303 2039 nostri.
2367 1971 2591 2056 Scrip-

639 2071 789 2130 tura
831 2061 956 2125 erit
997 2082 1225 2126 canon.
1294 2060 1671 2143 Disputatio
1706 2082 1789 2125 ex
1834 2060 2178 2144 scripturis
2220 2059 2432 2143 petita
2464 2060 2589 2124 erit

641 2147 1010 2213 declaratio.

808 2233 901 2297 Et
956 2232 1244 2314 primum
1302 2252 1572 2314 agemus
1631 2230 1712 2294 de
1766 2230 2169 2308 ministerio,
2230 2227 2464 2294 deinde
2508 2229 2590 2294 de

639 2340 858 2385 coena.
961 2318 1068 2382 De
1129 2316 1487 2381 ministerio
1547 2324 1612 2380 et
1669 2316 1988 2381 ministris
2052 2316 2145 2381 sic
2199 2316 2591 2398 pronunciat

638 2405 992 2486 scriptura:
1040 2403 1249 2467 solum
1271 2402 1488 2466 Deum
1530 2423 1648 2485 per
1684 2403 1987 2484 spiritum
2026 2401 2180 2466 dare
2216 2399 2432 2479 fidem,
2470 2423 2588 2466 au-

636 2511 817 2574 gere,
884 2489 1270 2555 confirmare
1319 2487 1515 2552 fidem
1535 2540 1551 2566 ,
1621 2487 1906 2552 breviter
1967 2508 2228 2553 omnem
2271 2487 2587 2551 virtutem

635 2576 993 2640 salvificam
1042 2595 1184 2638 esse
1230 2572 1508 2639 Christi:
1569 2575 1941 2636 ministrum
2002 2581 2266 2637 tantum
2321 2592 2585 2636 annun-

634 2662 808 2727 ciare
865 2659 1141 2725 verbum
1199 2667 1548 2723 externum
1567 2710 1583 2736 ,
1658 2658 1894 2722 offerre
1950 2666 2067 2722 aut
2124 2657 2586 2723 administrare

635 2746 1032 2831 symbolum,
1123 2766 1253 2809 non
1337 2765 1475 2807 rem
1565 2744 2015 2826 significatam.
2148 2744 2583 2808 Testimonia:

633 2831 862 2896 Iohan.
887 2853 973 2895 vi.
1021 2830 1230 2894 Nemo
1266 2831 1447 2894 venit
1482 2828 1563 2892 ad
1609 2849 1714 2892 me
1751 2830 1877 2892 nisi
1911 2837 2100 2911 pater
2140 2850 2328 2895 meus
2363 2837 2585 2893 traxe-

635 2918 722 2981 rit
767 2938 937 2981 eum.
1002 2914 1332 2980 Iohannes
1356 2914 1658 2997 Baptista
1695 2911 1880 2980 dicit:
1930 2915 2075 2998 Ego
2120 2936 2252 2980 vox
2296 2915 2587 2981 clamans

632 3004 709 3067 in
756 3002 1029 3078 deserte,
1077 3021 1197 3084 ego
1242 3001 1496 3082 baptizo
1542 3020 1727 3082 aqua,
1789 2998 1903 3064 ille
1948 2999 2306 3082 baptizabit
2348 3002 2586 3085 spiritu

638 3099 880 3154 sancto,
966 3086 1123 3151 Ideo
1157 3086 1406 3152 Paulus
1449 3085 1736 3169 appellat
1778 3107 1851 3151 se
1893 3107 2282 3169 praeconem
2330 3091 2387 3152 2.
2414 3087 2582 3152 Tim.

631 3175 689 3253 I,
737 3182 805 3238 et
855 3179 906 3238 l.
951 3172 1096 3238 Cor.
1141 3172 1303 3236 111.:
1341 3170 1523 3235 Nihil
1571 3180 1668 3235 est
1713 3172 1824 3254 qui
1867 3173 2042 3253 rigat
2085 3181 2198 3237 aut
2243 3173 2350 3255 qui
2394 3173 2585 3257 plan-

632 3268 751 3338 tat,
799 3258 913 3323 sed
950 3258 1062 3340 qui
1107 3257 1219 3321 dat
1258 3257 1738 3321 incrementum
1783 3256 1987 3323 Deus.
2052 3258 2207 3324 Huc
2249 3259 2588 3340 pertinent

634 3366 858 3428 preces
902 3344 1133 3426 quibus
1176 3341 1582 3425 postulamus
1641 3350 1714 3406 ut
1770 3364 1995 3407 semen
2039 3344 2221 3408 verbi
2266 3343 2396 3409 Dei
2454 3343 2585 3409 dis·

633 3433 1030 3497 seminatum
1073 3430 1142 3492 in
1186 3426 1383 3493 corda
1424 3426 1753 3493 adolescat
1797 3438 1863 3492 et
1905 3429 2254 3495 fructificet
2291 3451 2412 3512 per
2455 3430 2586 3514 spi-

631 3517 833 3580 ritum
899 3521 1214 3579 sanctum.
1313 3512 1600 3577 Proinde
1660 3514 1869 3579 sicubi
1922 3512 2229 3580 dicuntur
2292 3514 2585 3581 ministri

628 3610 1028 3679 convertere,
1063 3598 1454 3675 illuminare,
1499 3607 1614 3662 aut
1649 3599 1904 3677 similia,
1941 3600 2210 3683 planum
2234 3611 2333 3665 est
2353 3600 2584 3684 loquu-

633 3688 841 3751 tiones
885 3706 1025 3750 esse
1071 3686 1608 3766 [impropria-91³)
1673 3685 1914 3767 Nequit
1958 3688 2134 3750 enim
2177 3684 2300 3750 sibi
2346 3707 2583 3770 repug-

632 3793 789 3836 nare
834 3771 1174 3852 scriptura.
1265 3769 1463 3834 Solus
1513 3771 1687 3834 enim
1730 3771 1915 3837 Deus
1970 3770 2333 3850 illuminat,
2402 3772 2583 3838 solus

629 3857 905 3923 remittit
940 3876 1298 3940 peccatum,
1346 3856 1523 3919 solus
1559 3856 1894 3921 convertit.
1965 3856 2151 3922 Haec
2186 3857 2434 3923 scilicet
2471 3856 2583 3923 ab·

627 3943 836 4011 solute
880 3950 945 4005 et
1000 3940 1382 4024 simpliciter
1437 3962 1950 4024 proponeremus
2004 3943 2326 4026 partibus:
2374 3943 2582 4007 inter-

626 4048 1011 4114 rogaremus
1056 4049 1139 4091 an
1185 4027 1276 4093 sic
1318 4026 1592 4091 credant
1632 4035 1699 4090 et
1742 4027 2030 4093 doceant.
2100 4026 2176 4093 Si
2222 4030 2425 4108 aiunt,
2469 4050 2584 4094 ur-

628 4114 863 4201 gebitis
907 4112 1053 4177 illos
1095 4122 1169 4177 ut
1211 4115 1458 4177 sincere
1503 4111 1791 4191 doceant,
1853 4120 1926 4177 ut
1968 4113 2309 4180 involucra
2350 4115 2582 4181 verbo-

627 4222 774 4266 rum
831 4206 896 4263 et
956 4197 1287 4282 decipulas
1341 4199 1792 4281 loquutionum
1851 4198 2163 4279 devitent,
2221 4200 2583 4266 clarissime

627 4307 768 4353 sese
806 4294 1157 4368 exponant,
1207 4294 1278 4347 ut
1313 4284 1497 4349 nobis
1547 4284 1867 4349 ministris
1903 4284 2091 4365 nihil,
2126 4286 2336 4352 omnis
2371 4285 2584 4371 gloria

630 4372 899 4440 Christo
944 4378 1010 4433 et
1055 4369 1252 4434 verbo
1300 4369 1504 4433 cedat.

796 4457 942 4520 Iam
985 4476 1143 4519 vero
1187 4457 1410 4538 paucis
1455 4456 1969 4540 perstringemus
2023 4476 2189 4539 quae
2233 4456 2583 4541 displicent

625 4557 692 4609 et
737 4542 1027 4618 sinuose,
1086 4542 1218 4604 imo
1278 4540 1585 4605 insidiose
1639 4543 1850 4624 posita
1907 4541 2255 4607 videantur
2305 4543 2375 4608 in
2431 4564 2582 4611 con-

621 4630 901 4695 fessione
945 4627 1205 4691 illorum
1253 4625 1331 4691 de
1378 4626 1734 4691 ministerio
1780 4637 1845 4691 et
1888 4628 2224 4694 ministris.

709 4717 714 4720 ’
800 4715 876 4778 A.
969 4712 1260 4777 Ministri
1344 4712 1652 4776 dicuntur
1729 4713 2167 4778 instrumenta
2230 4734 2348 4796 per
2412 4736 2581 4798 quae

623 4798 811 4863 Deus
855 4797 1050 4862 fidem
1106 4799 1412 4863 conferat.
1504 4796 1935 4863 Sacramenta
1987 4797 2298 4864 dicuntur
2340 4800 2583 4865 instru-

625 4894 850 4949 menta
889 4904 1008 4967 per
1050 4905 1216 4966 quae
1258 4883 1634 4948 infunditur
1688 4886 1919 4967 gratia.
2011 4884 2150 4950 Imo
2198 4906 2314 4967 per
2355 4887 2583 4953 minis-

623 4980 761 5035 tros
783 4984 850 5034 et
894 4980 1303 5034 sacramenta
1337 4970 1765 5052 perficiuntur
1806 4970 2049 5034 fideles.
2117 4970 2196 5034 Id
2219 4970 2391 5053 quod
2414 4971 2584 5038 Tho-

627 5057 961 5122 misticum
1020 5066 1087 5119 et
1145 5055 1601 5121 scholasticum
1648 5076 1788 5119 esse
1833 5057 2057 5121 nostis.
2163 5056 2460 5123 Ministri
2517 5067 2583 5124 et

829 5261 891 5395 {3
923 5276 1266 5383 ⁸ltl‘gcabulum
1308 5327 1566 5382 simlerus
1611 5329 1672 5381 in
1705 5330 2047 5398 autoqrapho
2081 5345 2193 5411 non
2227 5331 2335 5399 loqt'
2367 5336 2580 5390 asserit.

2279 407 2806 481 EPISTOLAE
2850 413 2976 476 875

4504 417 4594 479 472

2690 607 3098 674 sacramenta
3140 599 3311 664 nihil
3356 599 3704 666 conferunt
3719 649 3734 677 ,
3792 597 3909 665 sed
3952 600 4376 665 annunciant.
4461 601 4600 671 Deus

2691 687 2944 752 confert
2985 686 3223 752 omnia.
3311 685 3543 751 Utitur
3585 683 3772 751 Deus
3822 691 4050 750 nostro
4108 686 4481 765 ministerio,
4516 691 4601 756 sed

2690 771 2844 837 huic
2887 792 3025 835 non
3067 779 3171 837 est
3213 771 3540 856 alligatus.
3629 770 3810 853 Quid
3864 769 4040 854 quod
4084 779 4310 837 nostro
4353 772 4600 841 ministe-

2692 857 2791 922 rio
2833 857 3301 940 perfectionem
3345 856 3635 922 tribuere
3679 865 3783 924 est
3823 856 4269 923 contradicere
4312 859 4509 925 Paulo
4535 860 4606 926 di·

2692 943 2896 1009 centi:
2960 942 3146 1008 Adeo
3189 943 3375 1008 stulti
3420 943 3578 1009 estis
3632 949 3708 1007 ut
3749 963 3955 1026 quum
4014 942 4251 1026 spiritu
4305 947 4604 1027 coeperitis

2693 1049 2892 1095 carne
2956 1028 3476 1094 consumamini?
3499 1032 3558 1105 ⁴)
3635 1029 3765 1093 nisi
3845 1029 4281 1094 ministerium
4351 1038 4608 1098 nostrum

2693 1136 2830 1180 non
2873 1115 2963 1180 sit
3005 1114 3268 1179 carnale
3312 1122 3379 1179 et
3422 1122 3791 1179 externum.

2864 1200 2942 1264 B.
3033 1199 3213 1281 Quid
3257 1221 3418 1283 opus
3474 1200 3833 1265 humilibus
3885 1199 4204 1265 ministris
4258 1200 4373 1265 illa
4416 1200 4611 1285 loquu-

2693 1286 2901 1351 tione:
2968 1284 3157 1350 Deus
3214 1287 3387 1370 regit
3450 1285 3791 1351 ecclesiam
3845 1285 4192 1351 visibiliter
4244 1307 4361 1369 per
4422 1287 4612 1353 minis·

2692 1370 2872 1436 tros?
2932 1370 3157 1456 Papae
3190 1373 3579 1437 vicariatum
3617 1371 3935 1437 ambienti
3964 1372 4428 1455 congruentior
4457 1385 4613 1439 esset.

2692 1458 2880 1522 Deus
2922 1460 3095 1541 regit
3136 1478 3319 1521 suam
3366 1457 3707 1522 ecclesiam
3726 1508 3741 1536 ,
3796 1464 3864 1521 et
3917 1457 4091 1540 regit
4142 1458 4345 1523 verbo
4402 1468 4467 1522 et
4512 1461 4614 1543 spi·

2694 1544 2845 1607 ritu.
2936 1542 3088 1626 Ipse
3145 1562 3261 1607 rex
3309 1550 3442 1620 est,
3507 1550 3734 1627 pastor
3799 1550 3867 1606 et
3930 1552 4169 1608 rector:
4237 1563 4353 1609 nos
4424 1566 4618 1611 sumus

2694 1629 2898 1702 servi,
2953 1627 3121 1692 nihil
3174 1648 3441 1711 prorsus
3496 1635 3891 1711 usurpantes
3945 1627 4132 1693 nobis
4175 1626 4467 1694 dominii.
4545 1633 4618 1697 At

2695 1713 2941 1796 aliquid
2988 1712 3161 1779 cedit
3203 1712 3408 1790 nobis,
3453 1714 3725 1797 si‘regit
3768 1714 3838 1777 in
3885 1712 4088 1792 nobis,
4133 1711 4201 1778 id
4244 1727 4362 1793 est,
4430 1717 4485 1781 si
4519 1738 4621 1784 nos

2692 1798 2790 1863 illi
2835 1820 3061 1864 sumus
3104 1820 3221 1881 per
3263 1820 3422 1882 quos
3466 1800 3653 1882 regit..
3723 1798 3953 1865 Gloria
3998 1800 4160 1866 haec
4194 1798 4473 1867 debetur
4511 1806 4623 1887 spi-

2695 1885 2854 1949 ritui
2897 1892 2965 1949 et
3004 1885 3224 1950 verbo.
3294 1885 3517 1949 Denen
3551 1886 3751 1950 leuben
3791 1886 3878 1950 ist
3918 1905 4108 1968 neysz
4148 1906 4281 1952 was
4321 1887 4496 1953 mehr
4532 1911 4624 1955 aa·

2691 1971 2934 2055 yeleqen
2979 1972 3141 2035 devm
3193 1991 3267 2053 sy
3321 1970 3512 2035 herus
3557 1990 3780 2053 sayen:
3829 1972 4014 2051 jener
4053 1970 4195 2035 hats
4245 1972 4499 2057 villycht
4544 1974 4629 2040 he-

2694 2077 2811 2121 rus
2846 2061 3062 2140 yesayt
3101 2056 3214 2121 der
3251 2055 3634 2138 yeschriben,
3695 2056 3808 2120 der
3845 2055 4129 2140 yeistlich
4166 2057 4355 2138 ywalt
4398 2062 4625 2141 synodo-

2694 2163 2842 2207 rum
2908 2163 3106 2226 qanye
3157 2141 3398 2222 hinauf
3445 2141 3542 2206 bis
3598 2149 3684 2205 dn
3739 2140 4010 2207 himmel.
4112 2141 4317 2207 Mam:
4367 2145 4481 2208 wil
4527 2147 4630 2212 das

2693 2229 3112 2293 ministerium
3152 2227 3487 2310 veryt’ilden
3519 2228 3678 2292 aasz
3711 2228 3813 2291 die
3846 2228 4128 2292 ministri
4162 2228 4315 2293 ouch
4343 2230 4630 2312 yleissind

2693 2314 2864 2379 vnnd
2902 2315 2997 2377 nit
3037 2333 3106 2379 so
3149 2313 3375 2378 dunkel
3408 2314 3575 2376 vnnd
3607 2311 3947 2378 machthar
3980 2315 4052 2377 in
4085 2314 4202 2378 der
4236 2315 4373 2379 well
4408 2319 4631 2400 seyend,

2695 2420 2899 2482 quum
2942 2406 3163 2463 tamen
3203 2397 3445 2462 dixerit
3465 2397 3792 2463 Dominus
3838 2419 3957 2464 nos
3999 2399 4067 2463 in
4107 2398 4353 2465 mundo
4395 2402 4631 2468 futuros

2692 2485 3013 2551 obscuros.
3082 2485 3433 2550 Possemus
3475 2484 3580 2548 his
3623 2481 4031 2566 splendorem
4058 2488 4525 2568 quaerentibus
4566 2489 4633 2552 il-

2692 2570 2806 2635 lud
2863 2570 3056 2636 Pauli
3122 2568 3431 2635 obiicere:
3499 2570 3637 2634 Nos
3704 2567 3893 2634 stulti
3956 2579 4225 2652 propter
4278 2571 4632 2652 Christum,

2693 2677 2809 2722 vos
2864 2655 3221 2739 prudentes
3276 2676 3395 2738 per
3449 2654 3824 2719 Christum:
3890 2675 4010 2721 nos
4065 2657 4465 2738 imbecilles,
4532 2681 4638 2726 vos

2694 2750 2910 2807 autem
2954 2740 3186 2807 validi:
3249 2762 3369 2806 nos
3426 2742 3816 2824 contempti,
3879 2762 3995 2806 vos
4053 2752 4274 2808 autem
4320 2743 4485 2810 clari
4528 2753 4633 2812 etc.

2698 2833 2725 2891 1
2780 2826 2927 2893 Cor.
2976 2831 3034 2891 4.
3127 2826 3376 2891 Verum
3433 2824 3606 2891 cedit
3662 2826 3778 2890 illa
3829 2826 4092 2893 claritas
4151 2829 4234 2894 ad
4279 2830 4483 2896 fidem
4529 2834 4640 2897 mi-

2692 2914 2919 2978 nistris
2963 2912 3347 2979 faciendam.
3449 2910 3720 2977 Orietur
3736 2913 3796 2989 ⁶)
3857 2912 4130 2978 verbum
4185 2915 4325 2980 suis
4384 2918 4640 2983 virtuti-

2690 3000 2839 3066 bus:
2908 2997 2977 3063 id
3043 2997 3304 3063 demum
3362 2997 3631 3063 inducet
3692 2998 4031 3065 ecclesiam
4100 3000 4181 3064 ad
4243 3002 4643 3068 credendum

2690 3085 2906 3153 verbe.
2984 3085 3275 3168 Wederfl)
3312 3083 3407 3150 sol
3437 3105 3589 3148 man
3622 3106 3737 3149 vus
3764 3086 3913 3150 oder
3944 3085 4084 3151 dem
4121 3086 4297 3153 Wort
4323 3090 4640 3173 glauben?

2861 3169 2936 3238 C.
3026 3170 3223 3253 Quod
3262 3170 3637 3235 testimonia
3680 3171 3919 3235 attinet
3970 3170 4208 3254 quibus
4257 3175 4498 3241 volunt
4537 3197 4642 3261 ap-
4768 3172 4777 3183 “

2690 3259 2965 3341 probare
3007 3278 3197 3323 suam
3252 3256 3434 3320 illam
3488 3258 3882 3321 sententiam
3897 3307 3913 3337 ,
3972 3257 4282 3324 videntur
4335 3262 4645 3346 pleraque

2690 3364 2731 3407 a
2772 3364 2893 3409 suo
2935 3344 3160 3409 nativo
3189 3363 3386 3407 sensu
3424 3340 3693 3407 detorta.
3760 3343 3987 3408 Ioann.
4035 3349 4137 3408 15:
4186 3346 4522 3413 Fructum
4554 3348 4640 3414 af·

2688 3430 2931 3495 feratis.
3039 3428 3208 3510 Quis
3258 3438 3478 3493 autem
3537 3428 3801 3512 paravit
3851 3429 4141 3494 fructum
4157 3430 4189 3493 ‘2
4294 3432 4541 3517 Nonne
4590 3434 4644 3499 is

2689 3517 2799 3599 qui
2844 3516 3324 3580 incrementum
3369 3513 3594 3578 dedit?
3661 3514 4063 3580 Consulatur
4103 3518 4511 3601 principium
4554 3525 4640 3583 15.

2689 3603 2849 3684 Cap.
2897 3599 3008 3665 ubi
3054 3598 3292 3665 dicitur
3335 3598 3508 3681 quod
3541 3599 3847 3681 palmites
3891 3602 4025 3666 sint
4066 3603 4370 3670 ministri.
4447 3606 4646 3670 Pater

2687 3687 2972 3772 agricola
3024 3694 3152 3750 est:
3211 3685 3269 3750 is
3323 3692 3513 3769 putat
3565 3684 3869 3768 palmites
3923 3694 4000 3750 ut
4058 3687 4344 3754 fructum
4408 3692 4640 3756 ferant.

2687 3773 2797 3838 En
2840 3782 3027 3855 pater
3068 3773 3125 3837 is
3160 3779 3263 3836 est
3302 3791 3421 3854 per
3463 3791 3653 3853 quem
3700 3780 3973 3854 paratur
4014 3774 4288 3854 fructus,
4353 3777 4645 3842 ministri

2686 3866 2947 3924 tantum
2991 3856 3299 3923 desecant
3341 3863 3456 3921 aut
3499 3855 3841 3921 demetunt
3875 3865 3942 3921 et
3974 3870 4341 3942 apportant.
4412 3863 4643 3928 Ioann.

2687 3950 2727 4008 4
2773 3953 2841 4010 et
2882 3942 3121 4009 Matth.
3186 3948 3221 4006 9
3269 3962 3405 4026 cap.
3460 3941 3698 4006 Matth.
3751 3948 3853 4006 10:
3920 3944 4072 4008 Non
4137 3967 4258 4011 vos
4324 3948 4495 4014 estis
4557 3948 4648 4013 lo-

2687 4037 2958 4114 quentes
3002 4029 3119 4095 sed
3162 4028 3434 4112 spiritus
3476 4028 3683 4112 patris
3728 4030 3948 4093 vestri.
4016 4029 4294 4112 Spiritui
4341 4053 4511 4118 ergo
4546 4034 4648 4098 de-

2685 4117 2877 4183 betur
2915 4115 3155 4199 gloria,
3215 4134 3348 4180 non
3405 4113 3834 4197 loquentibus.
3922 4115 4069 4179 Imo
4113 4116 4408 4200 loquitur
4456 4118 4648 4203 spiri·

2687 4211 2810 4267 tue.
2876 4201 3175 4266 Pessime
3221 4200 3383 4265 alias
3426 4200 3687 4282 scripsit
3729 4201 3843 4283 qui
3886 4201 4229 4267 obscuram
4274 4203 4459 4271 hanc
4496 4226 4646 4271 con-

2685 4288 3036 4354 fessionem
3094 4285 3385 4369 scripsit,
3452 4284 3611 4350 adeo
3667 4292 3742 4349 ut
3796 4308 3988 4370 saepe
4055 4288 4477 4357 haeserimus
4535 4308 4651 4356 nec

2682 4373 3089 4457 potuerimus
3155 4371 3393 4456 legere.
3491 4371 3587 4435 At
3649 4370 3839 4435 iuxta
3902 4374 4178 4439 istorum
4246 4377 4649 4442 sententiam

2684 4459 2933 4544 optime
2976 4458 3238 4540 scripsit
3290 4463 3340 4523 l.
3380 4454 3526 4521 Cor.
3566 4460 3636 4521 4:
3682 4454 4100 4540 dispersores-
4122 4461 4650 4530 ministeriorum

2684 4543 2833 4610 Dei.
2852 4546 2907 4622 ⁷)
2993 4545 3197 4609 Recte
3241 4563 3399 4608 sane
3446 4541 3877 4625 dispersores!
3969 4544 4219 4610 Verum
4276 4548 4448 4615 haec
4505 4550 4647 4615 ioco

2684 4631 2961 4696 dicimus
3001 4630 3071 4694 in
3114 4651 3187 4694 re
3231 4629 3418 4693 seria.
3518 4627 3697 4709 Quid
3752 4641 3974 4694 autem
4029 4631 4193 4697 haec
4244 4631 4324 4697 ad
4372 4634 4648 4702 Mercu·

2684 4715 2905 4782 rium?
2991 4715 3496 4798 Dispensatores
3540 4714 3848 4781 describit
3889 4715 4216 4783 Dominus
4259 4720 4514 4786 Matth.
4548 4722 4649 4796 24,

2685 4804 2846 4869 Luc.
2898 4804 2989 4864 12.
3088 4800 3481 4885 Mysterium
3539 4801 3952 4886 evangelium
4012 4812 4113 4868 est
4168 4814 4245 4869 ut
4295 4805 4515 4871 claret
4568 4826 4650 4870 ex

2888 5058 2949 5122 4)
2987 5058 3099 5111 sic!
3166 5056 3252 5123 Of.
3290 5055 3414 5112 Gal.
3448 5056 3500 5124 8,
3533 5056 3585 5110 3.

2889 5128 2950 5185 5)
2989 5125 3223 5208 ornetur
3239 5127 3267 5179 ⁸?

2889 5195 2950 5331 33
2982 5209 3101 5317 ⁸135oe
3147 5262 3399 5318 credibile
3446 5269 3527 5317 est
3570 5265 3631 5318 in
3677 5265 3986 5320 authentum·
4032 5267 4112 5320 sic
4155 5268 4426 5334 seriptum
4478 5268 4654 5332 fonsae·

2676 5350 2814 5404 pro:
2845 5333 3249 5402 dispensatores
3282 5334 3681 5404 mysteriorum.
