4825 6175
614 456 698 519 35
2173 443 2704 514 EPISTOLAE
2750 442 3093 506 615-618
4542 439 4613 502 36

610 649 720 710 cet
760 660 987 707 omnes
1029 660 1179 706 eam
1220 636 1603 718 admittant,
1660 643 1728 703 et
1776 636 2063 703 fructum
2105 636 2445 702 fateantur
2483 653 2569 699 ex

614 748 694 794 ea
736 747 807 794 se
848 726 1185 809 percipere
1198 775 1217 804 ,
1273 722 1452 790 solus
1508 731 1730 788 tamen
1783 741 1930 788 eam
1986 720 2260 787 damnat
2301 727 2370 785 et
2411 740 2567 787 con-

611 812 888 879 trariam
928 809 1133 878 verbo
1174 810 1306 876 Dei
1348 808 1657 875 affirmat.
1744 808 2224 891 Exspectatum
2263 807 2391 872 fuit
2431 803 2567 886 diu,

615 906 683 964 et
724 896 950 965 multis
992 903 1215 963 actum
1269 901 1338 961 et
1392 894 1736 978 scripturis
1793 900 1862 959 et
1916 893 2261 978 exemplis,
2317 912 2485 975 quae
2527 912 2570 957 a

610 983 800 1050 nobis
840 982 1172 1067 proposita
1211 982 1500 1059 fuerunt,
1544 988 1612 1046 et
1645 1000 2118 1063 nonnunquam
2153 979 2235 1045 ab
2272 977 2421 1043 aliis
2455 976 2569 1060 qui

611 1069 686 1134 in
729 1076 921 1137 coetu
964 1075 1188 1134 nostro
1232 1087 1382 1134 cum
1426 1074 1837 1151 repugnante
1880 1073 2177 1149 egerunt,
2238 1061 2355 1129 sed
2399 1061 2567 1128 nihil

610 1156 977 1238 profectum
1031 1154 1174 1219 fuit.
1262 1154 1553 1218 Demum
1571 1203 1588 1232 ,
1641 1173 1727 1217 ne
1782 1150 1941 1235 quid
1996 1152 2415 1216 omitteretur
2468 1149 2568 1213 in-

612 1247 941 1307 tentatum
1000 1239 1161 1323 quin
1203 1237 1285 1304 ad
1342 1258 1570 1304 veram
1623 1235 2036 1304 concordiam
2091 1235 2568 1303 adduceremus

610 1326 788 1391 ultro
828 1324 1249 1403 resilientem,
1285 1332 1555 1409 rogatus
1590 1323 1720 1389 fuit
1753 1344 1841 1388 an
1875 1321 2294 1389 ecclesiarum
2329 1318 2570 1386 iudicio

612 1423 790 1478 stare
832 1411 1052 1477 vellet.
1142 1409 1337 1491 Quod
1380 1409 1495 1477 ubi
1549 1408 1815 1475 admisit
1867 1430 1938 1474 se
1990 1408 2341 1487 facturum,
2382 1426 2569 1491 mag-

610 1518 737 1563 nas
788 1498 935 1563 Deo
992 1497 1241 1581 gratias
1290 1495 1571 1580 egimus.
1655 1495 1955 1579 Rogatae
1996 1494 2266 1559 fuerunt
2318 1491 2571 1576 aliquot

612 1581 941 1661 ecclesiae,
986 1589 1184 1665 prout
1223 1588 1516 1648 vestram
1559 1601 1818 1665 quoque
1875 1580 2262 1665 rogavimus
2279 1629 2295 1657 ,
2351 1578 2568 1643 literis

613 1667 698 1734 ad
742 1668 1165 1753 Meqandrum
1212 1665 1401 1747 datis,
1461 1667 1575 1751 qui
1616 1667 1727 1732 hic
1768 1687 1889 1751 per
1930 1665 2204 1730 Domini
2259 1664 2569 1749 spiritum

614 1761 804 1819 autor
846 1753 1032 1820 nobis
1072 1754 1199 1819 fuit
1240 1773 1574 1819 censurae.
1662 1750 2000 1835 Scriptum
2041 1749 2272 1816 itidem
2314 1750 2445 1815 fuit
2485 1748 2571 1814 ad

613 1837 1076 1924 Bullinyerum,
1093 1842 1152 1917 ²)
1187 1859 1506 1924 magnum
1526 1859 1676 1904 cum
1703 1836 1983 1919 Casparc
2013 1844 2344 1921 pastorem
2378 1837 2571 1902 istius

612 1924 940 1992 ecclesiae.
1031 1922 1260 2006 Quum
1317 1925 1399 1991 ab
1459 1924 1605 1990 aliis
1661 1943 2049 2008 responsum
2105 1924 2568 2006 acceperimus,

612 2033 653 2076 a
697 2011 882 2077 vobis
925 2032 1056 2077 non
1099 2011 1279 2076 item.
1365 2007 1560 2077 Unde
1604 2010 1681 2074 fit
1722 2019 1797 2074 ut
1831 2027 2180 2074 vereamur
2220 2030 2306 2073 ne
2348 2006 2569 2073 reddi-

609 2105 719 2162 tae
762 2097 952 2163 vobis
1009 2104 1271 2162 nostrae
1329 2096 1577 2162 fuerint
1593 2147 1607 2173 ,
1669 2102 1813 2175 aut,
1880 2094 1937 2159 si
1989 2094 2158 2158 forte
2212 2092 2570 2159 rescribere

612 2181 952 2261 duxeritis,
995 2196 1261 2249 vestrae
1303 2182 1705 2265 interceptae
1746 2179 1993 2245 fuerint
2023 2179 2273 2245 literae.
2339 2178 2568 2260 Quare

610 2268 946 2334 iusserunt
989 2290 1096 2333 me
1139 2269 1379 2333 fratres
1437 2273 1515 2333 ut
1568 2265 1652 2331 ad
1707 2285 1827 2331 vos
1871 2263 2242 2343 scriberem,
2299 2273 2368 2330 et
2410 2285 2566 2331 cen-

610 2375 837 2419 suram
879 2365 1009 2437 qua
1051 2354 1299 2419 utimur
1340 2353 1565 2436 paucis
1600 2352 1997 2435 explicatam
2033 2352 2386 2431 mitterem,
2430 2372 2567 2416 una

609 2458 760 2504 cum
804 2440 1036 2522 positis
1072 2438 1505 2524 repugnantis
1540 2438 1774 2521 quibus
1807 2443 2000 2521 putat
2033 2458 2377 2504 censuram
2413 2457 2566 2503 nos-

607 2533 782 2590 tram
827 2547 1131 2592 eversum
1175 2527 1258 2590 iri
1274 2576 1290 2604 ,
1335 2525 1390 2590 si
1436 2546 1512 2590 ea
1556 2523 1770 2607 posita
1810 2524 2133 2589 steterint.
2221 2522 2564 2607 Rogamus

604 2611 825 2694 itaque
867 2632 986 2677 vos
1039 2612 1111 2675 in
1144 2611 1433 2676 Domino
1488 2616 1557 2675 et
1601 2630 1719 2692 per
1757 2608 2100 2675 Christum
2142 2609 2564 2686 obtestamur,

604 2717 689 2762 ne
732 2696 923 2762 vobis
966 2696 1314 2763 molestum
1368 2696 1457 2761 sit
1495 2703 1795 2763 vestrum
1840 2694 1922 2760 de
1966 2715 2038 2760 re
2083 2694 2206 2761 hac
2248 2694 2566 2761 iudicium

612 2783 926 2865 proferre,
983 2790 1052 2848 et
1095 2804 1173 2849 ea
1215 2782 1483 2848 demum
1539 2781 1755 2847 facere
1812 2802 1978 2864 quae
2037 2780 2121 2845 ad
2174 2801 2566 2847 conservan-

614 2866 767 2931 dam
814 2869 989 2934 inter
1041 2891 1161 2936 nos
1215 2889 1446 2934 veram
1501 2887 1729 2951 pacem
1790 2873 1859 2930 et
1908 2863 2322 2932 concordiam
2374 2866 2569 2931 utilia

608 2952 1076 3019 iudicaveritis.
1145 2954 1345 3020 Modo
1389 2953 1578 3019 salva
1620 2952 1708 3018 sit
1748 2952 1960 3036 pietas
1994 2961 2063 3017 et
2090 2960 2567 3018 conserventur

610 3038 978 3117 ecclesiae,
1009 3041 1223 3125 parati
1266 3045 1425 3106 sunt
1483 3040 1721 3105 fratres
1779 3058 1974 3123 agere
2016 3038 2240 3104 omnia
2281 3059 2365 3104 ne
2408 3038 2565 3122 quid

612 3124 868 3191 dissidii
910 3125 1147 3210 gliscat
1189 3134 1259 3192 et
1300 3132 1535 3210 regnet
1576 3126 1750 3191 inter
1789 3145 1926 3191 noe.
2014 3122 2090 3190 Si
2129 3145 2251 3191 nos
2296 3145 2335 3190 a
2379 3123 2567 3190 vobis

610 3210 825 3277 multa
853 3232 1057 3295 quum
1080 3211 1541 3295 acceperimus,
1580 3211 1748 3276 nihil
1767 3219 2194 3294 praestemus,
2219 3231 2305 3276 ne
2326 3230 2565 3294 quaeso

608 3298 854 3381 putetis
907 3298 977 3363 id
1022 3298 1104 3364 ab
1162 3294 1637 3382 ingratitudine
1695 3316 1840 3363 esse
1882 3295 2247 3381 profectum
2265 3348 2283 3376 ,
2350 3317 2565 3380 neque

610 3381 837 3449 deesse
895 3384 1193 3450 animum
1245 3383 1434 3449 nobis
1489 3381 1656 3448 bene
1709 3381 2008 3448 merendi
2063 3381 2145 3447 de
2188 3382 2378 3448 vobis
2423 3389 2564 3448 stu·

610 3466 896 3535 diosum:
953 3469 1070 3536 sed
1114 3491 1246 3535 non
1287 3469 1488 3536 fuisse
1531 3488 1723 3552 pares
1766 3470 1937 3535 votis
1993 3469 2238 3535 nostris
2281 3470 2457 3534 vires
2499 3476 2569 3533 et

609 3556 1018 3622 occasionem
1063 3556 1363 3622 defuisse.
1428 3556 1521 3621 Et
1564 3575 1766 3638 quum
1810 3575 2037 3621 omnes
2080 3554 2386 3621 ecclesias
2426 3554 2565 3619 Do-

610 3641 791 3706 mino
834 3641 1387 3720 commendemus,
1429 3646 1800 3706 vestrorum
1834 3641 2199 3706 officiorum
2241 3660 2566 3706 memores

613 3746 732 3792 vos
796 3728 973 3793 inter
1032 3736 1395 3811 postremos
1446 3749 1580 3792 non
1637 3726 1985 3806 habemus,
2048 3732 2435 3809 exoptantes
2491 3733 2568 3790 ut

612 3811 922 3878 Christus
956 3834 1076 3879 vos
1117 3814 1421 3879 omnibus
1464 3812 1819 3895 locupletet
1861 3811 2052 3878 donis
2095 3810 2563 3896 spiritualibus,

613 3918 742 3982 quo
786 3899 1051 3983 possitis
1092 3900 1305 3984 magis
1348 3907 1418 3965 et
1457 3899 1670 3982 magis
1716 3896 1841 3965 hoc
1884 3904 2023 3963 tam
2066 3917 2377 3981 perverso
2420 3917 2564 3964 sae·

611 3982 756 4049 culo
797 3983 1075 4068 gloriam
1098 3984 1350 4052 Christi
1393 3991 1461 4051 et
1502 3983 1828 4069 evangelii
1866 3982 2220 4062 illustrare,
2264 3991 2333 4049 et
2365 4004 2564 4067 quam

606 4068 929 4152 plurimos
974 4070 1057 4136 ab
1103 4091 1323 4138 errore
1365 4072 1437 4136 in
1480 4069 1660 4137 viam
1702 4070 2003 4135 veritatis
2053 4088 2380 4149 revocare,
2426 4090 2563 4135 non

608 4162 872 4221 tantum
915 4164 1142 4223 sancto
1185 4158 1451 4223 hortatu
1504 4177 1731 4222 omnes
1787 4155 1871 4222 ad
1929 4155 2204 4221 meliora
2255 4163 2335 4220 ut
2388 4156 2559 4221 invi-

609 4241 782 4320 tetis,
828 4262 1064 4307 verum
1099 4244 1297 4309 etiam
1332 4241 1634 4327 exemplo
1667 4262 1826 4308 vere
1860 4241 2219 4307 christiano
2261 4240 2557 4307 trahatis.

605 4326 847 4392 Valete
912 4327 1284 4396 felicissime
1353 4350 1502 4396 cum
1572 4327 1859 4394 ecclesiis
1921 4327 2108 4395 vobis
2173 4327 2558 4403 commissis,

606 4413 842 4494 quibus
901 4416 1123 4480 omnia
1176 4416 1391 4482 fausta
1445 4435 1808 4498 precamur.
1911 4413 1977 4478 Ν
1977 4414 2225 4479 eocomi
2279 4417 2381 4479 22.
2427 4413 2558 4478 Fe—

604 4496 854 4563 bruarii
908 4503 1091 4565 1545.

1533 4586 1779 4652 Vester
1823 4591 2001 4651 totus
2042 4584 2348 4651 Farellus

1450 4691 1570 4737 suo
1615 4679 1682 4737 et
1720 4673 2005 4737 flatrum
2047 4671 2327 4737 nomine.
2350 4673 2408 4747 3)

610 4792 667 4798 --—
688 4796 703 4797 ἶ
722 4794 819 4801 --.....
836 4795 939 4800 ...-.-
951 4795 1015 4800 --,

814 4873 872 5005 {3
910 4873 1226 5014 {affixa-i
1255 4959 1573 5015 responsum
1607 4946 1829 5003 habebis
1862 4945 2021 5011 infra
2057 4943 2135 5001 N.
2171 4944 2289 5000 622.

3571 624 3722 698 616.

3104 777 3694 848 ΒἘΒΕΒΤΕΤΠΒ
3736 777 4204 848 FARELLO.

2851 951 3153 1019 Plurium
3205 953 3451 1038 negotia
3505 951 3696 1018 obiter
3748 949 4006 1031 delibat,
4068 970 4149 1015 ex
4199 955 4390 1032 paris
4454 950 4622 1017 nobis

2671 1038 3005 1123 difficaius
3045 1038 3472 1123 intelziqenda.

2675 1210 2788 1277 (Ex
2833 1209 3172 1280 autographo
3218 1209 3363 1263 Bibl.
3362 1211 3706 1346 &astrea-{1³13
3739 1206 4222 1344 ἓοῗῖοῗιοιιείαω,
4278 1205 4457 1261 fascic.
4505 1223 4622 1277 epp.

2840 1447 3059 1516 Fideli
3081 1446 3331 1513 Christi
3375 1467 3565 1513 servo
3609 1445 3970 1513 Guillelmo
4011 1446 4277 1514 Farello
4319 1444 4625 1512 ecclesiae

2672 1534 3136 1601 Neocomensis
3179 1534 3428 1618 pastori
3488 1531 3992 1617 diligentissimo
4051 1531 4244 1598 fratri
4300 1539 4366 1596 et
4421 1530 4626 1597 amico

2671 1622 2745 1686 in
2787 1620 3078 1686 Domino
3123 1639 3440 1703 perquam
3485 1617 3891 1685 observando
4120 1703 4451 1769 Neocomi·

2845 1928 3121 1995 Ioannes
3146 1931 3195 2005 ¹)
3241 1928 3354 1993 ille
3405 1927 3572 1993 mihi
3629 1928 3880 2011 pariter
3933 1926 4161 1992 retulit
4210 1926 4626 1992 carissimum

2671 2014 2946 2079 fratrem
2975 2014 3459 2080 Thomassiamm
3474 2017 3532 2091 ²)
3558 2013 3702 2079 Deo
3738 2013 4028 2077 animam
4063 2013 4407 2087 efflavisse,
4456 2009 4627 2094 quod

2673 2121 2832 2165 sane
2885 2100 3236 2166 molestum
3291 2099 3417 2164 fuit
3473 2108 3541 2165 et
3599 2098 3861 2166 Calvino
3933 2106 4001 2164 et
4054 2097 4244 2163 nobis
4301 2096 4624 2162 omnibus.

2670 2185 3050 2251 Volendum
3094 2195 3316 2250 tamen
3360 2185 3535 2267 quod
3578 2184 3727 2251 vult
3780 2184 4066 2267 optimus
4125 2203 4200 2248 ac
4254 2182 4628 2266 prudentis·

2670 2272 2877 2337 simus
2919 2280 3111 2355 pater
3151 2270 3262 2337 cui
3305 2270 3425 2336 soli
3480 2280 3548 2337 et
3591 2271 3880 2336 vivimus
3925 2279 3992 2335 et
4032 2269 4369 2334 morimur.
4460 2268 4627 2333 Fra-

2670 2365 2805 2423 tres
2848 2356 3063 2423 nostri
3098 2358 3402 2422 Ioamaem
3443 2378 3663 2421 meum
3683 2360 3738 2433 ⁸)
3782 2356 4098 2439 probant,
4164 2363 4239 2420 ut
4279 2375 4400 2438 per
4445 2354 4627 2418 Lau·

2670 2463 3033 2509 sannenses
3075 2443 3311 2508 fratres
3355 2463 3506 2507 eum
3526 2443 3818 2508 Bernam
3863 2441 4150 2519 mittant,
4192 2438 4627 2524 principibus-

2671 2550 2796 2613 que
2842 2528 3194 2614 diligenter
3252 2527 3740 2604 commendent,
3809 2547 3935 2610 quo
3993 2525 4393 2592 Lausannae
4449 2526 4628 2589 inter

2670 2623 3130 2698 exspectantes
3197 2612 3435 2679 bonam
3480 2614 3757 2678 Domini
3810 2612 4218 2679 voluntatem
4269 2620 4625 2694 exspectet.

2671 2699 2751 2768 Si
2792 2701 3213 2766 concionibus
3255 2701 3424 2765 foret
3465 2700 3883 2778 exercitatus,
3943 2698 4151 2764 Vireto
4184 2709 4327 2763 erat
4369 2698 4630 2762 animus

2668 2793 2747 2852 ut
2787 2786 3184 2852 Lausannae
3227 2785 3536 2851 diaconus
3590 2783 4087 2850 constituendus
4129 2791 4626 2867 proponeretur.

2675 2871 3009 2939 Calvinum
3051 2870 3132 2937 de
3174 2892 3250 2936 00
3295 2872 3590 2951 conveni,
3636 2871 3749 2954 qui
3794 2870 3855 2934 ei
3897 2870 4185 2934 maxime
4228 2868 4413 2952 cupit
4461 2870 4627 2935 bene

2670 2965 2738 3023 et
2778 2965 3037 3024 mature
3076 2955 3443 3023 consultum
3486 2956 3573 3021 iri
3613 2955 3697 3022 ob
3741 2963 3878 3021 tam
3922 2955 4243 3020 diutinam
4284 2954 4521 3020 uxoris
4564 2960 4629 3019 et

2670 3043 3027 3111 liberorum
3067 3043 3455 3123 absentiam,
3513 3042 3777 3108 tametsi
3820 3062 3966 3107 eam
4024 3043 4130 3125 (ut
4168 3062 4208 3105 a
4248 3040 4480 3107 multis
4524 3041 4626 3105 in-

2672 3127 3074 3214 telleximus)
3117 3129 3661 3213 patientissimam
3702 3129 4011 3211 crucique
4054 3134 4384 3193 assuetam
4429 3125 4626 3192 intel-

2667 3216 3042 3281 lexerimus.
3132 3216 3353 3280 Tuum
3414 3216 3427 3228 '
3485 3216 3614 3279 'tur
3668 3214 3749 3278 de
3802 3214 4066 3299 negotio
4109 3212 4236 3279 hoc
4283 3222 4625 3296 exspecta-

2669 3302 2887 3367 bimus
2929 3300 3293 3368 consilium.
3382 3298 3459 3365 Sl
3502 3298 3677 3383 apud
3722 3300 3926 3364 alium
3981 3319 4178 3383 quam
4233 3319 4341 3363 me
4398 3308 4627 3383 ageret

2669 3408 2822 3453 eum
2867 3387 3079 3471 magis
3112 3385 3536 3469 impellerem.
3625 3385 3721 3449 At
3761 3386 3893 3449 mei
3945 3406 4143 3451 causa
4194 3385 4415 3468 potius
4476 3384 4625 3450 reii-

2667 3479 2927 3539 ceretur
2970 3492 3169 3556 quam
3212 3469 3685 3537 admitteretur.
3754 3470 3861 3538 Ita
3895 3471 4106 3537 vicem
4139 3469 4306 3534 mihi
4348 3469 4625 3552 perinde

2670 3568 2866 3642 atque
2908 3559 3031 3624 tibi
3073 3557 3267 3623 multi
3303 3556 3693 3640 rependunt.
3779 3556 3852 3621 Is
3895 3564 3961 3621 te
3996 3556 4485 3622 accuratissime
4521 3577 4624 3622 sa-

2666 3644 2858 3724 lutat,
2909 3665 3080 3709 uxor
3121 3664 3288 3721 mea,
3345 3642 3799 3726 ludimagister
3842 3641 4238 3721 Alexander,
4274 3652 4342 3706 et
4384 3641 4624 3725 reliqui

2668 3730 2926 3795 fratres.
3028 3728 3254 3811 Quum
3307 3727 3388 3793 de
3433 3727 3584 3792 ludi
3639 3728 3847 3795 vestri
3903 3727 4176 3792 literarii
4234 3735 4414 3793 statu
4473 3747 4625 3793 cum

2672 3814 2933 3882 Calvam
2975 3836 3266 3899 agerem,
3330 3834 3406 3878 ac
3459 3835 3643 3897 spem
3701 3834 3877 3878 nunc
3934 3812 4350 3897 potissimum
4406 3811 4622 3877 adful-

2666 3922 2822 3985 gere
2880 3902 3168 3984 aliquam
3229 3898 3515 3966 dicerem
3530 3951 3546 3978 ,
3613 3896 4150 3982 commodamque
4215 3898 4624 3965 occasionem

2667 4007 2810 4053 esse
2853 4008 2982 4071 qua
3030 3984 3368 4055 corderius
3381 3985 3441 4069 4)
3498 3993 3721 4052 noster
3776 3985 3859 4050 ad
3916 3983 4425 4050 restaurandum
4487 3983 4622 4050 Ge-

2666 4093 2956 4140 nevense
3014 4072 3359 4156 collegium
3412 4078 3756 4137 revocetur
3772 4121 3788 4148 ,
3850 4078 4207 4136 tractatum
4263 4069 4396 4134 fuit
4445 4069 4623 4135 inter

2666 4158 2906 4224 fratres
2942 4159 3281 4244 negotium
3324 4166 3393 4224 et
3432 4155 3836 4242 principibus
3871 4155 4137 4223 demum
4179 4155 4288 4241 (ut
4309 4154 4620 4232 arbitror)

2660 4245 3072 4329 propositum
3122 4283 3191 4293 —
3244 4281 3328 4291 —
3375 4280 3462 4290 —
3512 4282 3581 4292 —
3634 4242 3796 4307 Tho.
3844 4246 3946 4310 24.
3990 4242 4184 4308 Febr.
4242 4246 4424 4307 1545.

3304 4364 3486 4428 Tuus
3531 4360 3908 4473 Chrismph.
3955 4360 4175 4426 Faber
4217 4360 4619 4427 Libertetus.

2700 4621 2838 4677 616.
2872 4620 2931 4686 1)
2971 4621 3063 4674 An
3103 4618 3508 4676 lamacensis?
3538 4618 3638 4687 (N.
3676 4616 3796 4685 612,
3829 4623 3940 4672 not.
3977 4616 4056 4679 9.)

2868 4687 2930 4753 2)
2969 4689 3255 4744 Fortassis
3288 4688 3380 4743 ille
3413 4703 3567 4758 quem
3602 4688 3845 4742 habuisti
3880 4686 3959 4743 N.
3993 4683 4118 4739 358.

2870 4758 2927 4825 3)
2966 4758 3173 4827 Nempe
3207 4757 3379 4811 alium
3412 4772 3576 4827 quam
3610 4772 3765 4825 quem
3798 4770 3975 4823 supra
4010 4756 4164 4808 illum
4200 4753 4435 4809 dilverat.
4509 4753 4621 4809 Hic

2667 4842 2795 4882 vero
2840 4828 2955 4882 nisi
2997 4827 3248 4892 fallionur
3288 4825 3402 4892 fuit
3447 4826 3530 4879 Io.
3582 4826 3789 4878 (lavent
3843 4840 3996 4895 quem
4041 4839 4168 4878 mox
4226 4838 4406 4878 mense
4451 4822 4620 4878 Iunio

2670 4896 3012 4951 Lemannus
3043 4895 3344 4950 videbimus
3397 4894 3563 4948 Vireti
3595 4894 3900 4948 diaconum.

2872 4964 2934 5031 4)
2977 4963 3154 5033 Quum
3195 4960 3540 5018 Oamuionis
3574 4977 3851 5017 successor
3890 4961 4123 5014 Carolus
4157 4959 4409 5014 Damont
4440 4959 4619 5025 officio

2669 5034 2853 5157 m.
2883 5049 2995 5157 ’τὲ
3008 5048 3154 5156 θέτε.
3176 5032 3488 5156 mm
3509 5032 4171 5155 ‹ggmmmffmmm
4168 5031 4464 5153 ms
4493 5027 4622 5150 δεῖ.

2831 5119 2881 5155 m
2992 5119 3036 5155 u
3706 5117 3734 5155 e
4448 5135 4459 5147 .

2672 5170 2727 5225 d.
2759 5170 2812 5224 4.
2836 5170 2987 5226 Mais·
3018 5170 3108 5225 his
3140 5171 3424 5239 rescripsit
3456 5184 3514 5223 sc
3531 5169 3798 5224 Neocomi
3828 5183 4168 5232 mansurum,
4203 5182 4269 5220 ea
4300 5166 4617 5234 praesertim

2673 5241 2741 5294 de
2774 5255 2947 5296 causa
2980 5239 3129 5309 quod
3160 5239 3292 5293 haec
3323 5238 3507 5293 schola
3541 5239 3735 5306 opibus
3767 5236 4030 5291 desistam
4075 5242 4124 5291 et
4158 5237 4317 5290 bonis
4348 5235 4618 5291 ecclesias-

2674 5310 2797 5364 ticis
2831 5309 2909 5363 ad
2937 5308 3210 5377 profanos
3253 5322 3388 5362 usus
3431 5307 3722 5362 destina&
3758 5306 4074 5376 periclitari
4116 5312 4380 5374 coeperat.
4457 5304 4616 5357 Anno

2674 5378 2884 5433 dmum
2923 5375 3056 5431 1559
3096 5376 3366 5433 Genevam
3398 5375 3565 5431 rediit
3598 5373 3831 5444 (Βάτωνα
3858 5391 3912 5444 p.
3950 5373 4056 5441 16).
