4825 6175
648 469 764 533 671

647 656 802 723 tur?
875 655 1010 723 Sed
1046 655 1308 722 valeant
1345 657 1513 722 lites.
1584 656 1770 722 Vale.
1843 658 1950 722 Ex
1985 666 2179 741 portu
2212 657 2591 742 procelloso.

646 741 958 810 Calendis
1003 740 1382 808 Corinthiis.
1399 742 1457 827 8)

1811 831 1994 895 Tuus
2037 829 2346 896 Rochius.
2369 828 2423 913 ⁹)

1394 1088 1800 1098 —-——.—--—-—

1528 1272 1720 1346 loos.

1022 1409 1732 1494 OOVERDALU81)
1776 1409 2211 1477 OALVINO.

818 1578 1017 1646 Mittit
1058 1581 1117 1645 ei
1158 1583 1495 1647 versionem
1537 1582 1802 1647 latinam
1841 1580 2035 1646 libelli
2076 1583 2308 1666 anylici
2348 1583 2423 1649 do
2462 1582 2594 1649 ritu

647 1687 866 1733 coenae
901 1686 1121 1732 sacrae
1169 1666 1450 1733 Genavae
1492 1668 1661 1751 typis
1701 1668 2145 1734 mandandam.

649 1839 757 1903 (Ex
795 1843 1021 1907 antogra
1057 1838 1129 1890 ho
1176 1838 1304 1893 eod.
1353 1839 1555 1893 Genev.
1608 1837 1722 1902 109,
1765 1838 1855 1892 fol.
1901 1836 1986 1892 23.
2070 1838 2235 1893 Edita
2280 1839 2338 1893 in
2381 1837 2431 1891 E
2510 1878 2522 1892 .
2560 1855 2594 1892 a

700 1907 970 1961 Societate
1053 1907 1340 1960 arkerians
1375 1907 1608 1976 vulgatis
1642 1907 1731 1961 lst.
1768 1924 1821 1976 p.
1855 1906 1926 1960 20
1960 1912 2017 1961 et
2050 1909 2261 1972 anglice
2293 1906 2392 1961 111.
2429 1855 2540 1977 gf.)

817 2093 1198 2193 Clarissimo
1240 2095 1383 2161 viro
1429 2095 1512 2160 D.
1558 2094 1795 2160 Ioanni
1854 2094 2132 2161 Calvino
2186 2096 2594 2180 praeceptori

647 2201 765 2247 suo
810 2201 1069 2246 e11m10.

1953 2267 2283 2333 Genevae.

820 2402 890 2469 S.
934 2404 1011 2469 P.
1069 2404 1143 2468 in
1194 2403 1498 2468 Domine.
1589 2401 1831 2470 Oblata
1882 2406 2245 2484 occasione,
2300 2407 2596 2473 virorum

648 2490 1036 2567 clarissime,
1092 2511 1222 2554 non
1281 2491 1462 2572 potui
1519 2490 1962 2573 integritatem
2018 2501 2200 2556 tuam
2243 2511 2373 2557 non
2420 2492 2595 2557 salu-

648 2586 811 2642 tare.
902 2577 1076 2640 Ante
1120 2575 1413 2640 triduum
1457 2575 1693 2641 allatus
1734 2584 1836 2642 est
1868 2577 1999 2642 huc
2040 2577 2111 2641 in
2155 2575 2386 2643 mediis
2429 2599 2596 2643 nun·

649 2661 823 2728 dinis
886 2661 1147 2726 libellus
1219 2661 1484 2744 quidam
1556 2660 1964 2728 britannicus
1979 2663 2037 2737 2)
2107 2662 2298 2728 illum
2374 2684 2597 2729 sacrae

650 2746 1125 2815 communionis
1189 2746 1486 2813 ordinem
1503 2798 1520 2826 ,
1588 2768 1778 2830 quem
1848 2747 2032 2833 regia
2095 2746 2407 2815 Maiestas
2472 2770 2595 2833 pro

649 2834 960 2916 temporis
995 2832 1210 2898 adhuc
1245 2834 1497 2898 ratione
1532 2833 1839 2911 instituit,
1874 2832 2329 2916 complectens.
2386 2834 2597 2901 Cuius

648 2920 948 3004 equidem
992 2920 1088 2984 rei
1133 2940 1333 3002 quum
1384 2919 1607 3003 plures
1647 2920 1938 2985 viderem
1993 2920 2408 3003 percupidos,
2464 2924 2596 2986 tra-

651 3005 813 3072 duxi
876 3006 1100 3072 statim
1164 3006 1236 3070 in
1315 3004 1609 3091 linguam
1672 3006 2111 3091 germanicam
2176 3015 2243 3072 et
2303 3006 2594 3073 latinam.

649 3094 868 3177 Atque
904 3092 1083 3171 adeo,
1118 3114 1317 3175 quum
1366 3092 1803 3178 intelligerem
1838 3095 2020 3177 pium
2053 3092 2232 3157 hunc
2266 3093 2600 3160 hominem

651 3187 1010 3246 vestratem
1065 3199 1239 3256 esse,
1308 3178 1674 3244 arbitrabar
1738 3201 1844 3244 me
1900 3179 2019 3244 tibi
2071 3199 2216 3244 rem
2271 3180 2600 3246 facturum

651 3263 1156 3347 haudquaquam
1196 3263 1559 3348 ingratam,
1619 3264 1676 3328 si
1731 3265 2210 3330 humanitatem
2257 3277 2435 3330 tuam
2479 3265 2602 3332 hoc

652 3351 1086 3435 qualicunque
1165 3350 1551 3415 munusculo
1617 3349 1945 3416 donarem.
2057 3350 2355 3416 Alteram
2424 3353 2600 3417 enim

649 3435 1129 3500 traductionem
1153 3434 1505 3500 Germanis
1550 3435 1787 3513 datam,
1832 3437 2126 3514 alteram,
2170 3458 2409 3521 nempe
2452 3437 2601 3502 lati-

653 3542 843 3598 nam„
873 3520 1267 3585 humanitati
1313 3527 1463 3585 tuae
1507 3524 1961 3587 transmissam
1997 3543 2082 3586 ex
2126 3523 2343 3587 animo
2387 3524 2602 3607 cupie-

652 3606 821 3671 bam.
925 3607 1026 3670 'I'u
1086 3608 1143 3671 si
1214 3606 1382 3672 hanc
1435 3607 1761 3673 felicitatis
1826 3609 2145 3673 rationem
2211 3618 2280 3675 et
2339 3610 2600 3692 pietatis

654 3693 917 3757 initium
978 3691 1123 3757 aliis
1180 3692 1547 3776 significare
1601 3693 1889 3759 volueris
1945 3702 2171 3776 (prout
2226 3716 2399 3760 nunc
2462 3696 2599 3761 Do·

654 3930 917 4054 mnf)
958 3929 2605 4071 mmfflmwaffimsssmwffi

653 4083 843 4149 sumas
877 4074 1035 4137 atque
1069 4068 1137 4122 de
1169 4068 1223 4122 d.
1260 4067 1346 4149 253.
1392 4069 1631 4149 ‘Mai-tii,-
1704 4075 1711 4082 '
1798 4072 1809 4084 “
1969 4070 2032 4125 in
2070 4071 2260 4125 Gallia
2302 4077 2434 4126 amo
2479 4077 2603 4126 tem-

648 4152 808 4207 poris
843 4151 1028 4189 annus
1061 4137 1130 4193 ab
1161 4154 1221 4190 eo
1256 4137 1345 4190 dte
1377 4138 1628 4192 inchoari
1659 4154 1719 4192 so
1768 4140 1875 4193 bat.

859 4202 917 4270 9)
963 4203 1110 4272 Quos
1156 4220 1342 4259 versas
1387 4212 1618 4260 veteram
1663 4207 1919 4261 laudatos
2100 4223 2135 4260 a
2277 4208 2325 4260 is
2370 4210 2605 4262 cursivis

649 4274 1035 4400 ffissssmw'
1069 4290 1158 4329 eos
1190 4274 1430 4342 reperies
1462 4291 1554 4343 ap.
1588 4275 1788 4332 Horat.
1826 4221 2099 4345 Eppfflff?⁹
2116 4275 2165 4343 1,
2267 4283 2317 4330 ee
2354 4275 2601 4332 Iuomal.

652 4385 844 4468 loos.
866 4411 919 4474 1)
957 4410 1122 4464 Miles
1161 4411 1452 4466 Goverdale
1482 4427 1533 4466 a.
1572 4399 1710 4465 1540
1743 4413 1809 4469 ob
1841 4413 2149 4482 reli9ionem
2185 4413 2341 4468 eaestd
2369 4414 2433 4468 in
2469 4412 2602 4469 Ger-

657 4484 851 4536 mania
885 4480 1104 4550 degebat
1140 4480 1240 4535 sub
1273 4481 1491 4535 nomim
1526 4481 1818 4537 Michaelis
1851 4483 2036 4553 Anqli,
2082 4498 2185 4550 per
2219 4482 2445 4553 aliquod
2478 4491 2602 4538 tem—

647 4566 761 4620 pus
794 4550 1172 4619 ludinaqimr
1201 4550 1265 4604 in
1307 4549 1570 4607 Tabernis
1612 4552 1911 4617 montionis,
1961 4552 2166 4618 scripta
2210 4553 2376 4606 varia
2410 4551 2488 4605 ad
2523 4567 2603 4606 re-

651 4618 1005 4687 formandam
1048 4619 1321 4674 cede-siam
1363 4621 1630 4684 facientia
1675 4621 1886 4689 anolioe
1930 4622 2092 4674 vertit
2134 4619 2340 4686 (Hales
2384 4619 2601 4674 Bullin-

653 4701 784 4757 oero
819 4685 903 4740 15.
939 4688 1077 4756 Apr.
1129 4686 1261 4741 1545
1306 4689 1369 4740 in
1416 4688 1540 4741 edit.
1591 4687 1819 4742 Pau-ker.
1868 4689 1919 4742 Ι.
1964 4684 2092 4755 247)
2147 4695 2196 4742 et
2241 4689 2340 4744 hoc
2387 4691 2509 4756 ipso
2544 4707 2592 4743 a.
2702 4690 2830 4746 deta

658 4754 796 4810 1548
845 4758 908 4809 in
963 4756 1210 4824 patriam
1266 4770 1516 4808 reversus
1565 4757 1849 4825 episeopus
1896 4762 2113 4811 croam
2168 4763 2248 4810 est
2304 4757 2605 4813 dioeceseos

657 4824 881 4889 Eum,
914 4839 980 4876 us
1116 4822 1193 4876 ad
1222 4838 1448 4891 regnum
1489 4823 1726 4879 Mariae.

861 4890 919 4957 2)
955 4839 1084 4945 'fflg
1127 4891 1289 4946 order
1338 4892 1401 4946 of
1445 4891 1541 4945 the
1593 4894 1932 4948 communion
1946 4934 1961 4959 ‚
2026 4893 2205 4949 edim
2251 4895 2315 4947 in
2363 4894 2604 4964 limo-916⁸

659 4959 926 5013 Eduardi
970 4957 1066 5014 VI.
1104 4959 1521 5028 (Pariter-Soc.)
1586 4961 1792 5016 Exstat
1833 4964 2011 5017 versio
2055 4962 2233 5017 latim
2279 4964 2379 5018 sub
2414 4964 2569 5019 titulo
2586 4987 2601 5016 .-

658 5029 808 5084 Ordo
850 5028 1249 5082 distributionis
1297 5030 1621 5083 sacramenti
1667 5031 1855 5084 altaris
1901 5033 2003 5085 sub
2051 5036 2283 5101 utraque
2329 5032 2510 5101 specie
2545 5040 2603 5086 et

656 5097 890 5151 formula
934 5096 1283 5152 confessionis
1327 5097 1605 5152 faciendae
1649 5098 1707 5153 in
1751 5116 1919 5164 regno
1954 5100 2203 5169 Angliae.
2273 5101 2427 5154 Haec
2460 5102 2602 5155 Lon?

660 5166 776 5222 dini
823 5165 1075 5235 evulgata
1119 5172 1248 5219 sunt
1297 5167 1348 5220 d.
1385 5166 1436 5222 8.
1469 5168 1656 5221 Martii
1704 5169 1830 5221 anni
1868 5166 2018 5222 1548.
2094 5168 2179 5235 Of.
2227 5168 2311 5223 W.
2350 5169 2604 5239 Maskelh

659 5235 749 5291 the
783 5235 997 5288 ancient
1030 5235 1232 5305 lituryy
1265 5236 1334 5300 of
1359 5235 1446 5290 the
1478 5236 1681 5292 chus-01⁸
1714 5236 1781 5303 of
1926 5236 2062 5292 land
2075 5254 2135 5306 p.
2169 5236 2224 5290 X
2227 5237 2260 5291 1
2273 5238 2333 5293 V.
2373 5238 2605 5306 Barna,

662 5305 786 5359 hist.
833 5303 1021 5424 ⁰²⁶3oe
1063 5318 1096 5357 r
1146 5319 1280 5426 ἵηιι.
1317 5303 1431 5426 9Ε6α.
1470 5304 1520 5358 2.
1557 5305 1739 5360 Lond.
1777 5304 1879 5360 168
1911 5345 1928 5374 ‚
1966 5305 2071 5373 fol.
2111 5306 2262 5362 Part.
2301 5306 2388 5362 11.
2422 5324 2478 5377 p.
2514 5306 2600 5361 64.

2149 467 2675 535 EPISTOLAE
2727 468 3142 533 1002-1005

4513 456 4629 534 672⁴

2696 657 2915 722 minus
2980 655 3367 740 religionem
3431 676 3621 722 suam
3687 657 3756 720 in
3815 656 4063 741 Anglia
4120 655 4266 723 vult
4318 656 4621 741 renatam)

2697 742 2881 826 prelo
2900 741 2956 829 ⁸)
3027 741 3152 807 hoc
3207 742 3357 807 mei·
3406 742 3476 807 in
3530 751 3594 808 te
3647 743 3887 808 amoris
3940 743 4180 827 pignus
4233 742 4624 809 committere

2696 828 2941 911 poteris
2983 826 3304 894 facillime.
3393 827 3539 910 Ego
3585 849 3758 894 nunc
3800 837 3948 911 post
3990 838 4131 894 octo
4175 848 4496 894 annorum
4531 848 4629 894 ex-

2695 913 2914 979 silium
2976 924 3243 980 vocatus
3305 912 3639 978 rediturus
3691 934 3839 980 sum
3895 915 3967 979 in
4021 913 4357 998 Angliam.
4451 908 4625 993 Vale,

2695 1009 3077 1084 praeceptor
3119 999 3545 1083 integerrime
3559 1050 3576 1079 ,
3636 1014 3702 1065 et
3754 1020 4031 1066 uxorem
4075 1010 4259 1065 tuam
4303 998 4387 1065 de
4429 1020 4530 1065 me
4567 1010 4628 1065 et

2696 1105 2861 1162 mea,
2907 1106 3109 1168 quum
3143 1087 3661 1169 Argentoratum
3693 1085 4120 1165 ascendimus,
4166 1086 4414 1169 optime
4448 1087 4627 1151 meri·

2697 1178 2853 1250 tam,
2869 1172 2926 1251 ⁴)
2949 1171 3232 1257 benigne
3253 1170 3484 1237 saluta.
3530 1171 3590 1237 Ε
3612 1170 4137 1238 Franckofordia
4162 1174 4263 1236 26.
4286 1171 4515 1237 Martii
4534 1175 4627 1237 48.

3306 1307 3590 1374 Michael
3635 1307 3830 1386 (alias
3872 1307 4062 1389 Milo)
4111 1305 4515 1375 Ooverdalus

3747 1392 4029 1478 Anglus.

3550 1637 3775 1645 ——--..-—.-
3804 1637 3873 1645 -—

3574 1820 3768 1892 1⁰⁰4.

3216 1956 3620 2026 VIRETUS
3667 1954 4103 2026 CALVINO.

2869 2128 3124 2198 Bomos
3178 2151 3283 2196 res
3337 2130 3540 2197 adhuc
3595 2132 3665 2197 in
3731 2150 4027 2212 suspenso
4082 2135 4244 2196 smil.
4351 2129 4633 2196 Amicum

2699 2222 3033 2299 mitequam
3074 2236 3142 2283 eo
3183 2217 3389 2283 redire
3430 2221 3686 2300 ooyatur
3728 2215 3964 2299 alloqui
4003 2217 4191 2298 cupit.

2986 2387 3101 2451 (Ex
3133 2389 3472 2458 autographo
3505 2387 3636 2442 Ood.
3672 2386 3877 2441 Genev.
3917 2385 4054 2440 111·ι
4075 2430 4088 2456 ,
4124 2387 4217 2442 fol.
4256 2385 4394 2454 167.)

2815 2644 2828 2658 ·
2869 2558 2953 2656 D.
3020 2556 3260 2622 Ioanni
3302 2556 3585 2624 Calvino
3635 2558 3825 2623 fratri
3877 2566 3947 2622 et
4001 2566 4408 2643 symmystae
4447 2575 4635 2640 quam

2699 2664 3052 2710 cansslmo.

4003 2730 4337 2796 Genevae.

2873 2865 2944 2932 S.
3006 2866 3157 2932 Non
3209 2868 3440 2933 multis
3494 2867 3580 2934 ad
3636 2878 3702 2935 te
3764 2869 3844 2934 de
3888 2866 4081 2933 rebus
4126 2866 4368 2931 nostris
4411 2861 4632 2958 scribo,

2700 2954 2853 3037 quia
2903 2974 3125 3019 coram
3177 2974 3283 3018 me
3341 2953 3526 3020 brevi
3576 2954 3797 3020 omnia
3852 2964 4270 3019 narraturum
4326 2969 4543 3033 spero,
4584 2967 4635 3013 sl

2702 3038 2894 3105 modo
2952 3039 3292 3106 conventis
3360 3045 3638 3107 steteris.
3670 3042 3720 3124 ¹)
3823 3040 3976 3106 Huc
4040 3037 4288 3106 accedit
4340 3033 4509 3120 quod
4560 3031 4632 3099 ab

2701 3125 2825 3193 hoc
2869 3126 3209 3192 tabellario
3263 3135 3329 3190 et
3380 3126 3463 3192 iis
3519 3127 3633 3209 qui
3682 3125 3971 3211 quotidie
4014 3125 4169 3190 hinc
4213 3123 4298 3189 ad
4340 3142 4458 3189 vos
4498 3139 4635 3202 pro-

2700 3213 3087 3279 ficiscuntur
3127 3212 3341 3277 multa
3380 3211 3605 3276 audire
3634 3224 3835 3295 potes.
3902 3211 4051 3276 Non
4095 3217 4252 3276 sunt
4291 3210 4469 3274 enim
4511 3219 4636 3271 tam

2704 3298 2956 3364 occulta
2997 3305 3222 3363 nostra
3263 3296 3594 3376 dedecora,
3636 3299 3794 3381 quin
3829 3298 3992 3365 satis
4026 3318 4176 3362 suos
4209 3294 4491 3380 prodant
4530 3312 4634 3356 au·

2704 3393 2896 3462 tores,
2940 3384 3051 3467 qui
3086 3383 3246 3448 adeo
3281 3383 3385 3449 sui
3416 3384 3604 3449 obliti
3637 3383 3962 3465 videntur,
3997 3393 4074 3450 ut
4108 3382 4329 3448 nullos
4362 3378 4636 3445 habeant

2704 3471 2925 3536 hostes
2969 3491 3042 3536 se
3083 3470 3247 3552 ipsis
3289 3467 3414 3535 sibi
3452 3469 3839 3536 infensiores
3853 3521 3870 3552 ‚
3927 3472 4165 3555 quique
4219 3487 4447 3534 eorum
4499 3483 4634 3531 cau·

2705 3578 2847 3623 sam
2890 3555 3102 3640 magis
3160 3576 3436 3639 gravare
3490 3556 3762 3639 possint.
3852 3556 4101 3640 Stupec
4156 3554 4353 3638 plane
4406 3549 4489 3617 ad
4530 3549 4634 3613 ha-

2703 3663 2855 3709 rum
2898 3662 3123 3708 rerum
3166 3641 3623 3725 cogitationem
3677 3651 3746 3708 et
3798 3641 4427 3726 contemplationem.

2698 3730 2924 3813 yasius
2966 3750 3059 3793 nu
3106 3748 3178 3793 er
3219 3727 3383 3792 mihi
3426 3729 3768 3795 nunciavit
3822 3728 3903 3794 de
3958 3728 4053 3794 tui
4110 3725 4438 3799 adventus
4488 3720 4632 3786 dila·

2704 3816 2880 3880 tione
2921 3749 3103 3897 quoti
3136 3814 3436 3879 iusseras.
3506 3814 3584 3879 Id
3630 3824 3745 3879 tuo
3788 3814 4085 3899 relinquo
4130 3811 4418 3878 arbitrio.
4481 3804 4633 3873 Mihi

2707 3902 2866 3966 satis
2914 3900 3174 3965 veneris
3197 3910 3567 3982 opportuno
3591 3911 3901 3985 tempore,
3946 3899 4138 3965 modo
4160 3898 4426 3963 veneris
4445 3894 4633 3989 prius-

2705 4008 2903 4070 quam
2962 4006 3361 4052 revocemur.
3382 3988 3438 4068 ²)
3557 3985 3839 4067 Quando
3917 3997 4135 4051 autem
4201 3984 4497 4049 futurum
4553 3983 4633 4041 alt

2706 4074 2940 4139 nescio,
2962 4074 3016 4153 3)
3108 4071 3388 4136 Ribittus
3443 4092 3698 4156 quoque
3748 4072 3831 4137 ad
3890 4092 4005 4138 vos
4047 4090 4475 4136 concessurus
4524 4069 4632 4162 ⁰9¹²?

2708 4179 2984 4241 quocum
3028 4156 3249 4222 licebit
3292 4156 3548 4239 plenius
3606 4157 3686 4224 de
3731 4156 4033 4223 omnibus
4076 4158 4389 4233 conferre,
4437 4154 4489 4221 si
4526 4146 4629 4213 tlbl

2707 4245 2778 4308 in
2822 4256 3115 4328 tempore
3156 4263 3197 4307 o
3245 4255 3566 4327 portunus
3622 4243 3707 4309 ad
3750 4266 3869 4309 nos
3914 4263 4209 4309 accessus
4242 4262 4379 4306 non
4421 4254 4627 4305 concc-

2709 4330 2922 4395 datur.
3014 4328 3238 4394 Nostri
3295 4337 3359 4394 te
3416 4330 3721 4395 salutant.
3823 4328 4060 4395 Saluta
4125 4348 4398 4393 uxorem
4462 4334 4625 4390 tuam

2910 4619 2971 4686 3)
3016 4619 3327 4675 Coverdalii
3370 4619 3546 4674 versio
3597 4615 3848 4674 Genevae
3880 4618 4149 4687 impressa
4194 4632 4305 4671 non
4348 4616 4514 4683 fiam
4550 4612 4617 4666 oi-

2830 4705 2880 4744 r.

2909 4755 2965 4825 4)
3008 4756 3160 4826 Ergo
3186 4756 3360 4826 paulo
3388 4761 3516 4826 post
3555 4754 3775 4810 Caluini
3805 4756 4045 4824 nuptias.

2702 4827 2977 4892 1004.1)
3015 4825 3170 4881 Num
3203 4828 3406 4881 steterit
3437 4826 3702 4879 nescimus
3804 4828 3816 4840 '
3984 4823 4081 4879 ssd
4101 4825 4311 4878 ddisse
4343 4837 4410 4877 ea:
4441 4836 4496 4875 eo
4522 4818 4618 4897 for·

2705 4904 2851 4951 tasse
2883 4897 3148 4950 coniicere
3182 4895 3304 4950 licet
3334 4895 3479 4964 quod
3506 4896 3779 4961 proximis
3822 4866 4244 4949 hebdomadibus
4276 4891 4523 4960 epistolae
4544 4901 4617 4967 ‚⁸¹⁸-

2705 4972 2785 5021 ter
2820 4980 2910 5020 eos
2958 4971 3178 5018 mutuae
3223 4965 3338 5017 sori
3374 4968 3461 5017 tae
3504 4976 3618 5016 esse
3662 4977 3777 5015 non
3824 4961 4079 5016 videntur
4124 4966 4176 5016 et
4218 4975 4362 5030 quae
4401 4968 4617 5029 pror-ne

2704 5035 3187 5169 'fflpwsssffssm
3224 5031 3291 5113 ἄρ
3363 5030 3848 5155 Bffnweaw
3871 5030 4085 5165 wil*
4109 5097 4204 5150 sea
4235 5102 4352 5151 tum
4387 5094 4517 5150 „aa
4543 5089 4613 5144 a»

2704 5176 2922 5227 oretum.
2996 5170 3199 5224 Metuit
3229 5171 3340 5223 iam
3375 5168 3681 5235 infaustum
3713 5169 3921 5235 neqotii
3940 5139 4158 5234 maiam,
4191 5168 4293 5235 qui
4322 5171 4494 5220 tana·
4525 5174 4613 5214 sos

2703 5241 2818 5310 ipsi
2846 5239 2944 5294 sed
2980 5238 3202 5293 Sndzero
3233 5237 3363 5293 talis
3393 5237 3521 5304 fuit.

2909 5306 2970 5373 3)
3012 5306 3227 5362 Saum·
3256 5320 3426 5362 caasa
3460 5322 3528 5358 m.
3565 5305 3761 5373 Aprile
3804 5309 4049 5373 vergente
4092 5309 4217 5359 acta
4264 5310 4360 5374 est,
4390 5318 4503 5360 αισι
4533 5296 4611 5351 Ζο-

2703 5377 2904 5434 bedaoo
2935 5377 3006 5431 lis
3035 5392 3136 5445 per
3168 5379 3335 5431 totum
3371 5390 3577 5429 annum
3612 5374 4013 5430 extrahebatur.
