4825 6175
633 427 759 490 555

632 610 945 678 Ferraria
986 607 1185 694 pedes
1227 609 1698 675 Franeolinum
1741 610 1928 689 veni,
1983 630 2109 693 quo
2167 611 2237 676 in
2273 610 2416 678 loeo
2458 632 2578 677 na-

633 696 773 765 vim
816 695 1131 762 Venetias
1180 702 1447 761 euntem
1498 702 1735 762 nactus
1788 694 2065 760 ascendi.
2152 696 2359 763 Brevi
2410 704 2579 762 tem·

634 803 793 867 pore
835 780 1190 866 pei-duetus
1223 802 1371 846 sum
1403 779 1738 860 Venetiae,
1782 780 1893 846 ubi
1930 779 2092 846 duos
2126 781 2263 847 fere
2296 780 2437 848 dies
2472 781 2581 865 egi

635 876 989 968 antequam
1053 874 1204 932 tuas
1267 866 1495 931 literas
1561 865 1645 930 ad
1699 866 2061 966 antonium
2132 866 2503 933 Gamusium
2519 866 2578 949 ⁴)

632 951 1839 1136 mm..ffl.ss.⁶.ffzffibffl3²0ffl
1863 950 2475 1136 amma..
2385 973 2581 1136 ...25⁵1

635 1122 803 1190 lexit
843 1121 1021 1188 unde
1054 1143 1372 1201 vomam,
1417 1121 1643 1188 sedulo
1687 1128 1939 1187 curavit
1972 1128 2047 1187 ut
2078 1121 2240 1187 miln
2274 1143 2426 1188 eum
2460 1122 2580 1187 ah-

637 1216 798 1293 quot
838 1209 964 1292 piis
1008 1216 1181 1273 esset
1221 1206 1629 1273 familiaritas
1645 1257 1661 1286 ‚
1719 1206 2108 1290 quibusoam
2152 1207 2381 1274 lieeret
2421 1207 2579 1293 παῤ-

639 1293 942 1380 {quodem
980 1297 1117 1377 περὶ
1158 1291 1477 1377 εὐσεβείας.
1551 1291 1743 1373 Quod
1784 1313 2098 1377 magnum
2142 1300 2373 1376 reputo
2416 1293 2583 1358 sola-

638 1381 808 1446 tium
845 1379 918 1443 in
958 1379 1066 1444 his
1108 1378 1516 1463 regionibus,
1572 1378 1643 1443 in
1691 1378 1929 1461 quibus
1967 1377 2136 1442 nihil
2173 1377 2361 1444 vides
2402 1376 2580 1442 aliud

636 1486 839 1550 quam
882 1484 1208 1531 summam
1265 1463 1670 1547 impietatem
1723 1470 1791 1528 et
1832 1465 2031 1527 κακῶν
2069 1462 2309 1527 Ἰλιάδα.
2399 1462 2581 1545 Qua-

637 1559 909 1636 propter
950 1550 1153 1616 statui
1193 1548 1302 1616 hio
1345 1556 1462 1615 aut
1502 1548 1770 1615 Paduae
1826 1549 2040 1633 aliquo
2093 1554 2383 1632 tempore
2439 1570 2580 1614 ma-

637 1657 815 1715 nere,
860 1635 1065 1701 donee
1122 1634 1479 1718 receperim
1533 1634 1756 1700 literas
1811 1653 1851 1698 a
1897 1634 2061 1700 meis
2116 1633 2200 1700 ad
2256 1654 2418 1718 quos
2476 1634 2582 1700 his

638 1722 867 1789 diebus
905 1721 1034 1788 seri
1113 1721 1157 1787 i.
1719 1735 1732 1746 ·

807 1807 983 1873 Novi
1093 1807 1152 1873 ie
1217 1805 1384 1871 nihil
1449 1804 1627 1871 aliud
1693 1804 1933 1871 dieitur
1996 1825 2192 1888 quam
2248 1825 2582 1871 summum

635 1893 1010 1977 pontifioem
1052 1891 1282 1958 foedus
1325 1910 1678 1957 renovasse
1732 1912 1884 1957 oum
1928 1890 2203 1956 Venetis
2219 1942 2235 1969 ,
2296 1889 2468 1973 quod
2509 1891 2580 1954 in

635 1999 837 2045 eausa
877 1986 980 2044 est
1023 1996 1143 2044 our
1183 1977 1310 2059 ipsi
1351 1977 1423 2041 in
1467 1978 1609 2061 pios
1653 1976 1868 2042 acrius
1911 1975 2211 2042 saeviant
2250 1996 2446 2059 quam
2483 1995 2583 2040 so-

633 2063 740 2129 liti
785 2070 957 2130 sunt.
1046 2062 1322 2146 Neapoli
1378 2062 1483 2128 his
1538 2061 1764 2143 diebus
1817 2063 2109 2127 maxima
2151 2070 2295 2127 orta
2337 2070 2442 2126 est
2478 2082 2581 2127 se-

635 2149 795 2216 ditio
851 2150 1027 2215 inter
1082 2149 1259 2215 eives
1307 2155 1376 2212 et
1428 2147 1670 2212 milites
1724 2147 2056 2231 Hispanos
2106 2146 2614 2232 praesidiarios,·

628 2236 713 2302 ob
755 2234 942 2300 illam
981 2234 1389 2317 hispanicam
1429 2233 1917 2316 inquisitionem
1959 2252 2156 2317 quam
2198 2231 2580 2297 introduxe-

630 2329 737 2387 rat
777 2321 1042 2388 vioerex
1084 2320 1351 2385 hortatu
1394 2319 1638 2384 summi
1686 2319 2027 2402 pontificis.
2046 2319 2104 2402 ⁵)
2192 2316 2445 2384 Verum
2490 2318 2581 2385 oi·

631 2428 751 2475 ves
827 2406 1052 2471 multis
1128 2425 1204 2470 ar
1360 2404 1533 2469 entis
1611 2403 1874 2469 adduoti
1952 2425 2098 2470 eam
2161 2404 2578 2469 reiecerunt:

634 2492 792 2576 quip
984 2492 1053 2557 ui
1114 2490 1400 2556 libertati
1476 2490 1704 2557 obesse
1780 2489 2264 2566 existimarent,
2343 2487 2581 2554 deinde

633 2597 762 2663 quo
865 2577 931 2642 vi
977 2583 1165 2642 erent
1219 2576 1576 2641 maximam
1633 2574 1717 2641 ad
1774 2573 2310 2641 calumniandum
2365 2574 2579 2640 fenes-

632 2670 809 2730 tram
852 2662 1276 2748 syeophantis
1330 2669 1624 2745 apertam
1676 2681 1834 2727 esse.
1921 2660 2088 2726 'l'am
2130 2680 2347 2727 aerem
2388 2659 2580 2724 aiunt

630 2746 837 2815 fuisse
880 2747 1062 2813 illam
1104 2746 1485 2813 seditionem
1528 2755 1607 2812 ut
1638 2753 1899 2813 ooaetus
1942 2747 2028 2813 sit
2062 2746 2324 2813 vieerex
2365 2745 2437 2810 in
2472 2765 2576 2811 ar-

632 2855 775 2901 oem
840 2833 1170 2917 quandam
1234 2853 1305 2898 se
1362 2832 1647 2915 reoipere
1711 2831 2057 2898 evitandae
2109 2832 2337 2897 mortis
2398 2851 2575 2915 ergo.

631 2920 719 2986 In
761 2920 887 2985 hae
930 2918 1200 3002 plurimi
1255 2917 1498 2982 milites
1553 2917 1751 2983 oeoisi
1803 2927 1974 2981 sunt.
2065 2916 2216 2998 Qua
2258 2916 2339 2981 de
2382 2936 2579 2983 eausa

630 3012 871 3091 putant
911 3003 1104 3069 multi
1147 3003 1498 3069 Gaesarem
1539 3004 1613 3067 in
1654 3002 1775 3068 has
1818 3013 2038 3086 partes
2080 3010 2453 3070 venturum.

806 3090 884 3158 Si
938 3092 1148 3157 nostri
1206 3090 1290 3155 ad
1334 3110 1455 3155 vos
1513 3089 1818 3156 venerint
1875 3109 1986 3155 eos
2040 3087 2353 3155 salutabis
2408 3089 2576 3154 meis

633 3176 869 3277 verbis.
957 3175 1126 3241 Vale
1167 3176 1238 3240 in
1273 3174 1542 3240 Christo
1588 3174 1874 3240 Domino
1918 3184 2157 3253 nostro,
2203 3174 2306 3238 vir
2345 3174 2576 3240 huma-
2630 3193 2637 3207 ’

633 3263 920 3328 masime.
1008 3260 1312 3326 Venetiis
1362 3264 1457 3325 18.
1503 3260 1732 3343 Iuliiss)
1785 3264 1964 3325 1547.

1453 3397 1638 3462 'I'uus
1680 3416 1766 3461 ex
1809 3397 2027 3462 animo

1691 3514 2071 3599 Stephanus
2113 3516 2400 3581 Passius.

1404 3807 1810 3817 -·.-———--——--—-

1528 4026 1677 4096 927.

1142 4177 1575 4246 BUOERUS
1619 4176 2054 4246 GALVINO.

629 4442 752 4504 tem
792 4455 957 4518 ops-ts
998 4434 1747 4517 mutandamqmtam
1787 4439 2051 4519 seqmter
2092 4436 2574 4520 evanyelucau-

628 4542 774 4589 sam
839 4521 1278 4599 sustinuerint,
1347 4540 1509 4602 quae
1564 4520 1696 4585 iam
1749 4521 1953 4586 solum
2008 4519 2216 4588 Deum
2269 4522 2574 4590 vindicem

632 4777 826 4843 (Manu
872 4776 1101 4897 miffss„
1120 4792 1231 4830 non
1276 4780 1472 4830 exstat.
1543 4777 1645 4830 m
1680 4777 1823 4831 Besa
1856 4775 2059 4831 Gener.
2104 4793 2158 4846 p.
2195 4773 2277 4841 75,
2324 4776 2485 4834 Laus.
2519 4795 2574 4848 p.

823 4843 927 4900 150
1102 4860 1186 4898 ον.
1221 4861 1273 4915 p.
1311 4842 1427 4912 169,
1463 4842 1674 4899 Ohouet
1707 4862 1762 4915 p.
1799 4842 1918 4909 100,
1954 4846 2127 4903 Amet.
2161 4862 2214 4915 p.
2250 4842 2367 4912 45.)

836 5050 893 5116 4)
931 5049 1183 5105 stema!
1215 5049 2386 5120 mmminmweommsiom
2414 5055 2574 5120 acute

629 5120 909 5191 &amelio
954 5117 1182 5175 adam.
1252 5117 1353 5185 (F.
1394 5118 1601 5189 Meyer,
1648 5116 1739 5173 die
1781 5134 1859 5174 ev.
1896 5118 2187 5174 Gemeinde
2218 5120 2280 5173 in
2313 5119 2571 5176 Low-no

2175 421 2699 491 EPISTOLAE
2744 427 3084 491 926—929

4490 428 4593 491 556

2852 610 2915 678 Ο
2958 612 3052 677 mi
3098 610 3383 689 Calvino,
3445 632 3620 677 anne
3671 611 3858 677 Deus
3911 611 4057 677 ideo
4103 610 4383 677 defuerit
4421 613 4599 679 verbo

2682 717 2818 775 suo,
2864 697 3018 781 quia
3053 717 3177 763 nos
3210 697 3373 762 illud
3407 704 3547 763 tam
3580 717 3806 763 seoure
3839 696 4393 782 contempsimus?
4456 699 4599 764 'Pam

2682 783 2896 848 subito
2909 832 2925 861 ,
3007 790 3271 866 tamque
3337 782 3522 849 foede
3599 792 3668 849 et
3733 783 3971 849 misere
4050 782 4339 850 oonoidit
4411 785 4601 849 omnis

2682 869 2988 1019 ῗυροὲὶᾶίὲι
3026 878 3339 1020 nostratus
3362 867 3477 1019 SDO
3518 868 3699 935 ultus
3744 877 3848 1018 etas
3884 868 4207 1020 ἰηιίἑιιίδίε,
4260 877 4335 970 et
4368 869 4603 969 uleisoij-

2714 975 2792 1019 ur
2977 976 3058 1021 uo
3122 975 3228 1021 ms
3462 974 3582 1019 eus
3637 975 3757 1020 oon
3838 975 3941 1020 me
4160 975 4445 1019 nominis
4494 975 4603 1034 sm,

2683 1060 2882 1121 quam
2926 1061 2967 1104 a
3002 1048 3229 1106 nostra
3269 1059 3499 1122 passus
3556 1045 3659 1104 eet
3711 1047 3846 1105 tam
3905 1038 4221 1105 diuturna
4282 1049 4351 1105 et
4404 1042 4606 1123 perni-

2682 1124 3040 1190 oiosissima
3074 1125 3421 1210 hypocrisi.
3509 1123 3891 1190 Vindioabit
3935 1145 4172 1191 nomen
4216 1146 4410 1191 suum
4444 1137 4507 1191 et
4535 1125 4607 1191 ab

2683 1209 3108 1277 Antiohristis
3154 1232 3194 1275 a
3227 1210 3465 1294 quibus
3495 1210 3778 1275 infinitis
3821 1217 3887 1275 et
3929 1210 4470 1295 petulantissimis
4502 1211 4605 1276 ho·

2683 1293 2789 1359 die
2842 1296 3123 1362 afficitur
3177 1294 3558 1379 opprobriis.
3648 1294 3786 1362 Sed
3842 1316 4048 1379 quum
4100 1315 4219 1362 nos
4272 1296 4610 1361 sentientes

2683 1380 2969 1458 tandem,
3015 1381 3187 1447 sieut
3228 1401 3355 1464 quo
3398 1381 3683 1464 prolapsi
3726 1402 3955 1447 sumus
3968 1431 3983 1458 ,
4039 1381 4137 1447 ita
4189 1383 4391 1447 etiam
4433 1401 4612 1464 quam

2684 1467 2978 1549 graviter
3022 1465 3199 1531 istud
3253 1487 3482 1531 sumus
3538 1466 3919 1546 oommeriti‚
3978 1468 4498 1533 eonverterimus
4538 1466 4612 1532 ad

2685 1552 2899 1634 ipsum
2944 1551 3320 1617 caedentem
3363 1571 3485 1617 nos
3527 1562 3807 1634 patrem:
3850 1572 3967 1617 ora
4007 1553 4347 1618 nobiseum
4381 1552 4615 1618 instan-

2684 1643 2787 1701 ter
2806 1635 3167 1703 Dominum
3186 1635 3411 1703 Iesum
3446 1637 3823 1721 largitorem
3866 1638 4309 1719 poenitentiae
4353 1652 4425 1702 et
4455 1637 4612 1714 fidei,

2684 1729 2760 1786 ut
2799 1721 2985 1788 nobis
3028 1723 3389 1788 erassitiem
3444 1721 3656 1788 oordis
3699 1722 4069 1807 pertundat‚
4124 1733 4191 1789 et
4231 1730 4617 1807 compungat

2683 1807 2847 1872 illud
2892 1828 3045 1874 vero
3086 1808 3446 1890 impietatis
3489 1816 3752 1873 nostrae
3795 1828 3995 1873 sensu
4037 1817 4105 1874 et
4147 1807 4390 1887 dolore,
4437 1816 4617 1891 atque

2686 1892 2799 1958 det
2850 1914 2966 1959 nos
3020 1893 3149 1975 ipsi
3208 1902 3377 1958 totos
3431 1893 3698 1958 eredere
3739 1902 3808 1959 et
3861 1913 4267 1973 consecrare,
4323 1914 4458 1977 quo
4511 1913 4618 1977 per

2684 1999 2832 2043 eum
2878 1986 3126 2061 patrem
3170 1979 3434 2045 veniam
3497 1999 3842 2044 exoremus
3899 1989 4273 2044 nostrorum
4327 1990 4619 2062 poeeato-

2684 2084 2851 2139 rum‚
2895 2073 2962 2129 et
3003 2063 3452 2130 remissionem
3497 2063 3941 2148 praesentium
3978 2065 4420 2150 flagellorum:
4467 2084 4620 2148 quae

2684 2169 2843 2214 sane
2884 2149 3017 2215 nisi
3058 2148 3190 2214 eito
3245 2171 3286 2214 a
3335 2147 3526 2215 nobis
3592 2156 4085 2229 removeantur,
4148 2151 4428 2215 exitium
4511 2151 4620 2214 mi-

2683 2243 2929 2299 nantur
2990 2234 3193 2300 nobis.
3309 2234 3726 2301 Exoisionem
3792 2234 4056 2318 quidem
4122 2257 4195 2301 re
4242 2234 4312 2300 ni
4377 2234 4620 2301 Christi

2684 2340 2819 2385 non
2875 2329 3127 2399 metuo,
3194 2340 3425 2385 verum
3480 2319 3733 2386 confido
3787 2320 3952 2386 illud
4008 2340 4199 2404 praee
4224 2342 4338 2386 are
4399 2341 4621 2404 propa-

2682 2402 3005 2554 gandum,
3059 2412 3126 2470 et
3173 2403 3652 2472 Antiohristum
3722 2406 3790 2471 in
3841 2405 3980 2472 dies
4027 2406 4238 2492 magis
4289 2412 4621 2490 proteren-

2730 2511 2868 2555 um:
2934 2488 3050 2557 sed
3107 2511 3337 2556 vereor
3392 2498 3469 2556 ut
3519 2491 3709 2558 nobis
3751 2489 4104 2558 Germanis
4162 2492 4495 2558 Dominus
4547 2489 4624 2557 ad

2683 2597 2822 2642 rem
2867 2576 3038 2643 hano
3095 2577 3195 2642 uti
3237 2575 3414 2642 velit.
3500 2575 3782 2644 Caetera
3824 2577 3931 2644 hio
3972 2585 4212 2644 noster.
4301 2577 4623 2644 Dominus

2684 2661 2774 2727 sit
2813 2660 3170 2729 vobiscum.
3258 2660 3494 2727 Saluta
3547 2670 3697 2727 tuos
3740 2683 3967 2728 omnes
4010 2663 4174 2728 meis
4219 2662 4447 2728 verbis
4489 2663 4623 2728 offi-

2681 2747 3051 2815 ciosissime.
3143 2751 3238 2814 19.
3281 2746 3438 2813 Iulii
3487 2752 3668 2812 1547.

3825 2884 4010 2950 Tuus
4050 2883 4370 2952 Buoerus.

3452 3178 3856 3187 —-———-—-———

3579 3396 3730 3467 ⁹28.

3121 3547 3613 3617 CRISPINUS
3643 3554 3690 3630 ¹)
3733 3547 4168 3616 OALVINO.

2855 3718 2980 3786 Res·
3019 3720 3380 3786 domesticae
3431 3724 3631 3787 staats
3669 3740 3868 3802 usque
3909 3740 4153 3803 anceps,
4186 3719 4488 3804 publicae
4515 3739 4619 3803 po-

2679 3806 2906 3872 rieulis
2933 3804 3176 3887 plenus.
3255 3806 3340 3870 In
3367 3806 3595 3888 patria
3634 3805 3958 3888 spoliatus,
4002 3827 4047 3872 a
4086 3807 4229 3874 suis
4266 3811 4620 3890 separatum,

2679 3893 2838 3957 votis
2875 3891 3101 3972 expetit
3138 3890 3366 3973 quibus
3395 3911 3522 3972 pro
3553 3895 3816 3975 tempore
3849 3891 4049 3975 potiri
4088 3893 4314 3974 nequit.

3016 4061 3127 4128 (lh
3161 4061 3495 4132 autographo
3529 4059 3659 4116 Ood.
3697 4059 3899 4116 Geuev,
3936 4059 4054 4131 112,
4087 4062 4178 4117 fol.
4212 4062 4289 4131 5.)

3003 4248 3472 4334 Monseigneur
3508 4250 3849 4316 Monsieur
3889 4247 4282 4333 Despeville.

2847 4385 3112 4453 Literas
3152 4393 3320 4465 tuas,
3363 4387 3472 4451 vir
3512 4386 3942 4463 ornatissime,
3984 4388 4085 4451 21.
4122 4385 4297 4451 Iunii
4340 4389 4613 4473 scriptas

2677 4471 2893 4571 aooepi
2943 4476 3040 4536 14.
3084 4470 3278 4573 Iul-ii.⁸
3325 4470 3511 4553 Quae
3552 4471 3718 4537 mihi
3762 4478 4083 4573 guantum
4126 4470 4479 4574 voluptatis
4519 4481 4611 4539 at·

2673 4556 3982 4743 2ss32.3.ma.ffae¹ffamfflss⁰
4017 4558 4611 4745 &affin

2675 4736 3099 4880 32⁸3.ssAE
3132 4748 3360 4878 3333&
3393 4725 3895 4895 ἳιῖἓὲἳὲξᾛ
3927 4746 4223 4879 2ῗὲιέἳέ
4257 4728 4611 4882 Ἐὲἓὲἕ

2673 4899 2892 4981 itaque
2934 4897 3227 4963 animum
3269 4896 3351 4963 ad
3383 4898 3577 4964 istam
3619 4919 3819 4981 quam
3857 4900 3992 4965 tuis
4034 4897 4246 4965 literis
4275 4900 4608 4983 praedicas

2674 4983 2995 5051 rationem
3038 4980 3291 5048 ferendi
3450 4983 3718 5050 uissimo
3770 4984 3986 5050 animo
4039 4983 4202 5052 haee
4243 4987 4469 5052 omnia
4508 4988 4605 5052 in·

2673 5067 3028 5136 commoda.
3114 5066 3309 5133 Illam
3349 5090 3523 5136 emm
3577 5068 3888 5136 excitavit
3930 5068 4284 5149 Dominus,
4341 5080 4408 5140 et
4461 5092 4605 5140 oum

2707 5323 2849 5378 028.
2884 5323 2943 5391 1)
2993 5323 3126 5380 Vide
3156 5325 3387 5384 omnino,
3415 5325 3487 5381 N.
3521 5322 3640 5379 808.
