4825 6175
25 3532 26 3539 ,
151 3478 264 3542 iori
305 3486 550 3561 postea
598 3478 976 3544 adiumento
1033 3478 1267 3543 forent.

23 4432 24 4477 ἱ
145 4423 396 4487 facillime

23 4754 24 4827 f
145 4780 341 4840 voyant
377 4787 494 4840 que
513 4770 703 4824 Calvia
735 4770 886 4824 avoit
918 4769 1067 4824 faute
1100 4769 1200 4823 des
1233 4770 1425 4824 lettres

23 4850 24 4853 ’
146 4839 447 4910 s'appliqua
483 4838 520 4892 a
552 4840 635 4892 les
668 4839 989 4910 appreudre.
1069 4840 1119 4891 A
1154 4854 1262 4908 quo
1333 4855 1478 4892 aussi
1512 4839 1553 4891 il
1620 4855 1694 4908 uy
1729 4839 1899 4892 servit
1931 4840 2096 4892 beau-

23 4928 24 4947 *
145 4924 290 4978 coup,
324 4924 545 4964 comme
579 4909 671 4978 luy
703 4922 907 4961 mesme
952 4924 1020 4961 en
1069 4924 1103 4960 a
1149 4924 1245 4961 reu

196 463 302 527 365

188 645 504 715 manitatis
547 667 829 726 accuses,
872 645 1046 730 quod
1091 655 1226 712 tam
1271 646 1384 713 diu
1427 646 1592 712 nihil
1636 668 1761 731 ego
1805 648 1888 713 ad
1933 657 1998 713 te
2038 649 2121 713 li-

189 747 456 800 terarum
497 730 808 810 dederim,
850 733 1079 813 faoeor,
1123 734 1294 816 quod
1337 754 1647 799 excusem
1689 735 1806 798 vix
1848 755 1958 799 me
2004 735 2121 800 ha-

191 821 342 885 bere.
427 817 602 883 Nam
645 820 702 882 si
743 824 1159 902 praetexam,
1217 819 1431 904 longis
1472 841 1593 885 nos
1635 819 1928 886 locorum
1972 841 2121 903 spa-

188 905 284 971 tiis
323 903 598 980 distare,
658 905 992 970 neminem
1050 926 1155 970 me
1212 904 1522 971 habuisse
1576 912 1715 971 toto
1758 906 2121 989 quinquen-

185 992 283 1055 nio
299 991 358 1073 2)
401 988 516 1071 qui
557 990 730 1055 istuc
771 991 1313 1073 proficisceretur,
1372 1012 1608 1056 verum
1653 990 1914 1074 quidem
1960 993 2117 1056 erit:

183 1075 284 1142 sed
356 1075 558 1139 nimis
635 1075 972 1140 infirmum
1050 1077 1220 1153 fore,
1295 1077 1431 1141 iam
1507 1093 1741 1160 sponte
1820 1098 2119 1162 agnosco.

184 1159 614 1242 Quamobrem
671 1161 838 1227 nihil
904 1160 1144 1227 melius
1199 1163 1416 1226 visum
1482 1183 1684 1245 quam
1741 1184 2122 1246 compensa·-

180 1249 416 1312 tionem
459 1245 745 1329 aliquam
787 1249 1220 1330 interponere,
1266 1268 1432 1331 quae
1474 1249 1831 1330 superioris
1873 1260 2121 1333 tempo-

179 1334 262 1398 ris
292 1341 508 1396 errata
543 1331 926 1416 corrigendo
959 1354 1066 1398 me
1102 1333 1305 1398 semel
1342 1334 1523 1398 omni
1558 1333 1750 1416 culpa
1794 1333 2117 1400 liberaret.

178 1420 275 1484 Eu
338 1417 563 1501 itaque
616 1419 737 1484 tibi
791 1417 1326 1485 Commentarius
1386 1421 1456 1483 in
1514 1419 1869 1485 secundam
1927 1421 2121 1485 Pauli

178 1502 251 1570 ad
292 1502 673 1568 Corinthios
728 1504 1098 1587 epistolam,
1158 1511 1404 1587 quanta
1457 1507 1640 1587 potui
1698 1504 2027 1571 industria
2083 1525 2124 1570 a

174 1611 270 1655 me
290 1589 678 1655 elaboratus.
744 1589 979 1672 Neque
1003 1590 1180 1654 enim
1218 1587 1440 1654 dubito
1464 1591 1620 1674 quin
1665 1591 1801 1669 tibi,
1847 1611 1968 1674 pro
2005 1602 2122 1656 tua

175 1676 522 1758 aequitate,
589 1675 805 1740 iustae
871 1675 1421 1759 compensationis
1488 1676 1628 1740 loco
1693 1677 1957 1742 futurus
2014 1678 2117 1741 sit.

172 1759 567 1842 Quanquam
605 1761 751 1826 aliis
795 1763 992 1826 etiam
1039 1771 1107 1826 et
1142 1760 1404 1844 quidem
1450 1761 1861 1845 gravioribus
1905 1764 2120 1828 causis

172 1847 242 1911 ad
285 1867 440 1912 eum
483 1845 604 1911 tibi
648 1844 1168 1929 nuncupandum
1214 1868 1363 1913 sum
1408 1847 1744 1914 adductus,
1815 1848 2117 1914 Primum

167 1932 432 1997 memini
468 1933 841 2009 amicitiam,
879 1954 1045 2016 quae
1079 1932 1246 1997 mihi
1282 1932 1687 2015 aliquantula
1729 1943 1946 1999 tecum
1983 1934 2119 2018 pri-

168 2018 304 2082 dem
344 2018 838 2094 intercesserat,
901 2037 1031 2101 qua
1087 2018 1216 2083 fide
1259 2019 1540 2084 colueris
1584 2030 1778 2102 atque
1822 2021 2114 2085 auxeris:

164 2124 352 2186 quam
413 2103 775 2169 liberaliter
844 2113 1112 2186 paratus
1169 2103 1376 2169 fueris
1431 2116 1496 2170 te
1551 2105 1718 2170 mihi
1778 2106 2118 2188 officiaque

165 2202 266 2253 tua
305 2188 713 2272 impendere,
759 2211 957 2272 quum
1003 2190 1290 2255 testandi
1345 2191 1589 2256 amoris
1645 2213 1803 2275 erga
1857 2213 1964 2256 me
2020 2191 2118 2256 tui

162 2275 443 2340 oblatam
502 2275 620 2340 tibi
676 2277 1081 2341 occasionem
1139 2297 1283 2341 esse
1343 2287 1643 2360 putares:
1666 2280 1726 2361 ⁸)
1779 2298 1977 2359 quam
2017 2299 2115 2343 se-

160 2360 304 2425 dulo
349 2381 624 2444 operam
667 2360 834 2425 mihi
878 2370 1059 2426 tuam
1104 2361 1420 2428 detuleris
1467 2361 1552 2427 ad
1585 2383 1694 2427 me
1728 2361 2117 2440 ornandum,

159 2446 280 2512 nisi
312 2467 427 2511 me
462 2447 735 2525 vocatio,
781 2447 885 2513 cui
923 2457 1084 2512 tuno
1117 2468 1299 2513 eram
1336 2447 1664 2531 alligatus,
1711 2470 1790 2513 ea
1835 2450 1933 2513 uti
1966 2469 2115 2531 pro-

158 2531 498 2598 hibuisset.
583 2533 839 2598 Verum
883 2532 1055 2597 nihil
1097 2532 1275 2616 apud
1316 2553 1424 2598 me
1481 2535 1629 2616 plus
1671 2533 1885 2599 valuit
1918 2554 2114 2617 quam

159 2617 347 2700 primi
389 2620 709 2701 temporis
751 2615 1129 2696 recordatio,
1191 2639 1319 2702 quo
1362 2640 1502 2704 ego,
1562 2641 1603 2684 a
1643 2629 1828 2702 patre
1873 2621 2115 2686 missus

159 2703 230 2767 ad
275 2701 668 2770 discendum
724 2705 829 2768 ius
885 2704 1106 2783 civile,
1163 2724 1432 2789 graecas
1485 2704 1711 2770 literas
1765 2715 1831 2770 te
1888 2715 2114 2772 autore

159 2809 226 2854 ac
289 2791 615 2874 magistro
678 2789 903 2873 legum
980 2788 1199 2855 studio
1263 2791 1649 2873 permiscui:
1729 2812 1892 2873 quas
1954 2800 2113 2857 tunc

157 2894 411 2941 summa
454 2896 610 2941 cum
653 2875 845 2940 laude
888 2875 1316 2959 profitebaris.
1402 2876 1632 2959 Neque
1683 2899 1846 2942 vero
1888 2898 2005 2960 per
2046 2885 2112 2943 te

157 2962 331 3025 stetit
395 2962 566 3045 quin
630 2963 907 3026 maiores
969 2960 1254 3028 facerem
1317 2981 1722 3046 progressus.
1830 2963 2110 3029 Manum

156 3048 341 3128 enim,
388 3068 564 3132 quae
611 3055 730 3114 tua
767 3056 868 3114 est
907 3046 1306 3126 humanitas,
1362 3049 1700 3133 porrigere
1741 3070 1878 3116 non
1899 3071 2110 3117 recu-

157 3153 362 3200 sasses
407 3132 498 3199 ad
541 3141 750 3199 totum
794 3133 988 3199 stadii
1033 3134 1381 3201 decursum
1398 3185 1414 3210 ‚
1471 3136 1601 3199 nisi
1651 3155 1758 3202 me
1814 3136 1895 3202 ab
1947 3136 2109 3219 ipsis

153 3239 345 3303 prope
413 3220 793 3287 carceribus
873 3241 1050 3284 mors
1113 3221 1324 3303 patris
1340 3224 1398 3298 ⁴)
1461 3230 1850 3287 revocasset.
1960 3222 2108 3288 Hoc

153 3314 364 3371 tamen
422 3306 693 3371 nomine
746 3305 867 3371 tibi
923 3326 1057 3370 non
1103 3327 1336 3389 parum
1394 3305 1627 3386 debeo,
1700 3307 1874 3391 quod
1928 3307 2107 3373 rudi-

152 3394 389 3457 mentis
436 3392 678 3458 saltem
727 3392 845 3458 abs
887 3399 955 3457 te
1006 3392 1104 3456 fui
1147 3393 1462 3471 imbutus,
1520 3414 1686 3476 quae
1743 3393 1912 3458 mihi
1963 3414 2106 3458 ma·

1355 3478 1643 3544 Proinde
1695 3478 1888 3545 aliter
1943 3478 2108 3545 mihi

155 3564 527 3630 satisfacere
569 3585 700 3629 non
741 3564 943 3646 potui,
997 3585 1196 3646 quam
1238 3565 1296 3629 si
1339 3563 1423 3631 ad
1467 3573 1760 3647 posteros
1817 3572 2108 3631 exstaret

154 3648 410 3732 aliquod
478 3650 905 3735 gratitudinis
960 3670 1145 3716 meae
1209 3658 1711 3716 monumentum
1777 3660 1844 3716 et
1907 3650 2104 3717 simul

153 3736 622 3819 qualiscunque
663 3737 906 3803 laboris
947 3736 1043 3800 tui
1087 3736 1345 3802 fructus
1377 3734 1462 3800 ad
1495 3744 1564 3800 te
1595 3735 1855 3805 rediret.
1925 3736 2103 3803 Vale.

151 3819 460 3889 Genevae
508 3822 797 3888 odendis
840 3824 1012 3906 Aug.
1067 3827 1182 3886 154
1192 3827 1247 3886 6.
1267 3825 1326 3901 ὅ)

150 4013 374 4065 navae&
409 4010 650 4065 ducibus
673 4011 789 4065 Iao.
811 4010 1001 4065 Fabro
1023 4009 1355 4079 Staptdenm',
1398 4010 1543 4065 oua.
1564 4010 1798 4067 Budaeo
1831 4017 1884 4065 et
1904 4010 2101 4065 Theod.

150 4078 400 4136 Laseari.
482 4079 685 4135 Postea
723 4083 967 4147 prmum
1001 4079 1261 4134 Aureliae
1306 4078 1503 4135 deinde
1546 4080 1702 4147 apud
1733 4080 2033 4149 Bituffqes,
2068 4097 2106 4135 a

151 4146 518 4218 Maryaretha
569 4148 794 4204 ducissa
830 4149 1122 4203 Alencoait'
1166 4155 1419 4215 vocatus,
1465 4148 1564 4202 litt.
1612 4150 1756 4205 hum.
1793 4149 1993 4204 docuit.
2030 4151 2099 4203 Α.

148 4215 275 4272 1535
321 4217 636 4286 Tubinyam
671 4220 932 4272 concessit
966 4219 1035 4271 ab
1069 4215 1252 4272 Ulrt'co
1286 4217 1423 4271 duce
1456 4218 1764 4272 accersitus.
1819 4216 2102 4272 Postremo

148 4283 332 4341 lenam
369 4303 432 4341 se
465 4287 671 4355 recepit
702 4286 883 4356 ibique
916 4303 968 4339 a.
1008 4284 1142 4340 1561
1179 4292 1280 4340 aet.
1316 4283 1389 4339 64
1422 4284 1564 4339 diem
1600 4300 1758 4340 suum
1794 4287 1939 4341 obiit.

340 4355 406 4422 2)
449 4356 570 4410 seit.
617 4371 684 4409 σω
725 4372 832 4425 quo
875 4356 992 4423 ipse
1047 4355 1105 4409 0.
1142 4353 1568 4425 Argentoratum
1614 4356 1921 4424 reliquerat,
1956 4354 2103 4410 unde

520 4427 530 4437 '
645 4425 657 4437 ⁶
822 4440 942 4479 eum
982 4423 1176 4479 Saeuis
1219 4425 1591 4480 mero-‘um
1624 4426 1845 4479 instituo·
1871 4430 2101 4492 poterat.

340 4494 406 4562 3)
445 4495 623 4548 Entre
659 4498 844 4547 autres
880 4492 1007 4562 qu’il
1043 4493 1258 4547 hantoit
1290 4510 1430 4562 pour
1465 4494 1576 4546 lors
1611 4492 1644 4545 a
1678 4493 1935 4562 Boni-ges,
1985 4494 2026 4546 il
2060 4511 2098 4564 y

147 4565 285 4619 avoit
319 4583 396 4618 un
437 4564 712 4618 excellent
746 4562 1083 4631 personnage
1105 4562 1392 4628 allemand,
1466 4562 1738 4615 rofesseur
1772 4562 1871 4616 des
1904 4562 2099 4615 lettres

145 4648 417 4770 5²⁰⁰q130m⁰³⁶’
455 4631 1287 4754 “ffssifflufflssofssffllw
1322 4632 1392 4685 ‘³⁰
1464 4630 2099 4821 ⁸8⁸0“1‘30¹⁰¹'⁸2‡¹.¹‹²‚⁶¹¹⁶2{}

177 4717 207 4754 e
432 4722 448 4755 ε
664 4718 684 4754 ι
976 4717 1008 4753 r
1235 4718 1265 4754 r
1299 4740 1311 4753 .
1350 4739 1364 4754 .
1399 4738 1417 4755 .
1457 4737 1470 4751 .
1691 4718 1727 4753 n
1922 4718 1994 4753 nn

1614 4786 1712 4822 ues
1784 4777 1809 4822 t
1831 4776 1954 4823 tant
1970 4784 2043 4837 qu
2063 4770 2074 4781 '

1368 4908 1738 4977 tesmoignage
1771 4925 1842 4961 en
1875 4908 1970 4978 luy
2006 4909 2097 4961 de-

147 4977 291 5030 diant
327 4995 415 5033 ses
453 4978 874 5031 commentaires
908 4992 1004 5030 sur
1036 4976 1091 5029 la
1124 4977 1356 5031 seconde
1391 4977 1473 5046 ep.
1497 4994 1604 5030 aux
1623 4976 1970 5031 Corinthiens
2004 4982 2099 5032 eta.

23 5020 24 5065 ³
147 5044 617 5113 (Besa-conam,
667 5045 763 5100 νει
796 5045 863 5099 ae
902 5043 959 5101 o.
995 5044 1081 5100 aa.
1120 5045 1399 5101 ria-aza
1425 5063 1483 5114 ρ.
1523 5044 1633 5108 15.)

339 5114 406 5182 4)
439 5114 555 5169 Sur
587 5130 678 5170 ces
711 5113 1030 5168 entrefnioee
1062 5130 1161 5168 son
1197 5131 1330 5185 pere
1347 5133 1417 5169 va
1434 5114 1656 5179 moui-ir,
1694 5115 1785 5183 qui
1821 5114 1907 5168 fut
1938 5130 2098 5167 cause

151 5184 626 5252 qu’abandonnant
668 5200 756 5238 ses
801 5182 1021 5237 estudes
1065 5183 1136 5237 de
1179 5184 1293 5239 loix
1337 5185 1380 5238 il
1427 5190 1691 5238 retourne
1732 5186 1768 5237 a
1801 5183 1995 5252 Noyon
2039 5189 2097 5236 et

149 5255 260 5321 puis
291 5254 415 5309 vint
450 5253 488 5306 ὸ
524 5252 680 5306 Paris
713 5253 867 5320 (ibid.
896 5269 955 5320 p.
993 5250 1102 5320 17).

316 5323 406 5406 ⁸5)-
432 5320 882 5462 fef-mmm
913 5322 1032 5389 ipse
1064 5321 1276 5375 denam
1310 5337 1362 5376 a.
1403 5318 1537 5375 1548
1568 5320 1794 5390 prodiit.
1856 5320 2098 5377 Gnaeum

149 5388 355 5450 habau
377 5407 445 5449 m
509 5407 565 5448 a.

1879 463 2042 526 1546
2090 458 2488 530 AUGUSOE.

2173 2643 2176 2648 ¹
2219 2567 2372 2633 inde
2449 2590 2526 2634 ac
2592 2571 2646 2632 si
2725 2568 2894 2633 nihil
2959 2569 3348 2652 scripsisses

4066 467 4192 532 366

3145 646 3296 718 815.

2768 799 3173 870 VIRE'PUS
3219 800 3657 871 CALVINO.

2397 972 2801 1040 Diuturnum
2844 974 3035 1041 amici
3090 974 3410 1040 silentium
3465 977 3738 1042 mbr-atus
3791 976 4013 1045 literas
4067 979 4191 1046 ali-

2225 1080 2385 1143 quas
2429 1061 2787 1142 deperditas
2827 1066 2939 1125 aut
2980 1062 3345 1141 interceptas
3385 1061 3593 1143 fuisse
3634 1064 4010 1145 suspicatur.

2520 1230 2624 1295 (Ex
2661 1230 2999 1300 autographo
3035 1230 3161 1285 Cod.
3199 1230 3437 1285 Gothani
3470 1230 3592 1302 405,
3626 1233 3715 1287 fol.
3756 1232 3896 1302 109.)

2399 1402 2483 1470 D.
2527 1401 2763 1468 Ioanni
2810 1399 3088 1469 Calvino
3130 1402 3321 1467 fratri
3359 1413 3426 1469 et
3470 1404 4150 1558 amicoGintegerrimo

3743 1512 4009 1560 enevae.

2396 1624 2467 1691 S.
2515 1626 2648 1690 Pro
2692 1623 2908 1708 quinis
2944 1639 3059 1689 aut
3093 1627 3267 1691 senis
3305 1625 3389 1691 ad
3425 1635 3489 1692 te
3524 1626 3751 1705 literis,
3796 1650 3878 1693 ne
3921 1629 4183 1696 literam

2223 1709 2487 1793 quidem
2532 1709 2647 1775 abs
2690 1722 2757 1775 te
2801 1711 3037 1794 accepi.
3062 1713 3110 1790 ¹)
3194 1712 3405 1777 Miror
3448 1714 3552 1778 cui
3595 1723 3744 1779 tuas
3790 1713 3874 1778 ad
3917 1734 4025 1780 me
4065 1715 4181 1783 de-

2222 1795 2416 1861 deris.
2499 1796 2672 1862 Nam
2718 1796 2927 1861 tribus
2970 1798 3228 1863 nunciis
3271 1797 3436 1862 mihi
3478 1799 3935 1865 confirmatum
3980 1811 4079 1867 est
4114 1814 4182 1867 te

2222 1883 2577 1965 scripsisse.
2667 1883 2895 1947 Metuo
2938 1903 3023 1947 ne
3067 1882 3195 1948 duo
3228 1882 3328 1947 illi
3367 1884 3660 1966 iuvenes,
3706 1887 3817 1968 qui
3854 1889 4183 1971 Argento-

2219 1976 2364 2032 rato
2408 1977 2759 2046 venerant,
2817 1976 3171 2051 utrumque
3221 1968 3607 2049 fefellerint,
3666 1979 4013 2056 postquam
4056 1972 4183 2040 hac

2221 2074 2357 2119 non
2402 2052 2769 2133 redierunt,
2836 2054 2892 2118 si
2933 2054 3128 2118 modo
3172 2055 3370 2121 istinc
3414 2055 3752 2121 solverint.
3841 2058 3934 2122 Te
3978 2058 4185 2141 igitur

2221 2159 2460 2222 quaeso
2503 2146 2582 2203 ut
2621 2159 2743 2221 per
2784 2140 2961 2204 hunc
3004 2140 3418 2206 tabellarium
3476 2162 3584 2206 me
3638 2141 3843 2210 facias
3886 2145 4184 2209 omnium

2221 2225 2585 2302 certiorem,
2631 2225 2686 2290 si
2721 2226 2889 2291 forte
2925 2224 3221 2291 divinare
3258 2237 3374 2292 aut
3414 2227 3736 2294 coniicere
3772 2230 4013 2312 possim
4051 2249 4182 2313 quo

2218 2309 2449 2375 literae
2490 2311 2835 2393 pervenire
2889 2313 3240 2394 potuerint.
3345 2314 3572 2378 Timeo
3630 2335 3714 2379 ne
3758 2313 4034 2398 perfidia
4074 2326 4174 2380 ta-

2219 2395 2477 2462 bellarii
2535 2396 2982 2472 inciderunt2)
3051 2399 3124 2462 in
3180 2419 3415 2465 manus
3485 2420 3708 2465 eorum
3768 2403 3882 2483 qui
3939 2420 4175 2484 parum

2219 2482 2406 2547 nobis
2452 2489 2518 2547 et
2558 2483 2790 2565 pietati
2833 2483 3071 2547 favent.
3176 2482 3407 2551 Scribe
3462 2484 3669 2570 igitur
3722 2485 3806 2550 ad
3859 2506 3968 2552 me
4024 2507 4174 2570 per-

3459 2571 3646 2636 Vale.
3756 2572 4171 2638 Lausannae.

2218 2659 2277 2718 s.
2325 2654 2612 2738 Augusti
2665 2658 2847 2718 1546.

3196 2793 3380 2857 Tuus
3420 2792 3664 2861 Petrus
3706 2794 3997 2860 Viretus.

2988 3085 3397 3097 ow

3112 3306 3266 3378 816.
3397 3348 3405 3359 =

2743 3460 3216 3529 CALVINUS
3259 3458 3633 3527 VIRETO.

2381 3633 2532 3716 Ipse
2588 3654 2827 3716 quoque
2897 3634 3332 3714 nuperrimam
3387 3632 3710 3715 epistolam
3774 3634 3978 3699 amieo
4039 3654 4163 3699 non

2206 3720 2518 3786 redditam
2559 3720 2843 3801 queritur
2875 3722 3130 3801 eiusque
3171 3738 3486 3785 summam
3520 3718 3754 3801 repetit.
3851 3714 4164 3785 Commen-

2205 3806 2363 3872 tarii
2404 3806 2897 3889 Aryentoratum
2938 3806 3125 3872 missi
3181 3826 3250 3871 eo
3302 3825 3425 3869 non
3454 3805 3818 3885 pervenisse
3858 3805 4162 3871 videntur.

2210 3890 2539 3958 Fan-ellum
2562 3891 2981 3957 Laasannam
3012 3891 3358 3957 vocandum
3380 3895 3572 3971 putat
3604 3890 3688 3955 ad
3711 3890 4163 3973 professionem

2205 3978 2458 4061 linquae
2498 3976 2838 4043 hebraicae.

2206 4150 2315 4273 gl?
2350 4148 2688 4218 autographo
2724 4146 2854 4201 Cod.
2893 4146 3097 4201 Genev.
3121 4143 3236 4211 106,
3275 4146 3363 4200 fol.
3402 4145 3518 4200 169.
3575 4148 3778 4212 Quater
3812 4146 3943 4200 alibi
3979 4152 4162 4202 exstat

2285 4218 2340 4271 d.
2379 4217 2550 4286 111⁸,
2602 4217 2692 4271 fol.
2729 4214 2813 4279 3⁷,
2863 4214 3161 4339 Cffl.s}¹lnl¹·‚
3188 4215 3314 4338 ἐξί-
3345 4215 3464 4350 164165
3506 4216 3670 4269 Bern.
3709 4215 3850 4285 Epp.
3891 4215 4018 4269 VII.
4056 4214 4153 4268 771

2202 4457 2471 4523 Eximio
2538 4456 2808 4521 Domini
2886 4457 3093 4521 nostri
3157 4455 3313 4521 Iesu
3383 4453 3636 4523 Christi
3703 4476 3892 4521 servo
3960 4455 4162 4521 Petro

2472 4543 2707 4608 Vireto
2751 4542 3247 4608 Lausannensis
3292 4542 3603 4609 ecclesiae
3637 4541 3901 4625 pastori.

2373 4680 2444 4747 S.
2530 4680 2743 4746 Miror
2787 4699 2862 4745 ac
2909 4679 3093 4744 doleo
3135 4699 3270 4745 non
3314 4677 3605 4745 redditas
3659 4676 3778 4743 tibi
3832 4679 4035 4745 fuisse
4079 4677 4159 4742 li-

2200 4777 2376 4834 teras
2420 4766 2655 4851 quibus
2695 4765 3108 4831 familiariter
3161 4764 3541 4849 complexus
3596 4785 3775 4830 eram
3832 4764 4161 4847 permulta

2201 4875 2366 4937 quae
2432 4852 2677 4918 nollem
2742 4853 2813 4916 in
2881 4851 3160 4915 aliorum
3219 4871 3462 4917 manus
3533 4851 3780 4916 venire.
3904 4851 3974 4916 Is
4053 4850 4159 4916 oui

2235 5042 2371 5097 815.
2409 5042 2462 5109 1)
2507 5039 2660 5110 Quae
2704 5053 2888 5095 omnes
2932 5038 3091 5093 nobis
3135 5037 3451 5108 deperditae
3496 5044 3651 5104 suat,
3698 5038 3814 5091 nisi
3855 5038 3999 5104 forte
4042 5052 4162 5093 una

2201 5111 2710 5167 autalterainter
2767 5107 3260 5177 eaelateatquas
3317 5113 3461 5161 certo
3518 5107 4160 5175 mansionum-enon

2197 5195 2506 5251 poseamus.
2580 5178 2802 5234 Caluini
2832 5172 3092 5245 epistolae
3125 5175 3203 5230 ad
3248 5175 3484 5229 Viretun·
3519 5176 3619 5231 hoe
3652 5180 3888 5243 tempore
3921 5176 4158 5243 scriptae

2194 5250 2468 5319 plurimae
2512 5254 2758 5316 exstant,
2805 5262 2919 5300 non
2962 5251 3144 5300 tanen
3188 5259 3372 5298 omnes
3418 5250 3480 5300 ut
3524 5259 3591 5298 ea·
3635 5247 3884 5313 proxime
3917 5245 4163 5314 sequenti

2196 5319 2483 5376 constabit.

2406 5386 2465 5456 2)
2502 5387 2597 5441 sio.
