4825 6175
591 393 671 455 71
2136 381 2665 451 EPISOEOLAE:
2710 384 3050 449 636-638
4510 387 4581 450 72

590 578 709 645 (Ex
741 581 870 632 auto
935 576 1078 647 apho
1113 575 1257 631 Bibl.
1305 578 1589 646 pastorum
1632 572 2100 627 Neocomensium.
2160 603 2201 608 -
2256 571 2547 642 Inscriptio

590 647 748 701 adest
783 594 947 701 nullis..
1017 646 1124 700 Sed
1162 646 1293 714 quin
1330 643 1610 698 Liberteto
1647 642 1879 712 epistola
1914 642 2121 712 scripta
2142 641 2215 694 sit
2248 641 2408 695 nobis
2444 640 2541 722 du·

588 717 737 770 bium
771 732 881 768 non
918 721 1015 767 est.
1088 713 1228 767 Nam
1266 717 1424 766 autor
1459 711 1593 764 dicit
1627 727 1685 763 se
1721 727 1747 763 s
1790 727 1985 773 crasse,
2022 710 2267 772 amicum,
2305 712 2361 763 in
2396 726 2546 762 cums

594 784 756 838 domo
794 784 1070 837 scribebat
1106 782 1366 841 absentis,
1414 797 1524 833 una
1556 796 1678 832 cum
1770 780 1912 833 ircto
1948 780 2317 844 traiecturum,
2353 779 2545 832 Lema-

594 870 723 908 nnm
797 861 908 916 uta,
954 853 1009 905 in
1048 867 1156 921 quo
1190 859 1377 903 tamen
1423 848 1753 917 perficiendo
1797 849 2024 910 itinere,
2075 848 2318 901 adversis
2371 848 2547 900 ventis

591 869 902 991 impeditus,
939 920 1223 989 promissis
1259 919 1351 973 ille
1387 925 1533 971 stare
1568 934 1678 971 non
1710 917 1907 986 potuit.
1977 917 2129 970 Haec
2178 916 2400 969 minime
2450 916 2545 969 ob·

591 1007 747 1044 scure
782 990 959 1058 ripam
1008 988 1364 1043 sabaudicam
1402 993 1497 1108 eth
1513 985 1730 1118 dom13m
1776 986 2010 1038 ministri
2057 985 2413 1039 Tononicnsis
2462 984 2543 1037 in·

1483 1053 1645 1108 ‘cant

758 1227 939 1293 Male
995 1248 1100 1293 me
1161 1236 1227 1291 et
1288 1227 1558 1292 comites
1632 1245 1811 1289 meos
1866 1224 2098 1289 habuit
2155 1223 2402 1288 multas
2459 1221 2542 1287 ob

587 1334 819 1381 causas
864 1313 1036 1397 quod
1095 1321 1157 1377 te
1203 1310 1376 1376 domi
1431 1333 1565 1376 non
1619 1310 2086 1375 invenerimus.
2176 1309 2542 1391 Praecipua

584 1401 716 1465 fuit
767 1399 934 1484 quod
999 1411 1207 1465 tecum
1262 1397 1343 1461 de
1400 1398 1596 1462 rebus
1638 1396 1841 1461 variis
1901 1395 2179 1478 colloqui
2235 1395 2540 1477 cupieba-

586 1507 753 1551 mus.
822 1482 957 1550 Sed
1004 1484 1163 1549 haec
1198 1503 1454 1565 quoque
1492 1483 1762 1548 accessit
1805 1503 1957 1558 una,
2004 1479 2174 1563 quod
2211 1479 2292 1544 ab
2334 1501 2540 1545 uxore

582 1579 703 1637 tua
744 1572 1102 1654 impetrare
1145 1589 1479 1651 nunquam
1502 1568 1837 1651 potuimus
1880 1572 1955 1630 ut
1996 1588 2114 1632 nos
2155 1565 2542 1630 familiarius

587 1664 918 1722 tractaret.
1007 1654 1196 1720 Adeo
1243 1655 1418 1718 enim
1475 1653 1741 1736 profusa
1784 1652 1913 1716 fuit
1954 1663 2029 1716 ut
2070 1652 2331 1716 viderer
2373 1651 2540 1716 mihi

588 1764 729 1808 esse
770 1739 942 1826 apud
988 1741 1316 1805 hominem
1363 1741 1683 1824 ignotum.
1773 1738 2158 1803 Patiebatur
2202 1760 2273 1803 se
2318 1737 2539 1802 admo-

586 1829 752 1893 neri.
840 1827 1143 1911 Rogabat
1187 1845 1383 1908 saepe
1430 1834 1503 1889 ut
1546 1845 1691 1889 meo
1736 1823 1879 1888 iure
1923 1825 2310 1906 imperarem
2358 1821 2543 1906 quid-

587 1910 740 1996 quid
796 1913 1045 1978 liberet.
1152 1911 1233 1975 In
1293 1910 1567 1976 caeteris
1625 1909 1984 1992 obsequuta
2043 1918 2142 1973 est
2205 1909 2400 1973 mihi:
2468 1909 2537 1973 in

584 1998 706 2065 hoc
767 2020 897 2064 uno
952 2020 1070 2064 suo
1128 1996 1370 2062 iudicio
1425 1997 1607 2061 stetit
1664 1993 1837 2078 quod
1898 1995 2097 2060 nimis
2157 2003 2540 2078 sumptuose

582 2105 702 2149 nos
747 2084 1021 2167 excepit.
1119 2082 1342 2165 Duplo
1399 2084 1575 2146 enim
1631 2083 1779 2163 plus
1837 2081 1963 2147 cibi
2007 2102 2201 2164 quam
2249 2082 2542 2164 oportuit

583 2191 841 2254 semper
885 2170 1009 2234 fuit
1052 2177 1376 2252 paratum.
1444 2168 1591 2232 Hoc
1627 2179 1846 2231 tamen
1893 2188 2305 2248 nequaquam
2350 2165 2539 2232 nobis

581 2254 861 2330 obstitit,
926 2254 1274 2337 quominus
1330 2253 1613 2336 hospitio
1673 2261 1785 2316 tuo
1848 2252 2262 2317 familiariter
2320 2259 2537 2317 utere-

579 2363 746 2406 mur.
838 2339 1126 2406 Perinde
1170 2341 1412 2404 fuimus
1455 2340 1665 2404 securi
1712 2359 1788 2405 ac
1832 2338 1889 2402 si
1935 2338 2269 2403 adfuisses.
2360 2337 2538 2419 Quia

594 2427 806 2492 Vis-eto
850 2425 1291 2491 indicaveram
1338 2445 1466 2507 quo
1511 2424 1615 2489 die
1662 2425 1766 2490 hic
1810 2425 2070 2489 futurus
2110 2445 2341 2502 essem,
2388 2444 2534 2506 spe-

578 2512 804 2578 rabam
868 2523 1218 2593 utrumque
1283 2511 1479 2574 simul
1552 2510 1998 2575 traiecturum.
2102 2508 2236 2574 Sed
2295 2522 2535 2575 ventus

578 2618 836 2680 semper
881 2597 1263 2663 adversatus
1304 2598 1553 2660 interea
1596 2597 1782 2660 vobis
1828 2594 1969 2659 fuit.

750 2683 942 2749 Nunc
986 2704 1165 2760 vero,
1230 2702 1311 2745 ne
1355 2681 1695 2746 exinanita
1739 2680 1930 2745 domo
1978 2695 2089 2744 tua
2137 2702 2420 2746 vacuum
2469 2689 2533 2745 te

577 2789 616 2833 a
673 2769 865 2832 rebus
922 2768 1111 2833 novis
1179 2766 1577 2849 relinquam,
1644 2767 1831 2832 brevi
1899 2766 2218 2850 quaedam
2286 2768 2529 2849 accipe.

576 2853 890 2919 Claudius
934 2874 1119 2918 meus
1169 2852 1593 2919 Sonare-tensis
1614 2852 2003 2936 Witeberga
2036 2851 2202 2916 mihi
2247 2852 2529 2936 scripsit,

575 2946 782 3004 totam
829 2938 1010 3004 illam
1036 2939 1435 3005 Germaniae
1482 2947 1736 3021 partem
1782 2939 1945 3003 mire
1990 2937 2320 3003 turbatam
2367 2959 2527 3017 esse,

574 3022 934 3092 Saxoniam
975 3026 1206 3091 vexari
1250 3044 1292 3090 a
1334 3025 1621 3109 quinque
1675 3023 2003 3097 hostibus,
2060 3045 2190 3090 non
2249 3044 2528 3108 magnae

615 3109 834 3177 uidem
882 3112 1231 3195 potentiae,
1279 3110 1394 3176 sed
1441 3111 1552 3194 qui
1610 3112 1904 3175 nocendo
1948 3110 2193 3193 aliquid
2240 3110 2526 3176 valeant.

608 3218 724 3280 pse
768 3199 832 3262 in
882 3198 1119 3263 itinere
1163 3217 1201 3260 a
1245 3195 1682 3279 praedonibus
1719 3197 2032 3280 spoliatus
2078 3197 2219 3261 fuit.
2308 3196 2526 3262 Bene-

572 3282 783 3349 dictus
826 3283 1175 3361 Dominus,
1219 3283 1332 3365 qui
1375 3282 1566 3347 illum
1611 3282 1851 3365 eripuit
1897 3304 1934 3347 a
1979 3283 2306 3365 praesenti
2351 3304 2526 3348 mor-

570 3367 655 3434 tis
714 3369 1019 3452 periculo.
1121 3368 1490 3451 Imperator
1554 3368 1743 3433 solito
1801 3366 2127 3434 crudelius
2186 3369 2402 3433 saevit
2456 3369 2525 3433 in

568 3454 815 3540 Belgis.
903 3455 1128 3521 Unum
1175 3462 1276 3518 est
1320 3454 1491 3537 quod
1534 3454 1606 3518 in
1649 3455 1854 3519 tantis
1898 3452 2376 3520 calamitatibus
2422 3476 2526 3519 so-

568 3539 693 3604 lari
739 3562 859 3605 nos
904 3539 1115 3609 debet.
1162 3561 1364 3623 quum
1408 3538 1707 3605 videmus
1751 3548 1939 3604 tanta
1980 3541 2350 3606 constantia
2392 3540 2524 3605 fra·

568 3632 704 3691 tres
748 3626 829 3690 ad
876 3634 1156 3691 mortem
1218 3626 1464 3690 alacres
1520 3645 1813 3710 pergere.
1906 3626 1967 3689 N
1969 3647 2053 3690 on
2099 3623 2324 3690 dubito
2366 3627 2524 3709 quin

566 3711 686 3775 tibi
733 3722 799 3777 et
846 3711 1077 3776 Ioanni
1121 3710 1367 3794 aliquid
1413 3713 1748 3777 scribatur.
1817 3710 1895 3777 Si
1932 3711 2272 3777 Genevam
2316 3711 2522 3791 brevi,

567 3797 741 3880 quod
799 3798 937 3863 fore
982 3797 1268 3877 confido,
1328 3798 1590 3862 veneris
1610 3848 1626 3876 ,
1686 3797 1877 3881 plura
1931 3797 2171 3863 audies.
2289 3794 2526 3864 Caesar

567 3882 833 3948 tandem
878 3905 914 3947 e
957 3882 1126 3948 lecto
1167 3884 1459 3947 surrexit
1516 3897 1592 3948 ut
1644 3882 1727 3948 ad
1772 3890 2167 3947 conventum
2212 3883 2523 3948 Worma·

570 3969 855 4035 ciensem
916 3969 1158 4033 veniat.
1264 3969 1529 4034 Interea
1585 3969 1721 4034 dux
1774 3969 2174 4034 Aureliensis
2231 3967 2311 4033 ad
2372 3991 2521 4034 eum

571 4064 724 4118 ante
768 4054 908 4119 dies
952 4054 1321 4136 quindecim
1358 4054 1692 4138 profectus
1733 4062 1851 4131 est,
1898 4055 2161 4137 nuptias
2196 4074 2344 4119 cum
2384 4057 2525 4121 eius

569 4151 768 4222 nepte
815 4139 1213 4206 Fordinandi
1257 4140 1395 4204 filia
1435 4140 1902 4206 celebraturus.
1936 4141 1985 4224 ¹)
2073 4140 2524 4206 Provinciales

569 4226 772 4290 etiam
806 4225 1258 4291 inhumaniter
1290 4233 1676 4291 tractantur.
1736 4226 1977 4291 Exusti
2012 4247 2222 4309 nuper
2258 4228 2528 4292 fuerunt

568 4322 702 4377 tres
746 4313 918 4394 pagi.
1007 4311 1248 4375 Exusti
1303 4311 1553 4395 aliquot
1605 4312 1782 4376 intra
1826 4311 2036 4391 aedes,
2080 4312 2275 4394 pauci
2321 4314 2522 4378 truci-

569 4395 734 4473 dati,
794 4397 904 4461 alii
963 4396 1046 4461 ad
1099 4418 1313 4461 remos
1370 4397 1653 4462 abducti.
1761 4395 2057 4463 Necdum
2114 4407 2521 4481 compertum

566 4481 884 4547 habemus
929 4503 1123 4566 quem
1167 4482 1604 4548 latrocinandi
1648 4485 1848 4548 finem
1898 4483 2117 4549 hostes
2161 4484 2451 4550 fecerint.

736 4568 889 4632 Non
935 4567 1146 4632 scribo
1190 4569 1413 4651 plura,
1475 4590 1561 4632 ne
1616 4578 1801 4633 tuum
1856 4568 1938 4633 ad
1993 4588 2115 4632 nos
2160 4568 2521 4635 adventum

564 4673 870 4718 remorer.
964 4655 1071 4717 Ex
1115 4656 1491 4719 commatris
1550 4674 1734 4719 meae
1784 4654 2131 4719 sedulitate
2190 4654 2521 4720 intellexi-

563 4760 712 4804 mus
752 4761 946 4822 quam
1007 4760 1127 4804 nos
1184 4738 1422 4803 habeas
1477 4739 1987 4806 commendatos.
2088 4739 2224 4805 Sed
2269 4739 2521 4805 denun-

562 4826 841 4903 ciamus,
902 4846 1022 4890 nos
1081 4824 1209 4891 huc
1266 4847 1602 4908 nunquam
1655 4837 1969 4892 venturos
2028 4827 2332 4909 posthac,
2392 4827 2522 4893 nisi

558 4911 860 4994 pactione
903 4911 1076 4975 inter
1134 4931 1256 4976 nos
1301 4913 1684 4977 constituta.
1776 4911 1942 4976 Vale
1995 4912 2260 4995 optime,
2316 4913 2522 4979 frater

564 5069 617 5076 --
652 5069 731 5075 -.—--
758 5068 973 5077 .-—-—-—--.

586 5164 729 5219 686.
768 5167 825 5229 l)
872 5164 1022 5235 Quae
1056 5169 1284 5236 nuptiae
1329 5185 1613 5236 nunquam
1658 5169 1960 5225 celebratae
2001 5169 2244 5236 ficerunt.
2321 5168 2525 5224 Frater

553 5234 916 5372 Qniggg
950 5243 1089 5290 natu
1122 5239 1302 5292 minor
1344 5244 1474 5292 ante
1516 5246 1730 5305 patrem
1797 5239 1939 5293 diem
1984 5253 2143 5292 snam
2176 5239 2334 5306 obiit,
2383 5239 2437 5293 d.
2473 5238 2524 5294 8.

2649 583 2720 639 et
2760 574 2968 639 amice
3010 574 3364 640 carissime.
3455 573 3726 641 Gratias
3780 572 3902 640 tibi
3958 574 4259 658 ingentes
4310 595 4429 657 pro
4473 574 4586 639 hu-

2649 660 2968 725 manitate
3008 659 3196 742 nobis
3236 659 3534 726 exhibita
3576 660 3833 744 agimus
3872 679 4117 725 omnes.
4206 660 4406 725 Domi
4448 671 4587 735 tuae

2650 745 2772 811 sub
2817 744 3191 812 discessum.
3209 745 3267 831 ²)

3642 830 3928 898 Ioannes
3972 830 4293 898 Calvinus

3490 938 3638 985 meo
3681 927 3748 983 et
3790 918 4100 985 comitum
4145 917 4428 983 nomine.

3417 1212 3826 1221 ———

3548 1431 3700 1503 637.

3187 1566 3578 1635 CRISPUS
3627 1565 4061 1634 CALVINO.

2823 1739 3137 1805 Senarclei
3195 1744 3250 1804 et
3297 1738 3565 1806 Fallesii
3623 1741 3955 1806 adventum
4015 1740 4297 1815 nunciat,
4362 1736 4596 1819 Capnio

2647 1826 3063 1891 commendari
3105 1827 3292 1908 cupit,
3342 1825 3674 1890 Calvinum
3716 1832 4102 1907 caeterosque
4135 1824 4596 1906 reformationis
4676 1817 4684 1834 ’

2647 1911 3086 1977 ecclesiasticae
3169 1911 3606 1994 antesiqnanos
3682 1910 3831 1977 bono
3921 1914 4130 1977 animo
4207 1931 4339 1974 esse
4415 1910 4594 1989 iubet,

2644 1997 2954 2081 quidquid
2995 1996 3333 2061 moliantur
3375 1997 3752 2063 adversarii.

2646 2169 2752 2236 (Ex
2812 2168 3146 2238 autographo
3201 2168 3331 2221 Cod.
3367 2167 3573 2222 Genev.
3617 2166 3729 2234 113,
3782 2167 3877 2221 fol.
3926 2166 3992 2220 74
4038 2167 4122 2221 cui
4171 2167 4389 2237 quidem
4436 2173 4594 2221 autor

2643 2254 2807 2291 manu
2841 2238 3066 2305 propria
3099 2237 3444 2305 subscripsit:
3483 2236 3718 2305 epistola
3746 2237 3865 2305 ipsa
3895 2237 4002 2289 alia
4024 2254 4186 2289 manu
4217 2243 4442 2289 exarata
4471 2231 4594 2301 aaa)

2643 2424 3087 2492 Ornatissimo
3134 2426 3274 2491 viro
3322 2427 3404 2492 D.
3443 2425 3675 2490 Ioanni
3715 2425 3990 2493 Calvino
4028 2426 4334 2494 ecclesiae
4371 2426 4593 2493 Gene-

3361 2512 3578 2577 vensis
3625 2512 3887 2598 pastori.

2812 2648 3103 2714 Tandem
3148 2648 3278 2714 huc
3302 2649 3353 2728 ¹)
3399 2649 3658 2732 appulit
3699 2661 3852 2713 tuus
3888 2648 3997 2713 ille
4037 2647 4440 2731 claudius2),
4489 2652 4594 2715 vir

2637 2734 3069 2812 ornatissime,
3116 2755 3192 2798 eo
3227 2732 3698 2816 propemodum
3734 2736 4048 2817 temporis
4082 2747 4415 2800 momento
4460 2757 4590 2819 quo

2637 2831 2869 2886 nactus
2926 2819 3297 2886 commodos
3352 2820 3607 2885 itineris
3665 2821 3736 2884 in
3790 2820 4080 2886 Galliam
4137 2824 4405 2887 comites
4457 2823 4591 2888 dis-

2633 2927 2890 2973 cessum
2945 2905 3274 2988 parabam.
3380 2906 3523 2989 Ego
3587 2918 3808 2970 tamen
3874 2909 4302 2989 quantumvis
4357 2910 4590 2991 spatiis

2634 2991 2957 3058 disclusus
3014 2993 3276 3073 iniquis,
3345 3012 3476 3056 non
3533 2993 3716 3073 potui
3775 2993 3938 3073 quin
3995 2991 4078 3056 ad
4135 3004 4203 3058 te
4258 3013 4378 3075 per
4434 3015 4589 3059 eum

2632 3078 2938 3144 brevibus
2983 3076 3351 3144 scriberem.
3443 3076 3664 3157 Quum
3709 3081 3886 3143 enim
3941 3079 4251 3145 hesterno
4295 3079 4400 3145 die
4443 3080 4589 3165 ipse

2632 3163 2797 3229 mihi
2835 3163 3050 3230 obitae
3084 3164 3428 3248 legationis
3463 3164 3653 3229 initia
3687 3174 3947 3229 tantum
3982 3178 4333 3244 narrasset,
4372 3188 4589 3250 neque

2632 3257 3007 3334 superesset
3050 3256 3309 3333 tempus
3353 3248 3612 3333 legendi
3661 3271 3739 3314 ea
3790 3271 3956 3332 quae
4002 3273 4041 3316 a
4082 3249 4375 3316 Domino
4423 3253 4588 3319 Pla·-

2632 3336 2801 3418 lippo
2859 3335 3187 3413 attulerat,
3248 3337 3358 3402 vix
3417 3336 3619 3400 etiam
3678 3334 3989 3401 audiendi
4045 3357 4306 3402 summa
4359 3358 4586 3404 rerum

2630 3422 2862 3505 capita,
2910 3422 3092 3487 venit
3133 3422 3200 3485 in
3246 3427 3534 3485 mentem
3576 3421 3761 3499 mihi,
3812 3442 4017 3504 quum
4064 3422 4355 3488 viderem
4399 3444 4586 3492 meos

2628 3509 2897 3574 comites
2940 3507 3160 3572 itineri
3203 3508 3337 3572 iam
3373 3508 3714 3586 accinctos,
3759 3507 3996 3572 saltem
4027 3509 4221 3574 unico
4257 3508 4455 3575 verbo
4501 3510 4587 3577 ad

2629 3600 2698 3658 te
2740 3594 3022 3660 scribere
3067 3600 3134 3658 et
3176 3613 3406 3677 rogare
3450 3600 3544 3668 ut,
3603 3594 3658 3656 si
3703 3591 3786 3656 ad
3828 3593 3912 3658 D.
3964 3592 4279 3676 Gapnium
4320 3615 4400 3659 ea
4439 3616 4584 3662 om-

2629 3680 2743 3744 nia
2776 3681 3022 3759 mittaS,
3059 3678 3343 3762 aliquam
3393 3678 3665 3743 Ioannis
3702 3678 4049 3762 Buryundi
4086 3680 4208 3762 (ita
4242 3682 4417 3745 enim
4455 3703 4585 3763 me,

2629 3767 2687 3831 si
2743 3766 2955 3845 voles,
3014 3765 3083 3828 in
3128 3764 3342 3830 literis
3387 3764 3520 3829 tuis
3579 3765 3981 3844 nominabis)
4037 3767 4442 3832 mentionem
4489 3769 4587 3835 fa-

2630 3852 2783 3931 cias,
2842 3859 2919 3916 ut
2974 3870 3201 3915 eorum
3255 3870 3424 3933 quae
3483 3848 3565 3913 ad
3610 3872 3761 3915 eum
3806 3851 4030 3916 mittes
4076 3871 4196 3935 ego
4242 3861 4439 3935 atque
4482 3856 4586 3919 in-

2626 3937 2858 4020 primis
2924 3937 3118 4002 amici
3183 3936 3432 4019 aliquot
3487 3937 3694 4001 nostri
3760 3937 3959 4001 etiam
4023 3938 4372 4021 participes
4435 3941 4588 4005 fieri

2627 4024 2970 4106 possimus.
3061 4021 3384 4103 Quocirca
3435 4030 3511 4086 ut
3553 4030 3627 4087 tu
3674 4043 3777 4087 me
3821 4024 3955 4088 tuis
3997 4022 4207 4089 literis
4249 4044 4587 4091 commen-

2629 4109 2742 4174 des
2783 4111 2979 4174 etiam
3034 4118 3225 4190 atque
3280 4111 3474 4173 etiam
3534 4128 3710 4192 rog0.
3800 4108 4113 4174 Pluribus
4166 4108 4235 4174 id
4293 4132 4413 4196 ego
4467 4114 4587 4178 abs

2834 4347 2893 4411 2)
2931 4347 3021 4401 De
3064 4348 3368 4412 definiendo
3428 4353 3660 4414 tempore
3707 4350 3944 4414 scriptae
3988 4348 4154 4402 huius
4200 4350 4458 4418 epistolae
4506 4354 4588 4406 sic

2627 4418 2783 4471 habe.-
2823 4417 2892 4470 ln
2927 4418 3227 4471 Provincia
3263 4422 3374 4470 tres
3412 4419 3553 4483 payi
3595 4418 3773 4469 exusti
3819 4424 3948 4470 sunt
3993 4417 4045 4470 α’.
4083 4416 4164 4470 20.
4203 4420 4385 4487 April.
4425 4418 4582 4474 1545.

2634 4485 2837 4539 Caesar
2882 4484 3239 4539 Wormatiam
3276 4485 3492 4553 appulit
3526 4485 3578 4539 d.
3616 4482 3695 4536 16.
3724 4485 3874 4538 Maii
3907 4485 4010 4551 (N.
4048 4485 4154 4539 620
4187 4504 4242 4540 n.
4285 4488 4348 4540 11
4381 4528 4393 4541 .
4458 4489 4584 4543 Iam

2628 4569 2753 4607 vero
2789 4555 2991 4609 nuncio
3026 4554 3118 4608 illo
3166 4553 3232 4607 de
3279 4553 3491 4608 excidio
3538 4552 3910 4608 Waldensium
3958 4555 4276 4622 confirmato
4398 4558 4583 4612 loinus

2628 4624 2745 4676 sine
2779 4638 2932 4676 mora
2965 4624 3128 4677 nonis
3151 4622 3392 4675 Maiisle
3428 4623 3661 4704 atz‘oneyn
3698 4622 3776 4676 ad
3795 4626 4038 4677 civitates
4062 4627 4297 4693 suscepit
4335 4625 4426 4691 (N.
4447 4625 4579 4693 640)

2625 4698 2968 4842 35⁰⁹&ss
2987 4696 4194 4842 fflssffissdsseffamiss‘fffii}
4223 4692 4459 4833 nomm
4488 4764 4580 4820 m.-

2626 4844 2692 4881 ιω
2785 4845 3031 4883 rovmcta
3067 4828 3244 4883 relata
3278 4837 3490 4895 narrat,
3533 4835 3615 4883 sta
3650 4835 3851 4883 sonant
3883 4838 3944 4883 ut
3974 4846 4186 4898 primos
4219 4847 4463 4886 rumores
4495 4849 4580 4887 re·

2626 4913 2750 4952 cens
2781 4901 2998 4965 patrati
3027 4897 3301 4961 facinoris
3334 4897 3502 4962 dicas,
3548 4898 3789 4951 nondum
3826 4905 4003 4952 autem
4039 4900 4324 4953 consilium
4361 4907 4577 4969 captain

2626 4966 2693 5088 {e
2722 4966 2996 5088 ῙζἸιξύνῶυε
3029 4967 3414 5020 intercessione
3447 4966 3727 5020 iuvandis.
3803 4966 4116 5033 Beterivnus
4143 4983 4270 5037 erqo
4304 4969 4382 5024 ad
4403 4971 4577 5040 fine-s

2793 5052 2857 5089 ts.
4397 5050 4412 5059 ’

2651 5051 2791 5157 sspssr'l.
2829 5106 2886 5170 1)
2925 5103 3367 5173 Arqentoratum‚
3401 5103 3516 5157 nisi
3547 5106 3734 5158 omnia
3765 5119 3870 5158 nos
3903 5105 4122 5169 fallunt.

2835 5174 2897 5238 2)
2937 5171 3274 5236 Senareleus,
3331 5170 3697 5239 Wittenberya
3739 5173 3918 5227 redux
3964 5179 4018 5227 et
4059 5176 4250 5228 literas
4297 5174 4575 5231 Melanch·

2628 5241 2811 5295 tloonis
2843 5242 2897 5296 d.
2938 5239 3022 5297 17.
3054 5242 3236 5309 April.
3271 5240 3436 5296 datas
3466 5243 3723 5309 referens,
3768 5240 3836 5294 de
3868 5243 4065 5312 qubus
4098 5243 4189 5297 hie
4222 5247 4362 5299 satis
4394 5251 4579 5314 aperte

2630 5310 2849 5379 dicitur,
2878 5310 3111 5379 posthac
3143 5308 3222 5365 ad
3247 5308 3517 5378 Gapnium
3551 5310 3888 5366 remittendis
3921 5312 3993 5378 cf.
4031 5310 4110 5368 N.
4144 5311 4264 5366 600.
