4825 6175
200 446 231 505 7
238 445 271 506 3
1786 452 1948 514 1545
1990 448 2592 520 APUD-MAI.

196 636 256 695 te
318 630 778 698 contenderem
866 641 934 699 et
1015 635 1131 701 tibi
1212 657 1334 720 pro
1378 657 1662 703 -summa
1735 638 1853 704 illa
1928 639 2133 703 animi

194 717 423 800 pietate
498 724 693 800 atque
773 719 1214 801 humanitate,
1294 743 1491 807 quam
1565 726 1888 808 insignem
1965 724 2130 789 mihi

194 801 568 882 exhibuisti,
649 806 898 886 gratias
971 827 1264 892 agerem:
1344 829 1605 887 verum,
1687 818 1764 874 ut
1841 819 1913 874 tu
1991 811 2131 895 ipse

193 888 448 953 modum
511 892 1011 973 supervacaneis
1074 893 1375 960 laudibus
1439 902 1506 959 et
1574 894 1707 960 illis
1765 896 2132 979 gratiarum

194 974 550 1041 actionibus
594 978 1090 1060 praescripsisti,
1146 987 1365 1045 tecum
1409 982 1479 1045 in
1526 983 1898 1064 praesentia
1938 1002 2131 1065 agam

193 1060 382 1141 (quod
429 1083 559 1126 non
607 1071 865 1126 tantum
912 1064 1173 1130 iubebat
1216 1066 1322 1130 lex
1367 1066 1486 1130 illa
1528 1065 1969 1143 Atheniensis,
2017 1089 2131 1132 ve·

193 1166 327 1209 rum
371 1146 574 1211 etiam
617 1147 981 1214 christiana
1025 1149 1216 1216 hodie
1260 1152 1581 1234 admittit)
1624 1150 1761 1217 ἄνευ
1807 1155 2133 1239 προοιμιιῖν

191 1235 282 1293 καὶ
321 1237 551 1295 παθῶν
599 1233 832 1299 dicere.
923 1235 1183 1301 Novisti
1229 1258 1499 1303 arcanos
1554 1249 1813 1304 nostros
1860 1239 2133 1304 affectus

194 1325 373 1398 atque
427 1319 743 1385 interiora
802 1322 1104 1402 animi,⁸)
1173 1322 1493 1389 desiderio
1547 1333 1808 1390 vestrae
1863 1345 2133 1390 consue-

193 1402 426 1468 tudinis
472 1406 603 1470 iam
651 1407 916 1487 penitus
960 1408 1235 1497 accensi,
1283 1410 1581 1491 suspiria.
1672 1409 1866 1491 Quod
1910 1411 2132 1494 itaque

192 1487 382 1553 instat
432 1493 651 1572 potius
708 1494 1062 1574 perficiam.
1168 1496 1508 1575 Dominus,
1572 1518 1778 1580 spero,
1836 1497 2132 1580 ingratas

193 1574 523 1658 compedes
561 1577 939 1660 disrumpet.
1007 1579 1286 1644 Interim
1323 1582 1853 1647 commendamus
1891 1583 2133 1647 sanctis

191 1661 480 1742 precibus
515 1664 756 1730 vestris
793 1664 1225 1747 dispersiones
1259 1666 1543 1747 Israelis,
1590 1670 1938 1752 praecipue
1974 1688 2131 1733 vero

188 1745 439 1812 infirma
484 1749 759 1814 Domini
798 1751 1085 1828 vascula,
1129 1772 1371 1818 uxores
1408 1761 1679 1819 nostras.
1772 1753 1911 1817 Vix
1955 1755 2128 1817 enim

190 1831 474 1898 crederes
513 1855 705 1919 quam
735 1847 908 1902 totus
932 1839 1185 1903 saeviat
1219 1850 1284 1903 et
1319 1838 1650 1904 crudelius
1691 1840 1901 1923 magis
1936 1849 2132 1922 atque

189 1923 383 2006 magis
426 1921 734 2008 insurgat
778 1935 1002 1987 noster
1039 1924 1423 1990 Antiochus.
1441 1926 1497 2010 ⁴)
1586 1925 1931 1992 Publicata
1978 1933 2135 1990 sunt

194 2006 387 2074 edicto
432 2010 636 2073 etiam
684 2011 889 2093 ipsius
939 2009 1195 2092 publico
1240 2020 1421 2075 certa
1469 2010 1784 2093 quaedam
1825 2011 2133 2095 dogmata

192 2101 372 2178 atque
418 2095 680 2161 articuli
739 2096 1077 2160 doctorum
1122 2097 1612 2162 Lovanensium
1667 2097 1877 2162 multo
1920 2098 2131 2181 magis

193 2179 542 2263 blasphemi
600 2203 793 2264 quam
848 2181 946 2245 illi
1004 2180 1441 2264 Serbonici.⁵)
1541 2183 1868 2247 Misissem
1919 2182 2002 2248 ad
2046 2193 2129 2260 te,

192 2266 289 2330 sed
333 2288 466 2331 non
511 2266 642 2331 fuit
684 2269 891 2332 otium
939 2288 1049 2332 eos
1091 2267 1412 2344 vertendi,
1460 2288 1611 2331 nam
1648 2267 1966 2335 flandrica
2009 2269 2130 2332 lin-

189 2371 304 2434 gua
359 2353 591 2435 scripti
645 2360 816 2419 sunt.
912 2351 1242 2418 Dominus
1305 2352 1601 2420 Falesia-s·
1646 2355 1783 2419 heri
1844 2355 1973 2420 huc
2018 2377 2128 2418 ve-

187 2440 287 2502 nit.
305 2440 361 2514 8)
428 2439 633 2503 Illum
677 2441 1031 2504 convenire
1074 2446 1269 2523 atque
1304 2440 1544 2523 alloqui
1581 2439 1692 2505 vix
1736 2442 1937 2525 potui,
1985 2449 2128 2505 tum

188 2523 258 2588 ob
300 2523 680 2602 discessum,
729 2535 868 2589 tum
914 2525 1113 2589 etiam
1159 2526 1313 2607 quia
1354 2526 1428 2604 is,
1476 2532 1551 2590 ut
1572 2525 1737 2590 mihi
1781 2527 2129 2592 renuncia-

184 2615 311 2673 tum
353 2620 470 2689 est‚
525 2610 606 2676 de
649 2611 902 2676 itineris
936 2612 1235 2675 molestia
1267 2611 1480 2676 lassus
1517 2611 1715 2676 dubia
1752 2613 2128 2678 valetudine

186 2694 616 2762 decumbebat.
708 2696 933 2778 Quare
989 2717 1108 2780 ego
1164 2718 1284 2761 nos
1343 2699 1549 2782 ipSOS,
1618 2700 1904 2762 maxime
1971 2720 2125 2765 vero

184 2782 360 2846 etiam
403 2782 529 2847 illa
569 2775 935 2848 infirmiora
970 2782 1256 2862 vascula,
1302 2795 1374 2847 ut
1411 2783 1567 2863 dixi,
1614 2804 1701 2847 ex
1736 2784 1960 2850 animo
2005 2785 2124 2850 tibi

183 2867 571 2934 commendo.
638 2869 775 2934 Nos
820 2868 1018 2933 etiam
1064 2869 1324 2932 interim
1372 2869 1440 2932 in
1487 2870 1729 2934 nostris
1773 2871 2124 2954 gemitibus

183 2959 238 3016 et
285 2953 604 3038 lacrymis
660 2952 902 3033 (adhuc
962 2955 1136 3018 enim
1200 2957 1263 3018 iu
1333 2954 1464 3018 illis
1525 2955 1997 3038 acquiescimus
2056 2966 2125 3021 et

181 3035 320 3105 dum
377 3040 572 3107 nobis
614 3038 944 3105 Dominus
1000 3041 1196 3106 aliam
1252 3040 1761 3106 consolationem
1819 3041 2124 3109 ostendat

181 3125 251 3189 ad
304 3148 412 3192 eas
464 3127 900 3203 recurrimus)
968 3127 1258 3191 Domino
1312 3126 1913 3193 commendabimus
1970 3150 2120 3193 ves-

179 3217 340 3277 trum
383 3220 722 3280 certamen
768 3220 1200 3294 sanctumque
1241 3213 1702 3278 ministerium.
1768 3212 1894 3279 Ille
1939 3214 2121 3279 dabit

180 3296 335 3364 vires
379 3308 447 3364 et
489 3298 776 3364 sufficiet
833 3299 1087 3364 animos
1141 3318 1334 3380 pares
1389 3304 1615 3363 tantae
1670 3299 1863 3364 molis
1918 3301 2117 3382 operi.

180 3380 376 3449 Maior
434 3390 545 3450 est
602 3385 932 3450 Dominus
998 3405 1194 3467 quam
1258 3383 1373 3448 ille
1438 3384 1652 3450 hostis
1719 3386 2117 3451 communis:

180 3471 400 3548 maior,
458 3471 736 3553 inquam
756 3522 772 3547 ,
832 3477 932 3535 est
978 3469 1284 3535 Christus
1338 3472 1523 3535 cuius
1569 3471 1859 3554 auspicia
1903 3471 2118 3553 sequi-

181 3554 326 3619 mini
366 3568 435 3623 et
476 3557 827 3623 classicum
873 3558 1007 3621 iam
1043 3556 1166 3621 toti
1222 3556 1366 3621 orbi
1406 3556 1740 3621 intonatis.
1818 3557 2119 3622 Necdum

183 3644 266 3705 tot
304 3645 492 3709 annis
541 3642 772 3708 luctati
817 3643 975 3707 estis
1028 3649 1186 3723 quot
1228 3642 1603 3726 prophetae,
1650 3643 1759 3725 qui
1801 3642 1871 3708 in
1917 3643 2119 3709 simili

184 3743 363 3793 arena
424 3738 591 3796 sunt
646 3729 907 3795 versati.
1014 3727 1296 3793 Ventum
1353 3737 1454 3793 est
1516 3727 1599 3792 ad
1657 3749 1991 3795 summum
2054 3738 2122 3794 et

183 3832 313 3895 spes
352 3816 533 3883 bona
584 3815 766 3881 fovet
808 3835 945 3879 nos.
1034 3814 1179 3881 Iam
1238 3814 1415 3881 enim
1461 3812 1667 3880 Satan
1726 3822 1927 3897 atque
1979 3817 2120 3881 eius

182 3901 447 3965 ministri
490 3901 803 3966 exhausti
844 3900 1167 3965 malorum
1211 3900 1524 3965 videntur
1566 3920 1795 3964 omnes
1838 3901 2119 3967 nocendi

185 3993 340 4051 artes
380 3986 761 4053 adhibuisse
805 3995 1003 4069 atque
1039 3986 1236 4050 etiam
1282 3985 1666 4068 profudisse.
1754 3986 1918 4050 Fuit
1952 3987 2121 4051 Baal

184 4066 247 4133 in
283 4073 516 4155 populo
560 4072 925 4138 Israelitico
984 4071 1210 4136 multis
1253 4071 1446 4136 annis
1505 4080 1859 4154 antequam
1902 4072 2117 4136 insur-

186 4167 398 4236 gerent
438 4158 816 4242 prophetae.
905 4158 1039 4224 Ubi
1082 4179 1238 4223 vero
1282 4157 1683 4222 Hieroboam
1730 4157 1901 4224 hane
1946 4157 2119 4221 εἰδω-

188 4242 453 4321 λομανίαν
497 4245 667 4309 tueri
711 4245 953 4327 coepit,
1008 4252 1148 4308 tum
1206 4243 1392 4308 velut
1450 4244 1714 4326 agmine
1758 4244 1924 4308 facto
1970 4266 2119 4309 eru-

186 4338 405 4407 perunt
447 4329 806 4414 prophetae
850 4349 892 4394 a
935 4329 1077 4394 Deo
1124 4329 1319 4394 exciti
1337 4380 1351 4406 ,
1410 4340 1476 4393 et
1531 4329 1846 4412 paulatim
1905 4332 2120 4412 eoepit

189 4416 505 4483 concidere
559 4414 838 4491 idolum,
907 4413 1083 4498 quod
1129 4415 1197 4479 in
1264 4414 1505 4498 populo
1561 4413 1692 4479 Dei
1754 4416 2117 4500 principem

188 4495 381 4566 locum
423 4501 724 4569 habebat.
814 4501 1083 4567 Luctati
1126 4512 1284 4567 sunt
1326 4500 1683 4583 prophetae
1733 4501 1924 4567 annis
1968 4502 2120 4584 plus

190 4603 362 4664 quam
406 4588 783 4672 quingentis
832 4583 1151 4652 adversus
1205 4587 1329 4652 hoc
1372 4586 1637 4663 malum,
1694 4606 1814 4650 nec
1859 4596 2118 4651 tantum

371 4826 430 4893 3)
479 4826 671 4881 Utrum
722 4828 854 4881 haec
914 4826 1219 4895 siqnificent
1277 4824 1531 4893 Crispum
1604 4825 1848 4879 nondum
1906 4827 2121 4894 publice

191 4897 713 5020 ffiznqtfffflegsm.
675 4899 685 4909 '
755 4896 918 4962 fidem
967 4895 1183 4949 dedisse
1196 4934 1210 4961 ‚
1265 4911 1340 4948 an
1378 4896 1534 4949 aliud
1569 4896 1856 4964 quidpiam
1893 4896 2003 4948 eibi
2036 4912 2117 4948 ve-

191 5100 237 5148 h
280 5005 293 5029 ⁹
375 5030 432 5099 4)
471 5033 561 5115 De
609 5034 865 5087 Caesaris
909 5035 972 5087 in
1018 5031 1210 5100 Belqio
1256 5034 1487 5113 saevitia
1531 5034 1595 5085 in
1642 5031 1976 5111 evanqelicos
2018 5047 2117 5099 pa·

196 5105 347 5222 iffi
365 5099 2118 5295 ffifflfoffffissssssf'm3²⁴²„005‘232”522.2⁰52‘3.53¹,“35232231

374 5239 435 5305 ὃ)
474 5241 585 5322 Of..
660 5278 672 5291 .
711 5238 813 5293 729
846 5246 956 5295 not.
993 5239 1022 5292 1
1060 5244 1111 5293 et
1148 5237 1390 5294 Sleidan.
1426 5237 1513 5318 11:
1549 5236 1670 5291 372.

200 5306 584 5433 mesa·
599 5308 1039 5433 aasz.
1052 5306 1788 5443 resacrare?
1810 5304 2117 5441 ,gi-⁶2..

1132 5394 1169 5446 9

4102 454 4187 517 ‘14

2233 636 2652 720 profecerunt
2693 643 3014 719 quantum
3061 659 3174 703 vos
3218 636 3408 702 annis
3452 637 3709 722 viginti,
3754 637 3813 702 si
3855 658 3993 703 rem
4034 657 4187 720 pro-

2234 723 2382 805 pius
2427 722 2854 787 conferamus.
2945 721 3054 788 Ita
3094 720 3423 787 Dominus
3476 743 3595 806 per
3652 733 3944 789 vestram
4001 725 4186 789 infir-

2235 810 2532 874 mitatem
2578 815 2793 873 totum
2832 806 3055 872 orbem
3099 807 3412 891 paulatim
3458 809 3771 874 concutit:
3835 809 4009 874 ultro
4052 810 4186 875 iam

2235 902 2556 960 corruunt
2588 894 2849 957 moenia
2891 894 3191 959 inimicae
3231 894 3416 959 urbis
3457 894 3793 972 Hiericho,
3836 895 4012 959 ultro
4055 894 4187 962 dis-

2234 980 2465 1044 siliunt
2518 979 2751 1044 altaria
2793 978 3221 1058 Hieroboam,
3278 989 3506 1046 contra
3562 981 3773 1065 surgit
3829 1002 3992 1064 opus
4041 1001 4187 1046 ves-

2234 1074 2435 1130 trum.
2548 1067 2764 1147 Atque
2846 1064 3096 1129 utinam
3164 1086 3586 1149 cognosceres
3649 1073 3864 1131 totum
3927 1075 4188 1132 vestrae

2235 1152 2549 1216 sementis
2592 1153 2896 1230 fructum,
2938 1155 3050 1233 qui
3093 1151 3151 1217 si
3194 1170 3372 1216 nunc
3405 1152 3583 1230 latet,
3621 1159 3797 1218 certe
3831 1152 4003 1217 bona
4037 1172 4189 1236 spes

2236 1247 2354 1315 est,
2399 1236 2752 1319 aliquando
2794 1244 3095 1320 erumpet
3138 1259 3221 1302 ex
3265 1237 3402 1304 suis
3447 1238 3664 1304 sulcis.
3733 1237 3961 1319 Quare
4003 1238 4189 1303 lubet

2236 1324 2433 1387 etiam
2492 1322 2565 1386 in
2624 1321 2858 1387 mediis
2923 1323 3058 1388 iam
3123 1321 3501 1390 bacchantis
3559 1322 3791 1389 mundi
3853 1324 4186 1390 furoribus

2235 1416 2410 1473 certo
2455 1429 2737 1491 sperare,
2783 1407 2969 1474 brevi
2996 1408 3359 1475 Dominum
3381 1411 3599 1475 Deum
3641 1430 3817 1475 nova
3858 1409 4188 1475 facturum

2235 1496 2470 1558 omnia.
2560 1493 2645 1558 In
2703 1494 2937 1559 melius
2999 1496 3218 1560 omnia
3271 1494 3512 1561 referet
3576 1515 3855 1578 suosque
3921 1495 4184 1562 fovebit.

2233 1579 2487 1644 Verum
2549 1578 2702 1661 quid
2762 1579 2955 1646 audio
3009 1580 3092 1645 de
3148 1580 3488 1647 Martino?
3509 1583 3560 1659 ⁷)
3658 1579 3965 1654 Profecto
3983 1632 3997 1658 ,
4056 1581 4186 1646 nisi

2235 1665 2518 1730 adfuerit
2552 1664 2898 1745 Dominus,
2947 1687 3178 1732 vereor
3220 1687 3306 1730 ne
3350 1666 3461 1731 det
3502 1668 3733 1733 turbas
3777 1677 3850 1731 ut
3892 1665 4004 1731 ille
4047 1667 4185 1732 Da-

2237 1772 2379 1816 vus.
2447 1751 2722 1817 Utinam
2761 1801 2773 1814 .
2816 1801 2831 1815 .
2869 1800 2886 1816 .
2928 1802 2941 1818 .
2988 1752 3105 1818 sed
3149 1750 3375 1818 desino
3417 1751 3614 1835 plura
3651 1753 3950 1819 scribere.
4014 1750 4185 1817 Sum

2236 1838 2413 1901 enim
2467 1837 2723 1922 longior
2776 1842 2843 1902 et
2890 1838 2960 1902 in
3014 1837 3275 1922 publica
3328 1837 3665 1903 commoda
3715 1859 3910 1923 pecco
3953 1839 4067 1922 qui
4120 1846 4185 1904 te

2238 1922 2516 1988 detineo.
2606 1923 2829 1987 Etiam
2879 1945 2998 2007 ego
3056 1925 3433 1989 institutum
3474 1926 3604 1990 iter
3642 1945 3718 1989 ac
3760 1922 4040 1989 reditum
4083 1924 4185 1988 in-

2236 2015 2415 2073 terea
2460 2030 2772 2075 remoror.
2860 2010 3044 2075 Bene
3098 2008 3245 2075 vale
3299 2011 3549 2092 itaque,
3608 2010 3709 2076 vir
3759 2009 4184 2092 praestantis·-

2235 2094 2418 2172 sime,
2465 2103 2530 2159 et
2574 2096 2815 2161 amieos
2860 2115 3088 2161 omnes
3131 2116 3277 2160 meo
3321 2097 3590 2161 nomine
3634 2095 3874 2174 saluta,
3932 2094 4183 2178 praeci-

2234 2201 2364 2264 pue
2411 2180 2753 2248 Nicolaum
2794 2183 3216 2265 cognatumss)
3261 2203 3411 2247 cum
3454 2190 3597 2246 tota
3633 2180 3901 2260 familia,
3948 2180 4184 2245 Henri-

2232 2286 2375 2331 cum
2416 2266 2603 2332 illum
2649 2276 2948 2332 nostrum
3004 2288 3154 2332 cum
3200 2288 3439 2347 uxore,
3493 2268 3813 2333 Dominos
3849 2265 4182 2345 Davidem,

2235 2351 2315 2416 de
2353 2352 2579 2419 Sancto
2613 2353 2890 2432 Andrea,
2938 2351 3352 2436 Maydonade,
3392 2352 3756 2419 Des-saache
3801 2361 3998 2436 atque
4032 2351 4183 2418 illos

2233 2436 2397 2504 duos
2442 2439 2695 2504 itineris
2738 2439 3131 2504 Parisiensis
3179 2441 3465 2505 comites.

2787 2575 2972 2641 'I'uus
3017 2597 3098 2640 ex
3134 2575 3353 2641 animo
3398 2574 3683 2641 Ioannes
3725 2574 4016 2660 Crispus.
4040 2578 4097 2658 ⁹)

3128 3071 3286 3143 638.

2755 3209 3229 3277 OALVINUS
3275 3208 3648 3276 VIRE'PO.

2398 3380 2584 3447 Duos
2620 3381 2856 3464 fratres
2897 3382 3294 3458 commendat,
3349 3381 3645 3461 αῑίενωη,
3687 3386 3758 3445 ut
3798 3381 4064 3461 videtur,
4107 3381 4180 3445 in

2222 3488 2375 3551 aqro
2435 3467 2712 3534 Vadensi
2765 3468 3113 3533 ministerio
3168 3469 3572 3533 ecclesiastico
3610 3468 3992 3549 functurum,
4035 3466 4180 3532 alto-

2221 3574 2368 3619 rum
2408 3554 2522 3635 qui
2563 3553 2797 3618 relictis
2851 3554 3184 3619 sacerdotii
3239 3553 3511 3619 lautitiis
3567 3573 3767 3634 nuper
3824 3553 3911 3619 ad
3952 3557 4167 3620 castra

2210 3641 2474 3722 piorum
2507 3640 2866 3705 transierat.

2226 3813 2339 3878 (Ex
2373 3810 2711 3880 autographo
2759 3809 2891 3865 Ood.
2940 3810 3144 3865 Gener.
3193 3809 3335 3864 107³,
3381 3810 3473 3864 fol.
3522 3808 3643 3863 298.
3715 3810 3953 3863 Exstant
3999 3824 4196 3863 exem--

2222 3881 2399 3951 plaria
2435 3880 2721 3932 Ionvillaei
2767 3878 2900 3933 ood.
2951 3879 3092 3932 1112,
3152 3879 3243 3933 fol.
3292 3877 3360 3931 37
3377 3920 3390 3944 ‚
3439 3878 3716 3932 Turretini
3763 3877 3890 3932 God.
3933 3876 4052 3944 los,
4085 3877 4178 3931 fol.

2425 3946 2538 4014 184,
2576 3949 2855 4002 Bel-nense
2893 3949 3033 4018 Epp.
3072 3947 3201 4002 VII.
3237 3965 3293 4017 p.
3330 3946 3416 4013 43,
3456 3947 3672 4001 Simleri
3707 3946 3834 4001 Vol.
3870 3944 3984 4011 57.)

2224 4104 2492 4170 Eximio
2547 4101 2800 4168 Christi
2851 4103 3125 4167 Domini
3173 4102 3380 4167 nostri
3437 4122 3627 4167 servo
3683 4101 3884 4167 Petro
3944 4101 4177 4165 Vireto

2223 4190 2720 4257 Lausannensis
2779 4188 3088 4255 ecclesiae
3108 4275 3121 4288 ·
3143 4189 3388 4285 pastori
3441 4188 3628 4253 fratri
3687 4194 3754 4251 et
3810 4187 4018 4252 amico
4073 4206 4178 4251 ca-

3069 4295 3343 4339 rissimo.
4149 4344 4160 4371 Ἰ

2398 4392 2469 4461 Β.
2533 4394 2736 4459 Hunc
2777 4395 3048 4458 fratrem
3103 4394 3360 4478 publice
3417 4392 3604 4461 vobis
3644 4392 4174 4459 commendamus

2432 4547 2464 4601 7
2529 4545 2815 4603 Lachero?

2432 4552 2491 4683 δὲ
2526 4618 2705 4685 ipsius
2753 4632 2829 4669 an
2881 4612 3137 4670 Caluini?
3225 4614 3533 4668 θαῑῑαείαηι
3579 4615 3972 4671 crediderimus
4013 4612 4178 4666 innui

2224 4688 2339 4741 nisi
2382 4686 2472 4741 hic
2513 4687 2753 4752 fortasse
2797 4688 2858 4738 in
2901 4687 3090 4739 ultimo
3137 4683 3381 4750 nomine,
3428 4682 3700 4737 evidenter
3745 4699 3912 4737 carru
3951 4687 4031 4747 io,
4079 4680 4174 4747 (de

2230 4754 2451 4820 Saules)
2496 4755 2677 4809 lateat.
2767 4753 2960 4807 Etiam
3004 4754 3067 4806 in
3115 4751 3442 4806 Maldonato
3484 4759 3780 4819 peccatum.
3925 4750 3975 4804 ie
4019 4756 4078 4803 ut
4116 4748 4173 4805 S.

2222 4824 2483 4879 Andreas
2515 4830 2567 4877 et
2601 4822 2798 4877 David
2833 4821 3130 4875 Busanton
3164 4820 3339 4889 Belga
3367 4820 3495 4887 fuit.

2430 4891 2491 4958 9)
2529 4894 2708 4945 Auctor
2744 4891 3000 4960 epistolae
3034 4892 3150 4958 ipse
3187 4889 3359 4959 Belya
3398 4888 3576 4955 fuisse
3610 4888 3824 4943 videtur
3840 4926 3853 4951 ,
3895 4886 4009 4940 iam
4045 4886 4172 4940 olim

2228 4960 2478 5015 Genevae
2529 4960 2751 5015 Calvini
2785 4958 3176 5027 faem‘liaritate
3220 4973 3369 5014 aeus,
3451 4957 3740 5012 Fortassis
3785 4956 3928 5009 idem
3975 4971 4041 5011 ac
4087 4954 4170 5010 10.

2229 5027 2521 5096 Crispinus
2557 5031 2794 5084 Atrebas
2807 5070 2821 5097 ,
2867 5030 2964 5097 qui
2996 5027 3246 5082 Lovanii
3287 5033 3337 5081 et
3383 5026 3623 5081 Parisiis
3667 5023 3866 5079 studiis
3916 5023 4177 5079 iuridicis

2223 5100 2547 5153 incubuerat
2598 5098 2870 5153 Balduini
2905 5099 3128 5161 amicus,
3203 5099 3262 5149 ui
3334 5097 3501 5150 assim
3538 5097 3598 5149 in
3634 5095 3751 5148 suis
3784 5110 3904 5176 epp.
3938 5099 3989 5147 et
4023 5092 4171 5147 Bur-

2221 5168 2396 5236 qtmdi
2431 5173 2481 5221 et
2520 5138 2768 5235 &ri-spioni
2812 5166 3067 5219 meminit.
3235 5180 3265 5217 ο
3350 5165 3429 5219 ad
3463 5170 3671 5231 tempus
3705 5177 3816 5216 scri
3856 5169 3943 5217 tae
3977 5178 4057 5230 ep.
4092 5168 4173 5217 ai-

2222 5239 2358 5291 tinet
2390 5243 2504 5290 tum
2550 5251 2616 5290 ex
2661 5235 2926 5290 mentione
2974 5233 3150 5287 articu
3205 5250 3327 5287 rum
3367 5232 3770 5287 Levanensium
3808 5179 4175 5295 definiendum

2221 5311 2301 5359 est
2334 5321 2471 5372 quos
2501 5303 2705 5358 Caesar
2736 5305 2921 5372 pridie
2956 5301 3044 5355 Id.
3068 5301 3242 5355 Mart.
3279 5298 3417 5354 1545
3451 5301 3656 5367 sanxit,
3691 5306 3802 5354 tum
3837 5300 4073 5355 maoeime
4105 5315 4172 5353 ea·

2220 5373 2403 5428 reditu
2431 5373 2708 5427 Senarclei
2741 5388 2860 5428 cum
2895 5371 3067 5425 literis
3104 5369 3542 5425 Melanehtlioais
3578 5375 3630 5424 et
3662 5368 3902 5424 adventu
3937 5368 4169 5424 Falesia·-
