4825 6175
173 409 274 474 221

316 590 694 658 Clarissimo
760 591 908 658 viro
969 591 1055 657 D.
1125 591 1367 658 Ioanni
1437 590 1723 660 Oalvino
1786 593 2097 661 ecclesiae

169 677 552 747 Genevensis
593 677 842 762 pastori
875 677 1386 763 vigilantissimo
1421 677 1616 745 fratri
1658 686 1729 745 et
1769 700 2097 767 symmys-

165 776 259 833 tae
287 783 478 849 quam
521 763 863 831 carissimo

1505 851 1836 918 Genevae.

314 965 381 1033 S.
471 965 725 1052 Scripsi
769 966 854 1035 ad
886 975 955 1034 te
983 972 1033 1047 ι)
1079 968 1161 1034 de
1194 989 1345 1035 mea
1376 970 1776 1054 profectione
1817 990 1941 1053 per
1979 968 2098 1037 Ga-

159 1054 347 1122 rozam
389 1074 429 1117 a
513 1074 598 1119 uo
654 1054 778 1120 tibi
834 1055 1059 1122 literas
1102 1053 1395 1122 redditas
1438 1055 1739 1122 arbitror.
1828 1056 2099 1122 Literae

157 1138 379 1207 Bucari
543 1138 1029 1207 Neocomenses
1042 1191 1060 1222 ,
1116 1161 1394 1224 quarum
1437 1141 1716 1207 latinum
1762 1163 1953 1208 exem
1999 1140 2101 1208 lar

154 1225 228 1292 ad
268 1234 332 1290 te
372 1224 543 1304 misi,
588 1224 883 1291 nondum
930 1225 1228 1293 redditae
1270 1234 1443 1294 sunt.
1531 1227 1706 1292 Nam
1745 1228 1840 1293 Io.
1967 1249 2100 1294 zra-

25 1352 26 1391 3
154 1311 287 1377 bilis
301 1314 358 1386 2)
401 1331 539 1376 non
570 1311 877 1394 probavit
902 1310 1174 1378 Saltem-i
1216 1313 1561 1378 consilium
1603 1310 1684 1378 de
1728 1311 2096 1380 reddendis.

25 1394 28 1481 j
153 1399 243 1462 Tu
305 1394 515 1480 igitur
578 1398 792 1464 scribe
857 1397 1014 1480 quid
1078 1399 1341 1465 sentiae.
1429 1398 1603 1464 Nam
1663 1421 1802 1464 non
1869 1398 2098 1466 dubito

153 1482 463 1549 Farellum
519 1491 587 1547 et
641 1483 877 1549 fratres
942 1483 1230 1568 reliquos
1297 1485 1586 1549 maxima
1639 1505 1726 1550 ex
1782 1493 1971 1569 parte
2023 1486 2098 1550 in

25 1556 28 1621 ῗ
150 1575 429 1634 nostram
473 1567 815 1652 utriusque
859 1570 1256 1635 sententiam
1300 1569 1745 1651 descensuros,
1806 1571 2097 1637 maxime

27 1696 28 1699 =
150 1662 358 1720 autem
400 1653 473 1718 in
518 1662 719 1720 tuam.
809 1654 982 1721 Vide
1025 1655 1232 1739 igitur
1273 1662 1348 1722 ut
1385 1655 1631 1723 scribas
1673 1676 1871 1739 quam
1915 1663 2098 1740 pote-

145 1741 227 1805 ris
268 1739 618 1824 ocyssime.
708 1740 856 1840 Ego
900 1762 941 1806 a
982 1742 1202 1824 prima
1254 1748 1374 1807 tua
1430 1742 1763 1808 sententia
1805 1763 1937 1808 non
1980 1740 2098 1807 ab·

145 1826 403 1925 horreo3
480 1823 676 1906 Quod
719 1847 779 1892 s1
820 1834 1016 1910 putas
1067 1834 1294 1894 nostra
1336 1829 1580 1928 scripta
1636 1848 1772 1928 non
1807 1828 2099 1928 multum

142 1909 479 2062 aaa.
490 1908 1020 2081 hssffifflffi
1048 1911 2102 2082 &semmurum

25 2084 28 2171 J
145 2081 402 2149 accedat
457 2083 887 2167 magistratus
951 2085 1228 2151 alicuius
1295 2085 1616 2151 autoritas
1629 2136 1648 2165 ,
1704 2085 2096 2169 praesertim

25 2214 28 2251 ξ
141 2188 335 2252 quum
369 2168 521 2234 eius
564 2189 805 2235 nomen
838 2191 977 2236 non
1011 2191 1221 2254 usque
1256 2168 1418 2237 adeo
1453 2168 1627 2255 apud
1671 2192 1899 2238 omnes
1934 2170 2101 2237 bene

25 2262 28 2263 ’
142 2253 372 2319 audiat.
467 2254 854 2321 Praestaret
894 2276 1054 2408 erg
1097 2257 1268 2322 nihil
1310 2264 1569 2322 tentare
1584 2308 1600 2335 ,
1643 2278 1791 2323 meo
1835 2256 2099 2341 quidem

139 2339 370 2405 iudicio
387 2391 406 2419 ,
466 2361 668 2424 quam
711 2340 878 2406 nihil
933 2364 969 2408 e
1047 2362 1193 2407 cere
1256 2344 1505 2407 frustra
1561 2341 1895 2409 tentando.
1998 2343 2101 2408 'ru

139 2447 214 2491 ex
256 2426 547 2491 lectione
591 2426 906 2510 epistolae
948 2428 1145 2493 facies
1188 2427 1522 2494 iudicium.

296 2512 517 2579 Porro
560 2511 733 2595 quod
769 2511 853 2576 ad
886 2512 1419 2598 ludimagistrum
1454 2512 1708 2593 attinet,
1753 2520 2101 2597 postquam

138 2596 312 2662 nulla
355 2618 517 2681 spes
562 2606 666 2664 est
708 2599 790 2664 de
815 2597 1105 2679 Deotheo,
1148 2601 1426 2666 fortasse
1468 2598 1789 2665 Erasmus
1806 2599 1866 2683 ⁸)
1910 2598 2098 2664 vobis

136 2679 267 2747 dari
302 2684 578 2766 poterit.
666 2684 731 2749 N
732 2704 839 2749 am
882 2685 1195 2751 Neocomi
1239 2685 1425 2751 nulla
1482 2685 1626 2750 eius
1670 2685 1952 2751 habetur
1993 2704 2100 2749 ra-

136 2769 234 2833 u'o.
323 2768 655 2836 Consului
698 2780 793 2849 ut,
837 2771 968 2835 nisi
1010 2772 1068 2836 ei
1114 2773 1514 2837 constituant
1556 2769 1641 2835 ad
1679 2770 1855 2836 diem
1904 2792 2099 2855 quem

133 2853 2099 3027 &dpfflffissfiiriffimcssssfflffffi‘atnnssffssssnffi

25 3014 28 3035 ''
132 3032 254 3092 tres
301 3032 383 3092 ut
430 3034 555 3092 aut
574 3026 763 3093 brevi
786 3026 870 3092 ad
914 3048 1036 3095 nos
1078 3029 1365 3110 mittant,
1407 3034 1521 3095 aut
1541 3029 1706 3096 certi
1748 3026 1994 3113 aliquid
2019 3026 2098 3094 de

129 3131 198 3176 eo
241 3111 684 3178 statuendum
742 3123 993 3179 curent.
1096 3115 1287 3182 Uxor
1343 3125 1411 3181 te
1468 3124 1535 3180 et
1594 3122 1776 3180 tuam
1822 3136 2096 3181 uxorem

127 3197 497 3279 plurimum
542 3198 816 3278 salutat,
872 3207 939 3265 et
991 3220 1063 3267 se
1117 3202 1358 3267 vestris
1402 3201 1708 3284 precibus
1751 3223 1836 3267 ex
1880 3201 2100 3266 animo

128 3284 571 3350 commendat.
661 3284 838 3350 Nam
881 3285 1071 3352 valde
1114 3287 1545 3371 periclitatur,
1564 3290 1625 3364 ⁴)
1685 3287 1815 3352 nisi
1858 3287 1919 3351 ei
1963 3286 2098 3351 Do-

129 3371 344 3437 minus
383 3369 584 3436 adsit.
645 3369 863 3436 Valde
896 3380 1119 3438 metuo
1154 3394 1239 3438 ne
1276 3375 1349 3438 in
1385 3374 1703 3449 hecticen,
1740 3381 1855 3437 aut
1874 3371 2098 3455 phthi-

130 3454 280 3534 sim,
344 3463 475 3521 aut
519 3454 885 3541 hydropem
931 3458 1195 3525 tandem
1240 3458 1519 3540 incidat,
1584 3480 1624 3524 a
1668 3457 1904 3542 quibus
1963 3479 2099 3523 non

131 3538 391 3606 videtur
437 3541 733 3607 multum
778 3544 1024 3624 abesse,
1069 3545 1199 3610 nisi
1242 3543 1572 3611 Dominus
1628 3544 1690 3609 ei
1749 3544 1839 3609 sit
1880 3543 2098 3627 propi-

127 3626 268 3692 tius.
363 3626 600 3709 Quam
655 3649 888 3694 vereor
941 3653 1026 3696 ne
1087 3631 1315 3696 Textor
1369 3631 1566 3696 nimis
1630 3651 1836 3696 verax
1900 3630 2102 3695 fuerit

128 3719 529 3797 prognostes
595 3716 895 3798 quamvis
949 3715 1031 3780 de
1097 3726 1410 3800 conceptu
1474 3714 1774 3781 nondum
1838 3716 2100 3798 penitus

129 3796 592 3882 desperaverit
634 3820 823 3866 uxor.
913 3799 1049 3866 Sed
1089 3803 1288 3866 timeo
1331 3823 1417 3867 ne
1460 3823 1609 3885 spes
1651 3801 1767 3866 illa
1809 3822 1957 3867 eam
1999 3803 2100 3866 ni-

128 3884 328 3949 mium
375 3884 718 3951 fefellerit.
807 3886 980 3951 Nam
1035 3888 1243 3954 instat
1285 3910 1499 3953 nonus
1559 3888 1805 3953 mensis
1849 3896 1917 3952 et
1960 3888 2101 3953 eius

127 3977 350 4036 uterus
397 3970 583 4035 mihi
625 3969 888 4038 videtur
922 3972 1343 4039 detumuisse.
1430 3972 1764 4039 Dominus
1799 3974 1941 4039 eius
1975 3974 2099 4038 mi·

129 4065 459 4136 screatur,
522 4065 591 4122 et
641 4057 842 4122 totius
897 4057 1212 4130 familiae.
1270 4068 1338 4124 et
1389 4081 1535 4125 eam
1588 4060 1756 4123 mihi
1797 4060 2103 4124 restituat

126 4147 186 4204 et
229 4150 517 4208 tueatur
573 4142 986 4209 incolumem.
1087 4144 1322 4210 Saluta
1378 4147 1652 4224 amicos,
1711 4146 2099 4228 pracsertim

128 4226 397 4294 vicinos.
499 4228 689 4294 Vale.
780 4229 1175 4296 Lausannae
1222 4236 1321 4296 28.
1368 4232 1689 4297 Novemb.
1745 4236 1926 4296 1545.

1216 4367 1399 4434 Tuus
1436 4368 1513 4433 P.
1563 4367 1840 4433 Viretus.

145 4583 284 4641 732.
323 4585 387 4654 1)
418 4586 854 4656 praecedentem.

326 4656 391 4724 2)
435 4656 528 4721 Cf.
570 4656 645 4709 N.
681 4654 785 4708 302
821 4661 872 4710 et
908 4655 1242 4724 Kirchhoter
1278 4658 1327 4712 1.
1358 4675 1418 4728 p.
1456 4658 1574 4712 1:26.

330 4724 394 4793 3)
438 4724 526 4780 N.
574 4723 678 4777 713
750 4731 862 4778 not.
909 4724 958 4778 6.
1047 4727 1213 4782 Anno
1258 4735 1509 4798 sequente
1559 4726 1831 4782 Genevam
1878 4732 2104 4783 vocatus

129 4790 204 4844 an·
231 4808 304 4847 m.
340 4794 540 4862 April.
577 4768 715 4848 1556
748 4800 995 4848 mov-tuus
1030 4802 1107 4849 est
1141 4795 1371 4862 (Be'tant
1398 4815 1456 4866 p.
1495 4795 1604 4865 17).

326 4860 393 4930 4)
441 4861 608 4930 Quae
641 4861 893 4931 deinceps
933 4871 1200 4932 perpetua
1244 4868 1362 4920 eius
1406 4868 1625 4936 querela
1670 4867 1775 4919 erit
1822 4879 1890 4918 us
1926 4879 1993 4918 uc
2026 4864 2105 4918 ad

131 4931 328 4985 obitum
367 4932 654 5000 coniuqi-s,
692 4947 832 5000 quae
866 4947 923 4985 se
952 4934 1250 5002 gravidam
1286 4951 1399 4989 non
1434 4941 1711 5003 aegrotam
1747 4934 1902 4988 erede
1999 4974 2010 4986 .

901 5191 1310 5203 m—

1839 409 2009 472 1545
2053 403 2472 475 NOVEMB.

3982 440 3999 473 ι
4029 416 4155 480 222

3105 596 3259 671 788.

2286 729 2761 800 OALVINUS
2805 732 3301 905 mssffss
3334 734 3715 804 FRISIAE
3761 736 4085 806 ORIEN-

2377 1003 2723 1090 Nunoupat
2788 1008 2924 1076 illis
2995 1009 3453 1079 catechismum
3517 1032 3709 1078 suum
3749 1014 4160 1097 posteriorem

2201 1088 2398 1156 latine
2437 1111 2707 1158 versum.

2203 1259 2512 1382 §Epistolae
2557 1268 2983 1391 ”ufmffitm'iffe
3020 1271 3356 1354 ‘exemplar-u
3386 1270 3551 1325 datae
3594 1270 3646 1326 4.
3692 1270 3807 1326 Oal.
3854 1272 3982 1327 Dec.
4018 1258 4179 1328 1545'

2241 1345 2787 1468 maffia.
2800 1339 4006 1477 ”ameafflmtaaewfflsssa
4031 1360 4086 1414 ¹²·
4121 1340 4159 1396 ⁶

3118 1907 3270 1979 734.

2671 2061 3199 2141 ZERKINTES
3245 2058 3683 2128 OALVINO.

2380 2234 2636 2304 eazvim·
2671 2214 2938 2321 framm
2992 2233 3269 2301 lubenter
3320 2232 3570 2315 excepit,
3625 2231 3934 2301 {abeam
3971 2236 4161 2301 etiam

2201 2322 2479 2390 eiusdem
2532 2325 2769 2389 literae.
2862 2320 3234 2403 Propediem
3284 2319 3496 2404 ipsum
3548 2320 3775 2386 inviset
3827 2322 3905 2388 de
3958 2321 4161 2390 libello

2202 2410 2477 2492 quodam
2516 2430 2633 2476 suo
2673 2408 2984 2475 iudicium
3024 2407 3162 2473 eius
3203 2407 3653 2473 sciscitaturus,

2491 2578 2602 2649 unx
2637 2540 2973 2648 ...agapio
3009 2576 3142 2631 eod.
3178 2576 3385 2632 θεων.
3426 2575 3541 2643 114,
3576 2578 3668 2632 fol.
3705 2575 3853 2646 126.)

2375 2749 2698 2817 Doctrina
2750 2757 2817 2816 et
2880 2750 3126 2834 pietate
3178 2749 3541 2816 clarissimo
3592 2751 3740 2816 viro
3792 2751 3877 2816 D.
3924 2750 4161 2817 Ioanni

2202 2835 2780 2988 goffiahindisssffigisfi
2823 2837 3128 2902 ministro
3174 2835 3492 2903 Genevae
3537 2836 3799 2903 domino
3842 2843 3911 2903 et
3953 2838 4162 2905 amico

2487 3058 2801 3127 Nicolaus
2842 3057 3227 3126 Zerchintes
3266 3057 3362 3124 Io.
3409 3057 3545 3129 Gal.
3596 3058 3668 3128 S.
3711 3080 3774 3144 p.
3819 3059 3880 3127 d.

2375 3178 2774 3265 Quanquam
2817 3179 3383 3247 commendatione
3442 3190 3557 3248 tua
3610 3202 3741 3247 non
3798 3202 3964 3265 opus
4022 3194 4167 3250 erat

2203 3267 2413 3346 fratri,
2458 3266 2593 3332 solo
2634 3266 2868 3418 ¹⁴gentis
2922 3275 3075 3332 tuae
3120 3255 3393 3332 nomine
3427 3267 3621 3353 longe
3663 3268 4166 3337 commendatis-

2204 3353 2402 3431 simo,
2457 3374 2591 3418 non
2661 3355 2761 3419 uit
2814 3361 3038 3418 tamen
3082 3352 3374 3437 ingrata,
3434 3354 3589 3436 quia
3637 3354 3863 3422 literas
3915 3355 4038 3421 tibi
4082 3356 4169 3422 ad

2204 3460 2311 3504 me
2354 3440 2660 3511 extorsit.
2718 3460 2881 3523 quas
2925 3438 3301 3505 avidissime
3344 3459 3604 3524 semper
3646 3449 3968 3525 exspecto.
4056 3443 4164 3509 De

2204 3544 2404 3591 causa
2445 3524 2609 3608 ipsa,
2651 3533 3000 3609 postquam
3044 3524 3311 3591 sabbato
3357 3535 3424 3591 te
3480 3547 3879 3606 convenero‚
3940 3547 4164 3594 coram

2205 3631 2496 3695 agemus.
2587 3611 2817 3695 Neque
2859 3611 3037 3676 enim
3091 3632 3314 3677 meum
3359 3609 3444 3676 ad
3500 3621 3566 3677 te
3610 3612 3972 3679 adventum
4016 3614 4161 3680 diu-

2205 3697 2336 3762 tius
2395 3695 2711 3762 differam.
2821 3697 2926 3762 Ne
2989 3696 3388 3780 suspendam
3455 3698 3773 3765 iudicium
3828 3709 4017 3765 tuum
4077 3699 4163 3765 de

2206 3802 2352 3847 meo
2395 3781 2617 3849 libello
2633 3834 2650 3862 ,
2710 3784 2823 3866 qui
2865 3783 2922 3847 si
2966 3781 3302 3865 displicuit
3357 3783 3475 3849 tibi
3491 3836 3508 3863 ,
3567 3793 3637 3849 et
3685 3784 3852 3850 mihi
3905 3806 4161 3869 quoque

2163 3939 2172 3949 ‚
2204 3869 2468 3950 penitus
2512 3868 2893 3952 displicebit,
2937 3869 3045 3934 cui
3073 3869 3364 3952 alioquin
3408 3870 3534 3937 ioci
3558 3890 3714 3953 prae
3758 3871 3946 3937 seriis
3989 3893 4161 3936 sem-

2205 3974 2323 4036 per
2378 3954 2687 4020 arrident.
2789 3954 2994 4034 Vale,
3050 3952 3424 4022 doctissime
3472 3955 3757 4035 Calvam,
3814 3965 3880 4021 et
3937 3977 4045 4021 me
4087 3969 4161 4022 ut

2205 4038 2375 4105 soles
2421 4061 2586 4106 ama.
2674 4039 3057 4105 Novioduni
3098 4042 3340 4125 raptim
3386 4046 3441 4106 2.
3487 4042 3836 4108 Decembr.
3887 4046 4069 4110 1545.

2994 4335 3389 4342 Ἠ...-

3109 4553 3260 4624 735.

2738 4690 3212 4760 GALVJNUS
3258 4688 3633 4757 VIRE'I'O.

2380 4861 2703 4928 Iudicium
2760 4862 2835 4927 de
2888 4862 3090 4929 literis
3147 4862 3387 4928 Buceri
3422 4873 3623 4927 *suum
3641 4912 3656 4940 ,
3713 4861 4163 4943 consiliumque

2199 4949 2446 5030 profert
2484 4949 2562 5014 de
2603 4949 2781 5014 modo
2824 4950 2894 5013 in
2933 4949 3223 5030 futurum
3258 4948 3629 5029 procedendi
3674 4949 3742 5011 in
3784 4949 4017 5031 neqotio
4058 4948 4162 5013 bo-

2209 5055 2433 5099 norum
2480 5034 3004 5100 Neocomensium.
3093 5035 3639 5116 Monspinsonium
3684 5034 4081 5099 commendat.

2210 5190 2322 5256 (Ex
2359 5187 2697 5258 autographo
2733 5188 2863 5242 Cod.
2903 5189 3104 5242 Gener.
3143 5187 3269 5252 106,
3318 5187 3406 5240 fol.
3447 5185 3562 5239 148.
3640 5187 3900 5258 Reperies
3936 5205 4161 5310 aipoffi-

2211 5259 2357 5327 phon
2394 5259 2677 5311 Ionvillaei
2713 5259 2786 5310 ib.
2831 5257 2959 5311 Cod.
3000 5257 3138 5310 1112,
3187 5256 3280 5310 sol.
3314 5255 3384 5308 30
3420 5273 3498 5324 v.‚
3550 5256 3819 5311 Turretini
3867 5260 3941 5312 Co

2298 5327 2390 5380 fol.
2429 5325 2545 5392 128,
2584 5329 2862 5380 Ber-nense
2898 5327 3037 5396 Epp.
3074 5325 3203 5380 VII.
3238 5341 3292 5394 p.
3332 5323 3435 5376 734
3470 5334 3523 5378 et
3558 5326 3773 5380 Simleri
3812 5327 3932 5382 Vol.
3970 5325 4081 5388 58.)
