<?xml version="1.0" encoding="UTF-8"?>
<!DOCTYPE html PUBLIC "-//W3C//DTD XHTML 1.0 Transitional//EN"
    "http://www.w3.org/TR/xhtml1/DTD/xhtml1-transitional.dtd">
<html xmlns="http://www.w3.org/1999/xhtml" xml:lang="en" lang="en">
 <head>
  <title>
</title>
<meta http-equiv="Content-Type" content="text/html;charset=utf-8" />
  <meta name='ocr-system' content='tesseract 3.04.00' />
  <meta name='ocr-capabilities' content='ocr_page ocr_carea ocr_par ocr_line ocrx_word'/>
</head>
<body>
  <div class='ocr_page' id='page_1' title='image "./ioanniscalvinio10unkngoog_0125.png"; bbox 0 0 4825 6175; ppageno 0'>
   <div class='ocr_carea' id='block_1_1' title="bbox 183 425 290 488">
    <p class='ocr_par' dir='ltr' id='par_1_1' title="bbox 183 425 290 488">
     <span class='ocr_line' id='line_1_1' title="bbox 183 425 290 488; baseline -0.037 0"><span class='ocrx_word' id='word_1_1' title='bbox 183 425 290 488; x_wconf 86' lang='grc'><strong>189</strong></span> 
     </span>
    </p>
   </div>
   <div class='ocr_carea' id='block_1_2' title="bbox 640 608 1625 832">
    <p class='ocr_par' dir='ltr' id='par_1_2' title="bbox 640 608 1625 832">
     <span class='ocr_line' id='line_1_2' title="bbox 1065 608 1212 681; baseline 0.007 -1"><span class='ocrx_word' id='word_1_2' title='bbox 1065 608 1212 681; x_wconf 72' lang='lat'><strong>⁷12.</strong></span> 
     </span>
     <span class='ocr_line' id='line_1_3' title="bbox 640 762 1625 832; baseline -0.003 0"><span class='ocrx_word' id='word_1_3' title='bbox 640 762 1115 832; x_wconf 78' lang='lat' dir='ltr'><strong>OALVINUS</strong></span> <span class='ocrx_word' id='word_1_4' title='bbox 1160 762 1625 831; x_wconf 73' lang='lat' dir='ltr'><strong>FARELLO.</strong></span> 
     </span>
    </p>
   </div>
   <div class='ocr_carea' id='block_1_3' title="bbox 169 935 2116 1503">
    <p class='ocr_par' dir='ltr' id='par_1_3' title="bbox 169 935 2116 1277">
     <span class='ocr_line' id='line_1_4' title="bbox 332 935 2116 1004; baseline 0.001 -1"><span class='ocrx_word' id='word_1_5' title='bbox 332 935 498 1003; x_wconf 76' lang='lat' dir='ltr'><strong>Eius</strong></span> <span class='ocrx_word' id='word_1_6' title='bbox 538 936 926 1004; x_wconf 77' lang='lat' dir='ltr'><strong>desiderium</strong></span> <span class='ocrx_word' id='word_1_7' title='bbox 975 938 1145 1003; x_wconf 83' lang='lat' dir='ltr'><strong>circa</strong></span> <span class='ocrx_word' id='word_1_8' title='bbox 1194 936 1470 1002; x_wconf 68' lang='lat' dir='ltr'><strong>decim-5·</strong></span> <span class='ocrx_word' id='word_1_9' title='bbox 1512 935 1796 1002; x_wconf 74' lang='lat' dir='ltr'><strong>aliarum</strong></span> <span class='ocrx_word' id='word_1_10' title='bbox 1836 936 2116 1004; x_wconf 77' lang='lat' dir='ltr'><strong>ecclesia-</strong></span> 
     </span>
     <span class='ocr_line' id='line_1_5' title="bbox 171 1021 2113 1105; baseline -0.002 -16"><span class='ocrx_word' id='word_1_11' title='bbox 171 1043 306 1090; x_wconf 78' lang='lat' dir='ltr'><strong>rum</strong></span> <span class='ocrx_word' id='word_1_12' title='bbox 354 1026 492 1088; x_wconf 79' lang='lat' dir='ltr'><strong>vota</strong></span> <span class='ocrx_word' id='word_1_13' title='bbox 534 1027 591 1088; x_wconf 85' lang='lat' dir='ltr'><strong>et</strong></span> <span class='ocrx_word' id='word_1_14' title='bbox 633 1022 948 1105; x_wconf 72' lang='lat' dir='ltr'><strong>euffrayia</strong></span> <span class='ocrx_word' id='word_1_15' title='bbox 1006 1021 1331 1105; x_wconf 77' lang='lat' dir='ltr'><strong>eoepetendi</strong></span> <span class='ocrx_word' id='word_1_16' title='bbox 1386 1040 1513 1087; x_wconf 78' lang='lat' dir='ltr'><strong>non</strong></span> <span class='ocrx_word' id='word_1_17' title='bbox 1569 1022 1821 1088; x_wconf 81' lang='lat' dir='ltr'><strong>omnino</strong></span> <span class='ocrx_word' id='word_1_18' title='bbox 1865 1022 2113 1103; x_wconf 80' lang='lat' dir='ltr'><strong>probat,</strong></span> 
     </span>
     <span class='ocr_line' id='line_1_6' title="bbox 171 1108 2115 1193; baseline 0.001 -21"><span class='ocrx_word' id='word_1_19' title='bbox 171 1109 555 1193; x_wconf 57' lang='lat' dir='ltr'><strong>wantumvis</strong></span> <span class='ocrx_word' id='word_1_20' title='bbox 587 1108 872 1191; x_wconf 72' lang='lat' dir='ltr'><strong>alioquin</strong></span> <span class='ocrx_word' id='word_1_21' title='bbox 908 1109 986 1173; x_wconf 82' lang='lat' dir='ltr'><strong>de</strong></span> <span class='ocrx_word' id='word_1_22' title='bbox 1018 1110 1158 1190; x_wconf 79' lang='lat' dir='ltr'><strong>ipso</strong></span> <span class='ocrx_word' id='word_1_23' title='bbox 1189 1108 1427 1191; x_wconf 71' lang='lat' dir='ltr'><strong>neyotio</strong></span> <span class='ocrx_word' id='word_1_24' title='bbox 1459 1108 1714 1173; x_wconf 82' lang='lat' dir='ltr'><strong>eandem</strong></span> <span class='ocrx_word' id='word_1_25' title='bbox 1734 1108 2115 1190; x_wconf 71' lang='lat' dir='ltr'><strong>profiteatur</strong></span> 
     </span>
     <span class='ocr_line' id='line_1_7' title="bbox 169 1194 520 1277; baseline 0 -19"><span class='ocrx_word' id='word_1_26' title='bbox 169 1194 520 1277; x_wconf 76' lang='lat' dir='ltr'><strong><em>opinionem.</em></strong></span> 
     </span>
    </p>

    <p class='ocr_par' dir='ltr' id='par_1_4' title="bbox 173 1361 2109 1434">
     <span class='ocr_line' id='line_1_8' title="bbox 173 1361 2109 1434; baseline 0 -16"><span class='ocrx_word' id='word_1_27' title='bbox 173 1366 350 1428; x_wconf 78' lang='lat' dir='ltr'><strong>(Manu</strong></span> <span class='ocrx_word' id='word_1_28' title='bbox 385 1365 491 1418; x_wconf 84' lang='lat' dir='ltr'><strong>sori</strong></span> <span class='ocrx_word' id='word_1_29' title='bbox 531 1368 591 1416; x_wconf 81' lang='lat' dir='ltr'><strong>ta</strong></span> <span class='ocrx_word' id='word_1_30' title='bbox 625 1380 735 1417; x_wconf 87' lang='grc'><strong>11011</strong></span> <span class='ocrx_word' id='word_1_31' title='bbox 773 1367 970 1418; x_wconf 82' lang='lat' dir='ltr'><strong>exstat.</strong></span> <span class='ocrx_word' id='word_1_32' title='bbox 1042 1362 1122 1417; x_wconf 88' lang='lat' dir='ltr'><strong>Le</strong></span> <span class='ocrx_word' id='word_1_33' title='bbox 1162 1364 1272 1417; x_wconf 82' lang='lat' dir='ltr'><strong>‘tur</strong></span> <span class='ocrx_word' id='word_1_34' title='bbox 1305 1363 1363 1417; x_wconf 86' lang='lat' dir='ltr'><strong>in</strong></span> <span class='ocrx_word' id='word_1_35' title='bbox 1400 1362 1485 1419; x_wconf 79' lang='lat' dir='ltr'><strong>ed.</strong></span> <span class='ocrx_word' id='word_1_36' title='bbox 1520 1363 1725 1419; x_wconf 83' lang='lat' dir='ltr'><strong>Genev.</strong></span> <span class='ocrx_word' id='word_1_37' title='bbox 1752 1381 1804 1434; x_wconf 85' lang='lat' dir='ltr'><strong>p.</strong></span> <span class='ocrx_word' id='word_1_38' title='bbox 1828 1361 1913 1429; x_wconf 88' lang='grc'><strong>56,</strong></span> <span class='ocrx_word' id='word_1_39' title='bbox 1949 1365 2109 1418; x_wconf 85' lang='lat' dir='ltr'><strong>Laus.</strong></span> 
     </span>
    </p>

    <p class='ocr_par' dir='ltr' id='par_1_5' title="bbox 326 1429 1947 1503">
     <span class='ocr_line' id='line_1_9' title="bbox 326 1429 1947 1503; baseline 0.001 -18"><span class='ocrx_word' id='word_1_40' title='bbox 326 1450 382 1503; x_wconf 89' lang='lat' dir='ltr'><strong>p.</strong></span> <span class='ocrx_word' id='word_1_41' title='bbox 420 1433 451 1486; x_wconf 89' lang='lat'><strong>1</strong></span> <span class='ocrx_word' id='word_1_42' title='bbox 524 1477 539 1503; x_wconf 87' lang='lat'>‚</span> <span class='ocrx_word' id='word_1_43' title='bbox 573 1432 787 1487; x_wconf 85' lang='lat' dir='ltr'><strong>Hanov.</strong></span> <span class='ocrx_word' id='word_1_44' title='bbox 823 1449 878 1502; x_wconf 86' lang='lat' dir='ltr'><strong>p.</strong></span> <span class='ocrx_word' id='word_1_45' title='bbox 918 1429 1035 1499; x_wconf 90' lang='grc'><strong>155,</strong></span> <span class='ocrx_word' id='word_1_46' title='bbox 1071 1432 1115 1486; x_wconf 89' lang='grc' dir='ltr'>Ο</span> <span class='ocrx_word' id='word_1_47' title='bbox 1153 1437 1284 1487; x_wconf 89' lang='lat' dir='ltr'><strong>ouet</strong></span> <span class='ocrx_word' id='word_1_48' title='bbox 1316 1449 1372 1502; x_wconf 86' lang='lat' dir='ltr'><strong>p.</strong></span> <span class='ocrx_word' id='word_1_49' title='bbox 1409 1429 1494 1499; x_wconf 76' lang='lat'><strong>74,</strong></span> <span class='ocrx_word' id='word_1_50' title='bbox 1531 1434 1710 1487; x_wconf 78' lang='lat' dir='ltr'><strong>Amat.</strong></span> <span class='ocrx_word' id='word_1_51' title='bbox 1744 1449 1797 1502; x_wconf 87' lang='lat' dir='ltr'><strong>p.</strong></span> <span class='ocrx_word' id='word_1_52' title='bbox 1833 1431 1947 1499; x_wconf 80' lang='lat'><strong>33.)</strong></span> 
     </span>
    </p>
   </div>
   <div class='ocr_carea' id='block_1_4' title="bbox 155 1584 2110 2785">
    <p class='ocr_par' dir='ltr' id='par_1_6' title="bbox 155 1584 2110 2785">
     <span class='ocr_line' id='line_1_10' title="bbox 324 1584 2110 1674; baseline 0 -21"><span class='ocrx_word' id='word_1_53' title='bbox 324 1589 504 1655; x_wconf 86' lang='lat' dir='ltr'><strong>Iovis</strong></span> <span class='ocrx_word' id='word_1_54' title='bbox 529 1587 578 1674; x_wconf 88' lang='lat'><strong>¹)</strong></span> <span class='ocrx_word' id='word_1_55' title='bbox 601 1586 724 1652; x_wconf 91' lang='lat' dir='ltr'><strong>sub</strong></span> <span class='ocrx_word' id='word_1_56' title='bbox 747 1607 1013 1652; x_wconf 89' lang='lat' dir='ltr'><strong>coenam</strong></span> <span class='ocrx_word' id='word_1_57' title='bbox 1039 1585 1205 1651; x_wconf 88' lang='lat' dir='ltr'><strong>mihi</strong></span> <span class='ocrx_word' id='word_1_58' title='bbox 1227 1596 1382 1652; x_wconf 89' lang='lat' dir='ltr'><strong>tuae</strong></span> <span class='ocrx_word' id='word_1_59' title='bbox 1403 1586 1487 1653; x_wconf 88' lang='lat' dir='ltr'><strong>ad</strong></span> <span class='ocrx_word' id='word_1_60' title='bbox 1504 1584 1785 1652; x_wconf 68' lang='lat' dir='ltr'><strong>Vireoum</strong></span> <span class='ocrx_word' id='word_1_61' title='bbox 1806 1588 2034 1653; x_wconf 86' lang='lat' dir='ltr'><strong>literae</strong></span> <span class='ocrx_word' id='word_1_62' title='bbox 2050 1589 2110 1669; x_wconf 75' lang='lat'><strong>²)</strong></span> 
     </span>
     <span class='ocr_line' id='line_1_11' title="bbox 169 1671 2107 1756; baseline -0.001 -16"><span class='ocrx_word' id='word_1_63' title='bbox 169 1673 449 1740; x_wconf 82' lang='lat' dir='ltr'><strong>redditae</strong></span> <span class='ocrx_word' id='word_1_64' title='bbox 495 1674 783 1739; x_wconf 72' lang='lat' dir='ltr'><strong>fimi-ant:</strong></span> <span class='ocrx_word' id='word_1_65' title='bbox 830 1683 904 1738; x_wconf 89' lang='lat' dir='ltr'><strong>ut</strong></span> <span class='ocrx_word' id='word_1_66' title='bbox 945 1671 1258 1755; x_wconf 75' lang='lat' dir='ltr'>postridie</span> <span class='ocrx_word' id='word_1_67' title='bbox 1301 1694 1448 1738; x_wconf 92' lang='lat' dir='ltr'><strong>cum</strong></span> <span class='ocrx_word' id='word_1_68' title='bbox 1492 1672 1807 1739; x_wconf 83' lang='lat' dir='ltr'><strong>fratribus</strong></span> <span class='ocrx_word' id='word_1_69' title='bbox 1849 1694 2107 1756; x_wconf 88' lang='lat' dir='ltr'><strong>possem</strong></span> 
     </span>
     <span class='ocr_line' id='line_1_12' title="bbox 167 1758 2107 1844; baseline -0.001 -18"><span class='ocrx_word' id='word_1_70' title='bbox 167 1782 384 1844; x_wconf 83' lang='lat' dir='ltr'><strong>capere</strong></span> <span class='ocrx_word' id='word_1_71' title='bbox 426 1758 800 1836; x_wconf 88' lang='lat' dir='ltr'><strong>consilium,</strong></span> <span class='ocrx_word' id='word_1_72' title='bbox 860 1759 919 1824; x_wconf 90' lang='lat' dir='ltr'><strong>si</strong></span> <span class='ocrx_word' id='word_1_73' title='bbox 959 1759 1028 1822; x_wconf 92' lang='lat' dir='ltr'><strong>id</strong></span> <span class='ocrx_word' id='word_1_74' title='bbox 1069 1758 1192 1823; x_wconf 89' lang='lat' dir='ltr'><strong>tibi</strong></span> <span class='ocrx_word' id='word_1_75' title='bbox 1234 1758 1492 1841; x_wconf 88' lang='lat' dir='ltr'><strong>placere</strong></span> <span class='ocrx_word' id='word_1_76' title='bbox 1544 1759 2032 1825; x_wconf 80' lang='lat' dir='ltr'><strong>intellexissem.</strong></span> <span class='ocrx_word' id='word_1_77' title='bbox 2050 1763 2107 1836; x_wconf 78' lang='lat'><strong>⁸)</strong></span> 
     </span>
     <span class='ocr_line' id='line_1_13' title="bbox 168 1843 2106 1928; baseline -0.002 -16"><span class='ocrx_word' id='word_1_78' title='bbox 168 1846 290 1912; x_wconf 79' lang='lat' dir='ltr'><strong>Sed</strong></span> <span class='ocrx_word' id='word_1_79' title='bbox 333 1868 372 1911; x_wconf 88' lang='lat' dir='ltr'><strong>a</strong></span> <span class='ocrx_word' id='word_1_80' title='bbox 415 1865 525 1911; x_wconf 90' lang='lat' dir='ltr'><strong>me</strong></span> <span class='ocrx_word' id='word_1_81' title='bbox 564 1855 828 1911; x_wconf 83' lang='lat' dir='ltr'><strong>tantum</strong></span> <span class='ocrx_word' id='word_1_82' title='bbox 871 1854 938 1908; x_wconf 91' lang='lat' dir='ltr'><strong>et</strong></span> <span class='ocrx_word' id='word_1_83' title='bbox 975 1844 1186 1909; x_wconf 67' lang='lat' dir='ltr'><strong>Virdo</strong></span> <span class='ocrx_word' id='word_1_84' title='bbox 1243 1844 1437 1910; x_wconf 81' lang='lat' dir='ltr'>scribi</span> <span class='ocrx_word' id='word_1_85' title='bbox 1497 1843 1783 1911; x_wconf 88' lang='lat' dir='ltr'><strong>volebas.</strong></span> <span class='ocrx_word' id='word_1_86' title='bbox 1873 1844 2106 1928; x_wconf 82' lang='lat' dir='ltr'><strong>Itaque</strong></span> 
     </span>
     <span class='ocr_line' id='line_1_14' title="bbox 165 1929 2107 2012; baseline 0.001 -17"><span class='ocrx_word' id='word_1_87' title='bbox 165 1931 403 1996; x_wconf 89' lang='lat' dir='ltr'><strong>nullam</strong></span> <span class='ocrx_word' id='word_1_88' title='bbox 455 1933 673 1998; x_wconf 87' lang='lat' dir='ltr'><strong>facere</strong></span> <span class='ocrx_word' id='word_1_89' title='bbox 728 1930 1133 1995; x_wconf 90' lang='lat' dir='ltr'><strong>mentionem</strong></span> <span class='ocrx_word' id='word_1_90' title='bbox 1176 1950 1382 1995; x_wconf 90' lang='lat' dir='ltr'><strong>ausus</strong></span> <span class='ocrx_word' id='word_1_91' title='bbox 1425 1951 1594 1995; x_wconf 91' lang='lat' dir='ltr'><strong>sum.</strong></span> <span class='ocrx_word' id='word_1_92' title='bbox 1684 1929 1908 2012; x_wconf 76' lang='lat' dir='ltr'><strong>Quum</strong></span> <span class='ocrx_word' id='word_1_93' title='bbox 1952 1952 2107 1996; x_wconf 89' lang='lat' dir='ltr'><strong>vero</strong></span> 
     </span>
     <span class='ocr_line' id='line_1_15' title="bbox 165 2016 2107 2098; baseline 0.001 -17"><span class='ocrx_word' id='word_1_94' title='bbox 165 2017 314 2081; x_wconf 85' lang='lat' dir='ltr'><strong>mihi</strong></span> <span class='ocrx_word' id='word_1_95' title='bbox 358 2016 617 2083; x_wconf 86' lang='lat' dir='ltr'><strong>oblatae</strong></span> <span class='ocrx_word' id='word_1_96' title='bbox 671 2016 944 2080; x_wconf 84' lang='lat' dir='ltr'><strong>fuerunt</strong></span> <span class='ocrx_word' id='word_1_97' title='bbox 1003 2023 1154 2080; x_wconf 91' lang='lat' dir='ltr'><strong>tuae</strong></span> <span class='ocrx_word' id='word_1_98' title='bbox 1198 2017 1590 2098; x_wconf 80' lang='lat' dir='ltr'><strong>posteriores</strong></span> <span class='ocrx_word' id='word_1_99' title='bbox 1606 2066 1621 2093; x_wconf 96' lang='lat'><strong>,</strong></span> <span class='ocrx_word' id='word_1_100' title='bbox 1679 2017 1813 2081; x_wconf 91' lang='lat' dir='ltr'><strong>iam</strong></span> <span class='ocrx_word' id='word_1_101' title='bbox 1871 2017 2107 2083; x_wconf 85' lang='lat' dir='ltr'><strong>fratres</strong></span> 
     </span>
     <span class='ocr_line' id='line_1_16' title="bbox 163 2101 2108 2185; baseline 0.001 -19"><span class='ocrx_word' id='word_1_102' title='bbox 163 2101 604 2168; x_wconf 87' lang='lat' dir='ltr'><strong>discesserant.</strong></span> <span class='ocrx_word' id='word_1_103' title='bbox 687 2103 920 2185; x_wconf 88' lang='lat' dir='ltr'><strong>Itaque</strong></span> <span class='ocrx_word' id='word_1_104' title='bbox 963 2101 1098 2166; x_wconf 90' lang='lat' dir='ltr'><strong>iam</strong></span> <span class='ocrx_word' id='word_1_105' title='bbox 1143 2103 1383 2167; x_wconf 87' lang='lat' dir='ltr'><strong>amissa</strong></span> <span class='ocrx_word' id='word_1_106' title='bbox 1426 2110 1528 2167; x_wconf 88' lang='lat' dir='ltr'><strong>est</strong></span> <span class='ocrx_word' id='word_1_107' title='bbox 1568 2102 1685 2166; x_wconf 89' lang='lat' dir='ltr'><strong>illa</strong></span> <span class='ocrx_word' id='word_1_108' title='bbox 1730 2104 2108 2185; x_wconf 89' lang='lat' dir='ltr'><strong>opportuni-</strong></span> 
     </span>
     <span class='ocr_line' id='line_1_17' title="bbox 164 2186 2104 2272; baseline 0 -19"><span class='ocrx_word' id='word_1_109' title='bbox 164 2198 270 2253; x_wconf 88' lang='lat' dir='ltr'><strong>tas.</strong></span> <span class='ocrx_word' id='word_1_110' title='bbox 357 2186 507 2255; x_wconf 84' lang='lat' dir='ltr'><strong>Sed·</strong></span> <span class='ocrx_word' id='word_1_111' title='bbox 561 2186 718 2272; x_wconf 91' lang='lat' dir='ltr'><strong>quid</strong></span> <span class='ocrx_word' id='word_1_112' title='bbox 783 2187 1139 2271; x_wconf 85' lang='lat' dir='ltr'><strong>profuisset</strong></span> <span class='ocrx_word' id='word_1_113' title='bbox 1195 2208 1299 2250; x_wconf 84' lang='lat' dir='ltr'><strong>me</strong></span> <span class='ocrx_word' id='word_1_114' title='bbox 1353 2186 1434 2251; x_wconf 86' lang='lat' dir='ltr'><strong>de</strong></span> <span class='ocrx_word' id='word_1_115' title='bbox 1479 2197 1592 2251; x_wconf 91' lang='lat' dir='ltr'><strong>tua</strong></span> <span class='ocrx_word' id='word_1_116' title='bbox 1652 2186 1988 2253; x_wconf 89' lang='lat' dir='ltr'><strong>voluntate</strong></span> <span class='ocrx_word' id='word_1_117' title='bbox 2031 2189 2104 2253; x_wconf 87' lang='lat' dir='ltr'><strong>in</strong></span> 
     </span>
     <span class='ocr_line' id='line_1_18' title="bbox 163 2271 2103 2358; baseline 0.001 -21"><span class='ocrx_word' id='word_1_118' title='bbox 163 2284 439 2358; x_wconf 83' lang='lat' dir='ltr'><strong>tempore</strong></span> <span class='ocrx_word' id='word_1_119' title='bbox 503 2274 704 2339; x_wconf 86' lang='lat' dir='ltr'><strong>fuisse</strong></span> <span class='ocrx_word' id='word_1_120' title='bbox 766 2273 1168 2338; x_wconf 90' lang='lat' dir='ltr'><strong>admonitum</strong></span> <span class='ocrx_word' id='word_1_121' title='bbox 1185 2271 1219 2335; x_wconf 74' lang='lat'><strong>⁴2</strong></span> <span class='ocrx_word' id='word_1_122' title='bbox 1306 2273 1453 2357; x_wconf 88' lang='lat' dir='ltr'><strong>Ego</strong></span> <span class='ocrx_word' id='word_1_123' title='bbox 1517 2272 1692 2338; x_wconf 92' lang='lat' dir='ltr'><strong>enim</strong></span> <span class='ocrx_word' id='word_1_124' title='bbox 1759 2272 2103 2339; x_wconf 91' lang='lat' dir='ltr'><strong>consilium</strong></span> 
     </span>
     <span class='ocr_line' id='line_1_19' title="bbox 161 2358 2103 2442; baseline 0.001 -19"><span class='ocrx_word' id='word_1_125' title='bbox 161 2380 268 2424; x_wconf 89' lang='lat' dir='ltr'><strong>vos</strong></span> <span class='ocrx_word' id='word_1_126' title='bbox 310 2368 534 2442; x_wconf 88' lang='lat' dir='ltr'><strong>petere</strong></span> <span class='ocrx_word' id='word_1_127' title='bbox 578 2379 618 2423; x_wconf 91' lang='lat' dir='ltr'><strong>a</strong></span> <span class='ocrx_word' id='word_1_128' title='bbox 658 2358 845 2423; x_wconf 89' lang='lat' dir='ltr'><strong>nobis</strong></span> <span class='ocrx_word' id='word_1_129' title='bbox 889 2379 1302 2442; x_wconf 88' lang='lat' dir='ltr'><strong>nequaquam</strong></span> <span class='ocrx_word' id='word_1_130' title='bbox 1347 2368 1536 2442; x_wconf 89' lang='lat' dir='ltr'><strong>puto,</strong></span> <span class='ocrx_word' id='word_1_131' title='bbox 1583 2379 1711 2441; x_wconf 90' lang='lat' dir='ltr'><strong>quo</strong></span> <span class='ocrx_word' id='word_1_132' title='bbox 1755 2379 1888 2423; x_wconf 90' lang='grc'><strong>11011</strong></span> <span class='ocrx_word' id='word_1_133' title='bbox 1931 2358 2103 2424; x_wconf 91' lang='lat' dir='ltr'><strong>indi-</strong></span> 
     </span>
     <span class='ocr_line' id='line_1_20' title="bbox 160 2443 2103 2528; baseline 0.001 -19"><span class='ocrx_word' id='word_1_134' title='bbox 160 2445 345 2528; x_wconf 86' lang='lat' dir='ltr'><strong>getis:</strong></span> <span class='ocrx_word' id='word_1_135' title='bbox 404 2466 530 2510; x_wconf 89' lang='lat' dir='ltr'><strong>nec</strong></span> <span class='ocrx_word' id='word_1_136' title='bbox 573 2444 933 2510; x_wconf 87' lang='lat' dir='ltr'><strong>verisimile</strong></span> <span class='ocrx_word' id='word_1_137' title='bbox 972 2454 1104 2522; x_wconf 89' lang='lat' dir='ltr'><strong>est,</strong></span> <span class='ocrx_word' id='word_1_138' title='bbox 1148 2464 1389 2528; x_wconf 86' lang='lat' dir='ltr'><strong>cupere</strong></span> <span class='ocrx_word' id='word_1_139' title='bbox 1433 2443 1621 2509; x_wconf 88' lang='lat' dir='ltr'><strong>vobis</strong></span> <span class='ocrx_word' id='word_1_140' title='bbox 1664 2445 1902 2528; x_wconf 81' lang='lat' dir='ltr'><strong>exponi</strong></span> <span class='ocrx_word' id='word_1_141' title='bbox 1947 2445 2103 2528; x_wconf 91' lang='lat' dir='ltr'><strong>quid</strong></span> 
     </span>
     <span class='ocr_line' id='line_1_21' title="bbox 160 2529 2099 2596; baseline 0.001 -2"><span class='ocrx_word' id='word_1_142' title='bbox 160 2531 231 2594; x_wconf 89' lang='lat' dir='ltr'><strong>de</strong></span> <span class='ocrx_word' id='word_1_143' title='bbox 283 2529 399 2596; x_wconf 90' lang='lat' dir='ltr'><strong>illa</strong></span> <span class='ocrx_word' id='word_1_144' title='bbox 455 2552 530 2596; x_wconf 92' lang='lat' dir='ltr'><strong>re</strong></span> <span class='ocrx_word' id='word_1_145' title='bbox 586 2530 966 2596; x_wconf 89' lang='lat' dir='ltr'><strong>sentiamus.</strong></span> <span class='ocrx_word' id='word_1_146' title='bbox 1057 2530 1323 2596; x_wconf 77' lang='lat' dir='ltr'><strong>Tenetis</strong></span> <span class='ocrx_word' id='word_1_147' title='bbox 1385 2531 1560 2594; x_wconf 91' lang='lat' dir='ltr'><strong>enim</strong></span> <span class='ocrx_word' id='word_1_148' title='bbox 1625 2530 1800 2594; x_wconf 87' lang='lat' dir='ltr'><strong>haud</strong></span> <span class='ocrx_word' id='word_1_149' title='bbox 1868 2530 2099 2596; x_wconf 89' lang='lat' dir='ltr'><strong>dubie:</strong></span> 
     </span>
     <span class='ocr_line' id='line_1_22' title="bbox 159 2615 2100 2698; baseline 0.001 -18"><span class='ocrx_word' id='word_1_150' title='bbox 159 2615 261 2681; x_wconf 90' lang='lat' dir='ltr'><strong>sed</strong></span> <span class='ocrx_word' id='word_1_151' title='bbox 301 2616 535 2681; x_wconf 84' lang='lat' dir='ltr'><strong>literas</strong></span> <span class='ocrx_word' id='word_1_152' title='bbox 578 2615 834 2698; x_wconf 90' lang='lat' dir='ltr'><strong>petitis,</strong></span> <span class='ocrx_word' id='word_1_153' title='bbox 878 2622 954 2679; x_wconf 90' lang='lat' dir='ltr'><strong>ut</strong></span> <span class='ocrx_word' id='word_1_154' title='bbox 997 2615 1431 2698; x_wconf 85' lang='lat' dir='ltr'><strong>interpretor,</strong></span> <span class='ocrx_word' id='word_1_155' title='bbox 1479 2635 1642 2698; x_wconf 87' lang='lat' dir='ltr'><strong>quae</strong></span> <span class='ocrx_word' id='word_1_156' title='bbox 1687 2615 1870 2682; x_wconf 92' lang='lat' dir='ltr'><strong>vobis</strong></span> <span class='ocrx_word' id='word_1_157' title='bbox 1912 2616 2100 2681; x_wconf 90' lang='lat' dir='ltr'><strong>adiu-</strong></span> 
     </span>
     <span class='ocr_line' id='line_1_23' title="bbox 155 2699 2101 2785; baseline 0.002 -20"><span class='ocrx_word' id='word_1_158' title='bbox 155 2710 363 2767; x_wconf 87' lang='lat' dir='ltr'><strong>mento</strong></span> <span class='ocrx_word' id='word_1_159' title='bbox 406 2704 551 2767; x_wconf 83' lang='lat' dir='ltr'><strong>sint</strong></span> <span class='ocrx_word' id='word_1_160' title='bbox 591 2699 676 2765; x_wconf 86' lang='lat' dir='ltr'><strong>ad</strong></span> <span class='ocrx_word' id='word_1_161' title='bbox 719 2709 977 2767; x_wconf 89' lang='lat' dir='ltr'><strong>vestros</strong></span> <span class='ocrx_word' id='word_1_162' title='bbox 1033 2701 1331 2766; x_wconf 86' lang='lat' dir='ltr'><strong>homines</strong></span> <span class='ocrx_word' id='word_1_163' title='bbox 1385 2700 1846 2784; x_wconf 85' lang='lat' dir='ltr'><strong>coarguendos.</strong></span> <span class='ocrx_word' id='word_1_164' title='bbox 1934 2700 2101 2785; x_wconf 82' lang='lat' dir='ltr'><strong>Spe-</strong></span> 
     </span>
    </p>
   </div>
   <div class='ocr_carea' id='block_1_5' title="bbox 43 2785 2099 2958">
    <p class='ocr_par' dir='ltr' id='par_1_7' title="bbox 43 2785 2099 2958">
     <span class='ocr_line' id='line_1_24' title="bbox 43 2785 2099 2865; baseline -0.001 -10"><span class='ocrx_word' id='word_1_165' title='bbox 43 2852 44 2855; x_wconf 63' lang='lat'><strong>,</strong></span> <span class='ocrx_word' id='word_1_166' title='bbox 157 2788 304 2852; x_wconf 90' lang='lat' dir='ltr'><strong>ratis</strong></span> <span class='ocrx_word' id='word_1_167' title='bbox 346 2787 533 2852; x_wconf 89' lang='lat' dir='ltr'><strong>enim</strong></span> <span class='ocrx_word' id='word_1_168' title='bbox 573 2787 810 2852; x_wconf 89' lang='lat' dir='ltr'><strong>melius</strong></span> <span class='ocrx_word' id='word_1_169' title='bbox 862 2785 1141 2851; x_wconf 86' lang='lat' dir='ltr'><strong>fractum</strong></span> <span class='ocrx_word' id='word_1_170' title='bbox 1200 2786 1284 2851; x_wconf 90' lang='lat' dir='ltr'><strong>iri</strong></span> <span class='ocrx_word' id='word_1_171' title='bbox 1329 2808 1554 2851; x_wconf 89' lang='lat' dir='ltr'><strong>eorum</strong></span> <span class='ocrx_word' id='word_1_172' title='bbox 1599 2788 2099 2865; x_wconf 76' lang='lat' dir='ltr'><strong>contumaciam,</strong></span> 
     </span>
     <span class='ocr_line' id='line_1_25' title="bbox 43 2871 2098 2958; baseline 0.001 -22"><span class='ocrx_word' id='word_1_173' title='bbox 43 2872 46 2899; x_wconf 77' lang='lat'>⁵</span> <span class='ocrx_word' id='word_1_174' title='bbox 157 2873 205 2937; x_wconf 88' lang='lat' dir='ltr'><strong>si</strong></span> <span class='ocrx_word' id='word_1_175' title='bbox 257 2873 635 2956; x_wconf 80' lang='lat' dir='ltr'><strong>complures</strong></span> <span class='ocrx_word' id='word_1_176' title='bbox 693 2872 997 2938; x_wconf 89' lang='lat' dir='ltr'><strong>ecclesias</strong></span> <span class='ocrx_word' id='word_1_177' title='bbox 1068 2871 1252 2938; x_wconf 91' lang='lat' dir='ltr'><strong>vobis</strong></span> <span class='ocrx_word' id='word_1_178' title='bbox 1305 2873 1654 2958; x_wconf 86' lang='lat' dir='ltr'><strong>suffragari</strong></span> <span class='ocrx_word' id='word_1_179' title='bbox 1717 2872 2021 2938; x_wconf 89' lang='lat' dir='ltr'><strong>viderint.</strong></span> <span class='ocrx_word' id='word_1_180' title='bbox 2042 2877 2098 2945; x_wconf 87' lang='lat'><strong>⁴)</strong></span> 
     </span>
    </p>
   </div>
   <div class='ocr_carea' id='block_1_6' title="bbox 155 2957 2101 3041">
    <p class='ocr_par' dir='ltr' id='par_1_8' title="bbox 155 2957 2101 3041">
     <span class='ocr_line' id='line_1_26' title="bbox 155 2957 2101 3041; baseline 0.002 -19"><span class='ocrx_word' id='word_1_181' title='bbox 155 2957 237 3024; x_wconf 88' lang='lat' dir='ltr'><strong>Et</strong></span> <span class='ocrx_word' id='word_1_182' title='bbox 286 2971 470 3025; x_wconf 87' lang='lat' dir='ltr'><strong>certe</strong></span> <span class='ocrx_word' id='word_1_183' title='bbox 525 2958 641 3024; x_wconf 86' lang='lat' dir='ltr'><strong>vix</strong></span> <span class='ocrx_word' id='word_1_184' title='bbox 703 2977 994 3041; x_wconf 87' lang='lat' dir='ltr'><strong>unquam</strong></span> <span class='ocrx_word' id='word_1_185' title='bbox 1054 2958 1180 3024; x_wconf 91' lang='lat' dir='ltr'><strong>hoc</strong></span> <span class='ocrx_word' id='word_1_186' title='bbox 1252 2959 1511 3035; x_wconf 87' lang='lat' dir='ltr'><strong>vitium,</strong></span> <span class='ocrx_word' id='word_1_187' title='bbox 1582 2977 1857 3041; x_wconf 88' lang='lat' dir='ltr'><strong>quocum</strong></span> <span class='ocrx_word' id='word_1_188' title='bbox 1918 2960 2101 3026; x_wconf 89' lang='lat' dir='ltr'><strong>vobis</strong></span> 
     </span>
    </p>
   </div>
   <div class='ocr_carea' id='block_1_7' title="bbox 41 3045 2101 3473">
    <p class='ocr_par' dir='ltr' id='par_1_9' title="bbox 41 3045 2101 3473">
     <span class='ocr_line' id='line_1_27' title="bbox 41 3045 2099 3140; baseline -0.001 -28"><span class='ocrx_word' id='word_1_189' title='bbox 41 3093 44 3140; x_wconf 42' lang='grc' dir='ltr'><em>ὲ</em></span> <span class='ocrx_word' id='word_1_190' title='bbox 155 3054 478 3113; x_wconf 84' lang='lat' dir='ltr'><strong>certamen</strong></span> <span class='ocrx_word' id='word_1_191' title='bbox 523 3065 698 3112; x_wconf 91' lang='lat' dir='ltr'><strong>nunc</strong></span> <span class='ocrx_word' id='word_1_192' title='bbox 734 3053 854 3123; x_wconf 90' lang='lat' dir='ltr'><strong>est,</strong></span> <span class='ocrx_word' id='word_1_193' title='bbox 899 3046 1284 3129; x_wconf 85' lang='lat' dir='ltr'><strong>corrigetur,</strong></span> <span class='ocrx_word' id='word_1_194' title='bbox 1327 3045 1458 3109; x_wconf 91' lang='lat' dir='ltr'><strong>nisi</strong></span> <span class='ocrx_word' id='word_1_195' title='bbox 1491 3045 1909 3110; x_wconf 88' lang='lat' dir='ltr'><strong>ecclesiarum</strong></span> <span class='ocrx_word' id='word_1_196' title='bbox 1947 3065 2099 3112; x_wconf 89' lang='lat' dir='ltr'><strong>con·</strong></span> 
     </span>
     <span class='ocr_line' id='line_1_28' title="bbox 41 3129 2100 3226; baseline 0 -31"><span class='ocrx_word' id='word_1_197' title='bbox 41 3151 44 3226; x_wconf 29' lang='grc' dir='ltr'><strong>ὲ</strong></span> <span class='ocrx_word' id='word_1_198' title='bbox 155 3152 354 3197; x_wconf 88' lang='lat' dir='ltr'><strong>sensu.</strong></span> <span class='ocrx_word' id='word_1_199' title='bbox 425 3133 649 3214; x_wconf 84' lang='lat' dir='ltr'><strong>Atque</strong></span> <span class='ocrx_word' id='word_1_200' title='bbox 695 3132 952 3196; x_wconf 88' lang='lat' dir='ltr'><strong>utinam</strong></span> <span class='ocrx_word' id='word_1_201' title='bbox 998 3129 1083 3195; x_wconf 85' lang='lat' dir='ltr'><strong>ad</strong></span> <span class='ocrx_word' id='word_1_202' title='bbox 1125 3131 1296 3196; x_wconf 88' lang='lat' dir='ltr'><strong>hanc</strong></span> <span class='ocrx_word' id='word_1_203' title='bbox 1339 3139 1634 3197; x_wconf 79' lang='lat' dir='ltr'><strong>sanctam</strong></span> <span class='ocrx_word' id='word_1_204' title='bbox 1666 3131 2100 3214; x_wconf 71' lang='lat' dir='ltr'><strong>,conspiratio-</strong></span> 
     </span>
     <span class='ocr_line' id='line_1_29' title="bbox 41 3215 2100 3299; baseline 0 -19"><span class='ocrx_word' id='word_1_205' title='bbox 41 3249 44 3258; x_wconf 61' lang='lat'><em>&gt;</em></span> <span class='ocrx_word' id='word_1_206' title='bbox 152 3237 292 3282; x_wconf 89' lang='lat' dir='ltr'><strong>nem</strong></span> <span class='ocrx_word' id='word_1_207' title='bbox 334 3218 634 3282; x_wconf 82' lang='lat' dir='ltr'><strong>animum</strong></span> <span class='ocrx_word' id='word_1_208' title='bbox 681 3215 1059 3294; x_wconf 88' lang='lat' dir='ltr'><strong>adiicerent,</strong></span> <span class='ocrx_word' id='word_1_209' title='bbox 1103 3237 1265 3298; x_wconf 93' lang='lat' dir='ltr'><strong>quos</strong></span> <span class='ocrx_word' id='word_1_210' title='bbox 1311 3216 1508 3281; x_wconf 91' lang='lat' dir='ltr'><strong>duces</strong></span> <span class='ocrx_word' id='word_1_211' title='bbox 1552 3215 1699 3280; x_wconf 88' lang='lat' dir='ltr'><strong>aliis</strong></span> <span class='ocrx_word' id='word_1_212' title='bbox 1735 3236 1878 3282; x_wconf 88' lang='lat' dir='ltr'><strong>esse</strong></span> <span class='ocrx_word' id='word_1_213' title='bbox 1912 3237 2100 3299; x_wconf 88' lang='lat' dir='ltr'><strong>opor—</strong></span> 
     </span>
     <span class='ocr_line' id='line_1_30' title="bbox 41 3300 2101 3384; baseline 0 -16"><span class='ocrx_word' id='word_1_214' title='bbox 41 3337 42 3342; x_wconf 37' lang='lat'><em>*</em></span> <span class='ocrx_word' id='word_1_215' title='bbox 155 3311 342 3368; x_wconf 85' lang='lat' dir='ltr'><strong>teret:</strong></span> <span class='ocrx_word' id='word_1_216' title='bbox 388 3302 511 3368; x_wconf 88' lang='lat' dir='ltr'><strong>sed</strong></span> <span class='ocrx_word' id='word_1_217' title='bbox 543 3301 732 3368; x_wconf 89' lang='lat' dir='ltr'><strong>vides</strong></span> <span class='ocrx_word' id='word_1_218' title='bbox 767 3310 841 3366; x_wconf 91' lang='lat' dir='ltr'><strong>ut</strong></span> <span class='ocrx_word' id='word_1_219' title='bbox 876 3322 982 3367; x_wconf 87' lang='lat' dir='ltr'><strong>res</strong></span> <span class='ocrx_word' id='word_1_220' title='bbox 1017 3310 1283 3366; x_wconf 88' lang='lat' dir='ltr'><strong>nostrae</strong></span> <span class='ocrx_word' id='word_1_221' title='bbox 1317 3303 1452 3365; x_wconf 89' lang='lat' dir='ltr'><strong>sint</strong></span> <span class='ocrx_word' id='word_1_222' title='bbox 1486 3301 1856 3384; x_wconf 83' lang='lat' dir='ltr'><strong>dissipatae.</strong></span> <span class='ocrx_word' id='word_1_223' title='bbox 1905 3300 2101 3384; x_wconf 75' lang='lat' dir='ltr'><strong>Quod</strong></span> 
     </span>
     <span class='ocr_line' id='line_1_31' title="bbox 41 3387 2100 3473; baseline 0 -20"><span class='ocrx_word' id='word_1_224' title='bbox 41 3397 42 3402; x_wconf 77' lang='grc'>’</span> <span class='ocrx_word' id='word_1_225' title='bbox 158 3387 229 3453; x_wconf 86' lang='lat' dir='ltr'><strong>ad</strong></span> <span class='ocrx_word' id='word_1_226' title='bbox 262 3410 379 3455; x_wconf 87' lang='lat' dir='ltr'><strong>nos</strong></span> <span class='ocrx_word' id='word_1_227' title='bbox 425 3397 701 3471; x_wconf 85' lang='lat' dir='ltr'><strong>spectat,</strong></span> <span class='ocrx_word' id='word_1_228' title='bbox 746 3387 1031 3453; x_wconf 88' lang='lat' dir='ltr'><strong>libenter</strong></span> <span class='ocrx_word' id='word_1_229' title='bbox 1073 3387 1258 3453; x_wconf 91' lang='lat' dir='ltr'><strong>vobis</strong></span> <span class='ocrx_word' id='word_1_230' title='bbox 1301 3407 1548 3452; x_wconf 92' lang='lat' dir='ltr'><strong>morem</strong></span> <span class='ocrx_word' id='word_1_231' title='bbox 1584 3408 1905 3473; x_wconf 84' lang='lat' dir='ltr'><strong>geremus.</strong></span> <span class='ocrx_word' id='word_1_232' title='bbox 1967 3387 2030 3452; x_wconf 91' lang='lat' dir='ltr'>N</span> <span class='ocrx_word' id='word_1_233' title='bbox 2032 3409 2100 3453; x_wconf 90' lang='lat' dir='ltr'><strong>e-</strong></span> 
     </span>
    </p>
   </div>
   <div class='ocr_carea' id='block_1_8' title="bbox 158 3472 2102 4671">
    <p class='ocr_par' dir='ltr' id='par_1_10' title="bbox 158 3472 2102 4671">
     <span class='ocr_line' id='line_1_32' title="bbox 158 3472 2102 3558; baseline 0.001 -20"><span class='ocrx_word' id='word_1_234' title='bbox 158 3493 270 3555; x_wconf 91' lang='lat' dir='ltr'><strong>que</strong></span> <span class='ocrx_word' id='word_1_235' title='bbox 309 3476 492 3540; x_wconf 87' lang='lat' dir='ltr'><strong>enim</strong></span> <span class='ocrx_word' id='word_1_236' title='bbox 537 3473 764 3539; x_wconf 89' lang='lat' dir='ltr'><strong>dubito</strong></span> <span class='ocrx_word' id='word_1_237' title='bbox 805 3493 926 3556; x_wconf 90' lang='lat' dir='ltr'><strong>pro</strong></span> <span class='ocrx_word' id='word_1_238' title='bbox 962 3474 1343 3558; x_wconf 81' lang='lat' dir='ltr'><strong>symmystis</strong></span> <span class='ocrx_word' id='word_1_239' title='bbox 1378 3473 1575 3537; x_wconf 90' lang='lat' dir='ltr'><strong>etiam</strong></span> <span class='ocrx_word' id='word_1_240' title='bbox 1610 3472 1949 3556; x_wconf 89' lang='lat' dir='ltr'><strong>spondere.</strong></span> <span class='ocrx_word' id='word_1_241' title='bbox 2010 3475 2102 3539; x_wconf 88' lang='lat' dir='ltr'><strong>At</strong></span> 
     </span>
     <span class='ocr_line' id='line_1_33' title="bbox 158 3558 2097 3639; baseline 0.001 -15"><span class='ocrx_word' id='word_1_242' title='bbox 158 3558 516 3625; x_wconf 88' lang='lat' dir='ltr'><strong>timendum</strong></span> <span class='ocrx_word' id='word_1_243' title='bbox 574 3567 676 3625; x_wconf 89' lang='lat' dir='ltr'><strong>est</strong></span> <span class='ocrx_word' id='word_1_244' title='bbox 728 3581 813 3625; x_wconf 92' lang='lat' dir='ltr'><strong>ne</strong></span> <span class='ocrx_word' id='word_1_245' title='bbox 868 3558 1128 3625; x_wconf 86' lang='lat' dir='ltr'><strong>ridiculi</strong></span> <span class='ocrx_word' id='word_1_246' title='bbox 1172 3559 1377 3623; x_wconf 89' lang='lat' dir='ltr'><strong>simus</strong></span> <span class='ocrx_word' id='word_1_247' title='bbox 1420 3559 1658 3624; x_wconf 88' lang='lat' dir='ltr'><strong>vestris</strong></span> <span class='ocrx_word' id='word_1_248' title='bbox 1701 3558 2097 3639; x_wconf 87' lang='lat' dir='ltr'><strong>hominibus,</strong></span> 
     </span>
     <span class='ocr_line' id='line_1_34' title="bbox 160 3644 2100 3730; baseline 0.001 -21"><span class='ocrx_word' id='word_1_249' title='bbox 160 3644 231 3710; x_wconf 87' lang='lat' dir='ltr'><strong>ab</strong></span> <span class='ocrx_word' id='word_1_250' title='bbox 286 3646 419 3711; x_wconf 89' lang='lat' dir='ltr'><strong>illis</strong></span> <span class='ocrx_word' id='word_1_251' title='bbox 487 3645 810 3730; x_wconf 87' lang='lat' dir='ltr'><strong>exigendo</strong></span> <span class='ocrx_word' id='word_1_252' title='bbox 873 3644 1044 3728; x_wconf 89' lang='lat' dir='ltr'><strong>quod</strong></span> <span class='ocrx_word' id='word_1_253' title='bbox 1125 3644 1418 3710; x_wconf 90' lang='lat' dir='ltr'><strong>nondum</strong></span> <span class='ocrx_word' id='word_1_254' title='bbox 1497 3645 1995 3727; x_wconf 82' lang='lat' dir='ltr'><strong>impetravimus</strong></span> <span class='ocrx_word' id='word_1_255' title='bbox 2060 3667 2100 3711; x_wconf 91' lang='lat' dir='ltr'><strong>a</strong></span> 
     </span>
     <span class='ocr_line' id='line_1_35' title="bbox 160 3729 2098 3813; baseline 0.002 -19"><span class='ocrx_word' id='word_1_256' title='bbox 160 3732 402 3797; x_wconf 87' lang='lat' dir='ltr'><strong>nostris.</strong></span> <span class='ocrx_word' id='word_1_257' title='bbox 492 3732 893 3798; x_wconf 87' lang='lat' dir='ltr'><strong>Docebimus</strong></span> <span class='ocrx_word' id='word_1_258' title='bbox 956 3731 1103 3813; x_wconf 92' lang='lat' dir='ltr'><strong>quis</strong></span> <span class='ocrx_word' id='word_1_259' title='bbox 1162 3739 1379 3797; x_wconf 90' lang='lat' dir='ltr'><strong>rectus</strong></span> <span class='ocrx_word' id='word_1_260' title='bbox 1435 3730 1522 3794; x_wconf 89' lang='lat' dir='ltr'><strong>sit</strong></span> <span class='ocrx_word' id='word_1_261' title='bbox 1570 3751 1730 3796; x_wconf 90' lang='lat' dir='ltr'><strong>usus</strong></span> <span class='ocrx_word' id='word_1_262' title='bbox 1775 3729 2098 3797; x_wconf 90' lang='lat' dir='ltr'><strong>bonorum</strong></span> 
     </span>
     <span class='ocr_line' id='line_1_36' title="bbox 161 3816 2099 3899; baseline 0.001 -18"><span class='ocrx_word' id='word_1_263' title='bbox 161 3816 483 3898; x_wconf 85' lang='lat' dir='ltr'><strong>ecclesiae,</strong></span> <span class='ocrx_word' id='word_1_264' title='bbox 544 3824 611 3882; x_wconf 90' lang='lat' dir='ltr'><strong>et</strong></span> <span class='ocrx_word' id='word_1_265' title='bbox 654 3818 766 3899; x_wconf 92' lang='lat' dir='ltr'><strong>qui</strong></span> <span class='ocrx_word' id='word_1_266' title='bbox 805 3816 1086 3899; x_wconf 80' lang='lat' dir='ltr'><strong>legitimi</strong></span> <span class='ocrx_word' id='word_1_267' title='bbox 1142 3817 1275 3882; x_wconf 89' lang='lat' dir='ltr'><strong>siut</strong></span> <span class='ocrx_word' id='word_1_268' title='bbox 1329 3837 1553 3881; x_wconf 87' lang='lat' dir='ltr'><strong>eorum</strong></span> <span class='ocrx_word' id='word_1_269' title='bbox 1596 3816 1966 3897; x_wconf 88' lang='lat' dir='ltr'><strong>oeconomi,</strong></span> <span class='ocrx_word' id='word_1_270' title='bbox 2021 3825 2099 3882; x_wconf 90' lang='lat' dir='ltr'><strong>ut</strong></span> 
     </span>
     <span class='ocr_line' id='line_1_37' title="bbox 162 3900 2094 3985; baseline 0.001 -20"><span class='ocrx_word' id='word_1_271' title='bbox 162 3904 495 3968; x_wconf 82' lang='lat' dir='ltr'><strong>autoritate</strong></span> <span class='ocrx_word' id='word_1_272' title='bbox 539 3913 765 3968; x_wconf 88' lang='lat' dir='ltr'><strong>nostra</strong></span> <span class='ocrx_word' id='word_1_273' title='bbox 806 3922 1158 3985; x_wconf 85' lang='lat' dir='ltr'><strong>urgeamus</strong></span> <span class='ocrx_word' id='word_1_274' title='bbox 1200 3901 1264 3966; x_wconf 86' lang='lat' dir='ltr'>N</span> <span class='ocrx_word' id='word_1_275' title='bbox 1267 3921 1695 3967; x_wconf 86' lang='lat' dir='ltr'><strong>eocomenses.</strong></span> <span class='ocrx_word' id='word_1_276' title='bbox 1785 3900 1924 3968; x_wconf 84' lang='lat' dir='ltr'><strong>Cur</strong></span> <span class='ocrx_word' id='word_1_277' title='bbox 1961 3922 2094 3967; x_wconf 89' lang='lat' dir='ltr'><strong>non</strong></span> 
     </span>
     <span class='ocr_line' id='line_1_38' title="bbox 160 3986 2096 4072; baseline 0.001 -20"><span class='ocrx_word' id='word_1_278' title='bbox 160 3990 362 4068; x_wconf 90' lang='lat' dir='ltr'><strong>potius</strong></span> <span class='ocrx_word' id='word_1_279' title='bbox 405 3987 752 4053; x_wconf 83' lang='lat' dir='ltr'><strong>exordium</strong></span> <span class='ocrx_word' id='word_1_280' title='bbox 798 4008 837 4051; x_wconf 88' lang='lat' dir='ltr'><strong>a</strong></span> <span class='ocrx_word' id='word_1_281' title='bbox 880 3987 1069 4053; x_wconf 95' lang='grc'><strong>110518</strong></span> <span class='ocrx_word' id='word_1_282' title='bbox 1123 3986 1439 4052; x_wconf 81' lang='lat' dir='ltr'><strong>facimus?</strong></span> <span class='ocrx_word' id='word_1_283' title='bbox 1528 3986 1768 4052; x_wconf 86' lang='lat' dir='ltr'><strong>Videte</strong></span> <span class='ocrx_word' id='word_1_284' title='bbox 1811 4008 1968 4072; x_wconf 83' lang='lat' dir='ltr'><strong>ergo</strong></span> <span class='ocrx_word' id='word_1_285' title='bbox 2010 4008 2096 4053; x_wconf 85' lang='lat' dir='ltr'><strong>ne</strong></span> 
     </span>
     <span class='ocr_line' id='line_1_39' title="bbox 163 4070 2095 4156; baseline 0.001 -21"><span class='ocrx_word' id='word_1_286' title='bbox 163 4070 303 4137; x_wconf 88' lang='lat' dir='ltr'><strong>dum</strong></span> <span class='ocrx_word' id='word_1_287' title='bbox 356 4075 592 4139; x_wconf 86' lang='lat' dir='ltr'><strong>iuvare</strong></span> <span class='ocrx_word' id='word_1_288' title='bbox 651 4094 767 4140; x_wconf 90' lang='lat' dir='ltr'><strong>vos</strong></span> <span class='ocrx_word' id='word_1_289' title='bbox 812 4071 1154 4139; x_wconf 89' lang='lat' dir='ltr'><strong>studemus</strong></span> <span class='ocrx_word' id='word_1_290' title='bbox 1172 4123 1187 4150; x_wconf 91' lang='lat'>‚</span> <span class='ocrx_word' id='word_1_291' title='bbox 1244 4073 1458 4156; x_wconf 88' lang='lat' dir='ltr'><strong>magis</strong></span> <span class='ocrx_word' id='word_1_292' title='bbox 1512 4073 1800 4137; x_wconf 91' lang='lat' dir='ltr'><strong>obsimus</strong></span> <span class='ocrx_word' id='word_1_293' title='bbox 1858 4093 2095 4139; x_wconf 89' lang='lat' dir='ltr'><strong>causae</strong></span> 
     </span>
     <span class='ocr_line' id='line_1_40' title="bbox 160 4157 2095 4241; baseline 0.002 -21"><span class='ocrx_word' id='word_1_294' title='bbox 160 4168 426 4226; x_wconf 83' lang='lat' dir='ltr'><strong>vestrae.</strong></span> <span class='ocrx_word' id='word_1_295' title='bbox 516 4157 710 4239; x_wconf 78' lang='lat' dir='ltr'><strong>Quod</strong></span> <span class='ocrx_word' id='word_1_296' title='bbox 754 4160 811 4225; x_wconf 92' lang='lat' dir='ltr'><strong>si</strong></span> <span class='ocrx_word' id='word_1_297' title='bbox 851 4170 1073 4223; x_wconf 90' lang='lat' dir='ltr'><strong>tamen</strong></span> <span class='ocrx_word' id='word_1_298' title='bbox 1129 4179 1356 4223; x_wconf 88' lang='lat' dir='ltr'><strong>manes</strong></span> <span class='ocrx_word' id='word_1_299' title='bbox 1398 4158 1470 4222; x_wconf 90' lang='lat' dir='ltr'><strong>in</strong></span> <span class='ocrx_word' id='word_1_300' title='bbox 1515 4160 1861 4237; x_wconf 90' lang='lat' dir='ltr'><strong>sententia,</strong></span> <span class='ocrx_word' id='word_1_301' title='bbox 1907 4178 2095 4241; x_wconf 88' lang='lat' dir='ltr'><strong>prae-</strong></span> 
     </span>
     <span class='ocr_line' id='line_1_41' title="bbox 162 4243 2093 4329; baseline 0.001 -21"><span class='ocrx_word' id='word_1_302' title='bbox 162 4243 356 4310; x_wconf 81' lang='lat' dir='ltr'><strong>scribe</strong></span> <span class='ocrx_word' id='word_1_303' title='bbox 434 4245 591 4329; x_wconf 89' lang='lat' dir='ltr'><strong>quid</strong></span> <span class='ocrx_word' id='word_1_304' title='bbox 669 4245 834 4309; x_wconf 90' lang='lat' dir='ltr'><strong>utile</strong></span> <span class='ocrx_word' id='word_1_305' title='bbox 912 4245 1174 4322; x_wconf 88' lang='lat' dir='ltr'><strong>sentias,</strong></span> <span class='ocrx_word' id='word_1_306' title='bbox 1252 4265 1375 4328; x_wconf 90' lang='lat' dir='ltr'><strong>ego</strong></span> <span class='ocrx_word' id='word_1_307' title='bbox 1452 4244 1677 4308; x_wconf 88' lang='lat' dir='ltr'><strong>statim</strong></span> <span class='ocrx_word' id='word_1_308' title='bbox 1755 4243 2093 4328; x_wconf 88' lang='lat' dir='ltr'><strong>obsequar.</strong></span> 
     </span>
     <span class='ocr_line' id='line_1_42' title="bbox 160 4325 2095 4415; baseline 0 -20"><span class='ocrx_word' id='word_1_309' title='bbox 160 4325 411 4410; x_wconf 75' lang='lat' dir='ltr'><strong>Quanto</strong></span> <span class='ocrx_word' id='word_1_310' title='bbox 452 4330 608 4415; x_wconf 89' lang='lat' dir='ltr'><strong>plus</strong></span> <span class='ocrx_word' id='word_1_311' title='bbox 648 4329 961 4413; x_wconf 87' lang='lat' dir='ltr'><strong>ponderis</strong></span> <span class='ocrx_word' id='word_1_312' title='bbox 1003 4338 1177 4395; x_wconf 89' lang='lat' dir='ltr'><strong>esset</strong></span> <span class='ocrx_word' id='word_1_313' title='bbox 1217 4330 1286 4394; x_wconf 91' lang='lat' dir='ltr'><strong>in</strong></span> <span class='ocrx_word' id='word_1_314' title='bbox 1330 4350 1407 4395; x_wconf 88' lang='lat' dir='ltr'><strong>eo</strong></span> <span class='ocrx_word' id='word_1_315' title='bbox 1449 4328 1699 4406; x_wconf 91' lang='lat' dir='ltr'><strong>libello,</strong></span> <span class='ocrx_word' id='word_1_316' title='bbox 1742 4350 1935 4411; x_wconf 90' lang='lat' dir='ltr'><strong>quem</strong></span> <span class='ocrx_word' id='word_1_317' title='bbox 1979 4329 2095 4395; x_wconf 89' lang='lat' dir='ltr'><strong>ad-</strong></span> 
     </span>
     <span class='ocr_line' id='line_1_43' title="bbox 161 4412 2096 4501; baseline 0 -23"><span class='ocrx_word' id='word_1_318' title='bbox 161 4414 279 4483; x_wconf 89' lang='lat' dir='ltr'><strong>huc</strong></span> <span class='ocrx_word' id='word_1_319' title='bbox 294 4418 703 4501; x_wconf 86' lang='lat' dir='ltr'><strong>Argentinae</strong></span> <span class='ocrx_word' id='word_1_320' title='bbox 722 4436 923 4499; x_wconf 91' lang='lat' dir='ltr'><strong>quum</strong></span> <span class='ocrx_word' id='word_1_321' title='bbox 947 4435 1178 4493; x_wconf 88' lang='lat' dir='ltr'><strong>essem,</strong></span> <span class='ocrx_word' id='word_1_322' title='bbox 1216 4412 1447 4482; x_wconf 89' lang='lat' dir='ltr'><strong>curavi</strong></span> <span class='ocrx_word' id='word_1_323' title='bbox 1466 4414 2017 4497; x_wconf 79' lang='lat' dir='ltr'><strong>imprimendum?</strong></span> <span class='ocrx_word' id='word_1_324' title='bbox 2037 4419 2096 4500; x_wconf 67' lang='grc' dir='ltr'><strong>ὁ)</strong></span> 
     </span>
     <span class='ocr_line' id='line_1_44' title="bbox 161 4498 2094 4586; baseline 0 -21"><span class='ocrx_word' id='word_1_325' title='bbox 161 4498 545 4585; x_wconf 89' lang='lat' dir='ltr'><strong>Loquuntur</strong></span> <span class='ocrx_word' id='word_1_326' title='bbox 578 4504 754 4568; x_wconf 91' lang='lat' dir='ltr'><strong>enim</strong></span> <span class='ocrx_word' id='word_1_327' title='bbox 790 4500 926 4567; x_wconf 84' lang='lat' dir='ltr'><strong>illic</strong></span> <span class='ocrx_word' id='word_1_328' title='bbox 962 4501 1308 4585; x_wconf 87' lang='lat' dir='ltr'><strong>principes,</strong></span> <span class='ocrx_word' id='word_1_329' title='bbox 1345 4510 1659 4584; x_wconf 89' lang='lat' dir='ltr'><strong>quotquot</strong></span> <span class='ocrx_word' id='word_1_330' title='bbox 1679 4502 2094 4586; x_wconf 86' lang='lat' dir='ltr'><strong>evangelium</strong></span> 
     </span>
     <span class='ocr_line' id='line_1_45' title="bbox 163 4586 2095 4671; baseline 0.001 -21"><span class='ocrx_word' id='word_1_331' title='bbox 163 4588 438 4671; x_wconf 80' lang='lat' dir='ltr'><strong>amplexi</strong></span> <span class='ocrx_word' id='word_1_332' title='bbox 515 4595 701 4653; x_wconf 88' lang='lat' dir='ltr'><strong>sunt:</strong></span> <span class='ocrx_word' id='word_1_333' title='bbox 781 4587 1177 4670; x_wconf 90' lang='lat' dir='ltr'><strong>promittunt</strong></span> <span class='ocrx_word' id='word_1_334' title='bbox 1252 4586 1731 4652; x_wconf 86' lang='lat' dir='ltr'><strong>restitutionem</strong></span> <span class='ocrx_word' id='word_1_335' title='bbox 1795 4587 2095 4652; x_wconf 91' lang='lat' dir='ltr'><strong>omnium</strong></span> 
     </span>
    </p>
   </div>
   <div class='ocr_carea' id='block_1_9' title="bbox 161 4723 556 4738">
    <p class='ocr_par' dir='ltr' id='par_1_11' title="bbox 161 4723 556 4738">
     <span class='ocr_line' id='line_1_46' title="bbox 161 4723 556 4738; baseline 0 1437"><span class='ocrx_word' id='word_1_336' title='bbox 161 4723 556 4738; x_wconf 95' lang='lat' dir='ltr'><strong> </strong></span> 
     </span>
    </p>
   </div>
   <div class='ocr_carea' id='block_1_10' title="bbox 164 4789 2096 5410">
    <p class='ocr_par' dir='ltr' id='par_1_12' title="bbox 164 4789 2096 5410">
     <span class='ocr_line' id='line_1_47' title="bbox 191 4789 2093 4944; baseline -0.001 -30"><span class='ocrx_word' id='word_1_337' title='bbox 191 4789 316 4846; x_wconf 68' lang='lat' dir='ltr'><strong>m</strong></span> <span class='ocrx_word' id='word_1_338' title='bbox 350 4793 412 4927; x_wconf 48' lang='grc' dir='ltr'><strong>ἐξ</strong></span> <span class='ocrx_word' id='word_1_339' title='bbox 443 4790 783 4944; x_wconf 37' lang='lat' dir='ltr'><strong>&amp;frgida</strong></span> <span class='ocrx_word' id='word_1_340' title='bbox 818 4867 879 4942; x_wconf 59' lang='lat' dir='ltr'><strong>gat</strong></span> <span class='ocrx_word' id='word_1_341' title='bbox 911 4860 1151 4943; x_wconf 55' lang='lat' dir='ltr'><strong>videtur,</strong></span> <span class='ocrx_word' id='word_1_342' title='bbox 1186 4875 1350 4941; x_wconf 59' lang='lat' dir='ltr'><strong>quiqu</strong></span> <span class='ocrx_word' id='word_1_343' title='bbox 1384 4867 1434 4915; x_wconf 79' lang='lat' dir='ltr'><strong>et</strong></span> <span class='ocrx_word' id='word_1_344' title='bbox 1471 4860 1870 4943; x_wconf 60' lang='lat' dir='ltr'><strong>Kirchhoferus</strong></span> <span class='ocrx_word' id='word_1_345' title='bbox 1902 4865 2093 4943; x_wconf 60' lang='lat' dir='ltr'><strong>taceat.</strong></span> 
     </span>
     <span class='ocr_line' id='line_1_48' title="bbox 354 4929 2094 4995; baseline 0 -11"><span class='ocrx_word' id='word_1_346' title='bbox 354 4929 414 4995; x_wconf 81' lang='lat'><strong>3)</strong></span> <span class='ocrx_word' id='word_1_347' title='bbox 586 4945 658 4984; x_wconf 75' lang='lat' dir='ltr'><strong>m·</strong></span> <span class='ocrx_word' id='word_1_348' title='bbox 704 4930 772 4983; x_wconf 82' lang='lat' dir='ltr'><strong>de</strong></span> <span class='ocrx_word' id='word_1_349' title='bbox 815 4935 1210 4984; x_wconf 69' lang='lat' dir='ltr'><strong>interventione</strong></span> <span class='ocrx_word' id='word_1_350' title='bbox 1255 4929 1598 4983; x_wconf 70' lang='lat' dir='ltr'><strong>diversarum</strong></span> <span class='ocrx_word' id='word_1_351' title='bbox 1645 4930 1989 4985; x_wconf 62' lang='lat' dir='ltr'><strong>cedomi-mn</strong></span> <span class='ocrx_word' id='word_1_352' title='bbox 2031 4945 2094 4984; x_wconf 78' lang='lat' dir='ltr'><strong>m</strong></span> 
     </span>
     <span class='ocr_line' id='line_1_49' title="bbox 164 4996 1660 5064; baseline 0.001 -16"><span class='ocrx_word' id='word_1_353' title='bbox 164 4999 363 5064; x_wconf 65' lang='lat' dir='ltr'><strong>negotio</strong></span> <span class='ocrx_word' id='word_1_354' title='bbox 398 4998 465 5054; x_wconf 73' lang='lat' dir='ltr'><strong>de</strong></span> <span class='ocrx_word' id='word_1_355' title='bbox 608 5000 619 5011; x_wconf 87' lang='lat'>&#39;</span> <span class='ocrx_word' id='word_1_356' title='bbox 670 5000 720 5052; x_wconf 78' lang='lat' dir='ltr'><strong>is</strong></span> <span class='ocrx_word' id='word_1_357' title='bbox 755 4996 1227 5053; x_wconf 68' lang='lat' dir='ltr'><strong>Neocomemcbus.</strong></span> <span class='ocrx_word' id='word_1_358' title='bbox 1302 4997 1384 5064; x_wconf 77' lang='lat' dir='ltr'><strong>Cf.</strong></span> <span class='ocrx_word' id='word_1_359' title='bbox 1424 4997 1504 5053; x_wconf 88' lang='lat' dir='ltr'><strong>N.</strong></span> <span class='ocrx_word' id='word_1_360' title='bbox 1541 4996 1660 5051; x_wconf 80' lang='lat'><strong>70⁷.</strong></span> 
     </span>
     <span class='ocr_line' id='line_1_50' title="bbox 354 5063 2096 5136; baseline -0.002 -15"><span class='ocrx_word' id='word_1_361' title='bbox 354 5066 417 5136; x_wconf 79' lang='lat'><strong>4)</strong></span> <span class='ocrx_word' id='word_1_362' title='bbox 451 5068 833 5135; x_wconf 67' lang='lat' dir='ltr'><strong>Basaeensem,</strong></span> <span class='ocrx_word' id='word_1_363' title='bbox 869 5068 1392 5136; x_wconf 75' lang='lat' dir='ltr'><strong>Aryentoratensem,</strong></span> <span class='ocrx_word' id='word_1_364' title='bbox 1434 5067 1811 5121; x_wconf 72' lang='lat' dir='ltr'><strong>Gemvensem.</strong></span> <span class='ocrx_word' id='word_1_365' title='bbox 1871 5063 1956 5133; x_wconf 80' lang='lat' dir='ltr'><strong>Of.</strong></span> <span class='ocrx_word' id='word_1_366' title='bbox 1991 5064 2096 5120; x_wconf 77' lang='grc'><strong>715</strong></span> 
     </span>
     <span class='ocr_line' id='line_1_51' title="bbox 164 5135 2094 5255; baseline 0 -66"><span class='ocrx_word' id='word_1_367' title='bbox 164 5137 456 5255; x_wconf 60' lang='lat' dir='ltr'><strong>geminam</strong></span> <span class='ocrx_word' id='word_1_368' title='bbox 481 5135 700 5192; x_wconf 71' lang='lat' dir='ltr'><strong>Caluini</strong></span> <span class='ocrx_word' id='word_1_369' title='bbox 728 5136 807 5190; x_wconf 79' lang='lat' dir='ltr'><strong>ad</strong></span> <span class='ocrx_word' id='word_1_370' title='bbox 839 5136 1087 5213; x_wconf 65' lang='lat' dir='ltr'><strong>Viretuyn,</strong></span> <span class='ocrx_word' id='word_1_371' title='bbox 1122 5137 1220 5191; x_wconf 75' lang='lat' dir='ltr'><strong>ubi</strong></span> <span class='ocrx_word' id='word_1_372' title='bbox 1251 5151 1408 5188; x_wconf 74' lang='lat' dir='ltr'><strong>suam</strong></span> <span class='ocrx_word' id='word_1_373' title='bbox 1443 5136 1511 5189; x_wconf 79' lang='lat' dir='ltr'><strong>de</strong></span> <span class='ocrx_word' id='word_1_374' title='bbox 1542 5136 1642 5191; x_wconf 74' lang='lat' dir='ltr'><strong>hoc</strong></span> <span class='ocrx_word' id='word_1_375' title='bbox 1664 5135 1880 5190; x_wconf 75' lang='lat' dir='ltr'><strong>Farelli</strong></span> <span class='ocrx_word' id='word_1_376' title='bbox 1905 5141 2094 5205; x_wconf 68' lang='lat' dir='ltr'><strong>postu·</strong></span> 
     </span>
     <span class='ocr_line' id='line_1_52' title="bbox 218 5198 1469 5273; baseline 0.001 -16"><span class='ocrx_word' id='word_1_377' title='bbox 218 5209 268 5257; x_wconf 74' lang='lat' dir='ltr'><strong>to</strong></span> <span class='ocrx_word' id='word_1_378' title='bbox 301 5207 611 5260; x_wconf 62' lang='lat' dir='ltr'><strong>amentiam</strong></span> <span class='ocrx_word' id='word_1_379' title='bbox 646 5206 821 5273; x_wconf 73' lang='lat' dir='ltr'><strong>mayis</strong></span> <span class='ocrx_word' id='word_1_380' title='bbox 855 5198 1143 5273; x_wconf 82' lang='grc' dir='ltr'><em>α’ποτομως</em></span> <span class='ocrx_word' id='word_1_381' title='bbox 1176 5205 1469 5272; x_wconf 69' lang='lat' dir='ltr'><strong>siqnificat.</strong></span> 
     </span>
     <span class='ocr_line' id='line_1_53' title="bbox 359 5272 2094 5342; baseline -0.001 -14"><span class='ocrx_word' id='word_1_382' title='bbox 359 5273 420 5338; x_wconf 85' lang='lat'><strong>5)</strong></span> <span class='ocrx_word' id='word_1_383' title='bbox 456 5275 710 5328; x_wconf 76' lang='lat' dir='ltr'><strong>Alienum</strong></span> <span class='ocrx_word' id='word_1_384' title='bbox 744 5289 894 5339; x_wconf 71' lang='lat' dir='ltr'><strong>sane,</strong></span> <span class='ocrx_word' id='word_1_385' title='bbox 928 5276 1062 5342; x_wconf 77' lang='lat' dir='ltr'><strong>quia</strong></span> <span class='ocrx_word' id='word_1_386' title='bbox 1097 5273 1177 5328; x_wconf 80' lang='lat' dir='ltr'><strong>ibi</strong></span> <span class='ocrx_word' id='word_1_387' title='bbox 1208 5275 1486 5341; x_wconf 70' lang='lat' dir='ltr'><strong>principes</strong></span> <span class='ocrx_word' id='word_1_388' title='bbox 1519 5272 1732 5342; x_wconf 65' lang='grc' dir='ltr'><strong>10911οαί</strong></span> <span class='ocrx_word' id='word_1_389' title='bbox 1761 5288 1876 5328; x_wconf 72' lang='lat' dir='ltr'><strong>esse</strong></span> <span class='ocrx_word' id='word_1_390' title='bbox 1905 5273 2094 5327; x_wconf 64' lang='lat' dir='ltr'><strong>dicuu-</strong></span> 
     </span>
     <span class='ocr_line' id='line_1_54' title="bbox 171 5341 1442 5410; baseline 0.001 -17"><span class='ocrx_word' id='word_1_391' title='bbox 171 5343 276 5405; x_wconf 72' lang='lat' dir='ltr'><strong>tur;</strong></span> <span class='ocrx_word' id='word_1_392' title='bbox 305 5341 479 5410; x_wconf 71' lang='lat' dir='ltr'><strong>ipsius</strong></span> <span class='ocrx_word' id='word_1_393' title='bbox 512 5342 715 5399; x_wconf 72' lang='lat' dir='ltr'><strong>Nostri</strong></span> <span class='ocrx_word' id='word_1_394' title='bbox 743 5342 950 5397; x_wconf 75' lang='lat' dir='ltr'><strong>nullum</strong></span> <span class='ocrx_word' id='word_1_395' title='bbox 986 5343 1145 5398; x_wconf 81' lang='lat' dir='ltr'><strong>talem</strong></span> <span class='ocrx_word' id='word_1_396' title='bbox 1179 5345 1442 5398; x_wconf 74' lang='lat' dir='ltr'><strong>novimus.</strong></span> 
     </span>
    </p>
   </div>
   <div class='ocr_carea' id='block_1_11' title="bbox 1901 422 2439 496">
    <p class='ocr_par' dir='ltr' id='par_1_13' title="bbox 1901 422 2439 496">
     <span class='ocr_line' id='line_1_55' title="bbox 1901 422 2439 496; baseline 0.017 -9"><span class='ocrx_word' id='word_1_397' title='bbox 1901 427 2062 489; x_wconf 82' lang='lat'>1545</span> <span class='ocrx_word' id='word_1_398' title='bbox 2107 422 2439 496; x_wconf 73' lang='lat' dir='ltr'><strong>OOTOB.</strong></span> 
     </span>
    </p>
   </div>
   <div class='ocr_carea' id='block_1_12' title="bbox 2142 623 2174 5388">
    <p class='ocr_par' dir='ltr' id='par_1_14' title="bbox 2142 623 2174 5388">
     <span class='ocr_line' id='line_1_56' title="bbox 2142 623 2174 5388; baseline 0 0"><span class='ocrx_word' id='word_1_399' title='bbox 2142 623 2174 5388; x_wconf 95' lang='lat' dir='ltr'><strong> </strong></span> 
     </span>
    </p>
   </div>
   <div class='ocr_carea' id='block_1_13' title="bbox 4055 444 4176 507">
    <p class='ocr_par' dir='ltr' id='par_1_15' title="bbox 4055 444 4176 507">
     <span class='ocr_line' id='line_1_57' title="bbox 4055 444 4176 507; baseline 0.008 -2"><span class='ocrx_word' id='word_1_400' title='bbox 4055 444 4176 507; x_wconf 86' lang='lat'><strong>190</strong></span> 
     </span>
    </p>
   </div>
   <div class='ocr_carea' id='block_1_14' title="bbox 2218 616 4177 1049">
    <p class='ocr_par' dir='ltr' id='par_1_16' title="bbox 2218 616 4177 1049">
     <span class='ocr_line' id='line_1_58' title="bbox 2219 616 4174 708; baseline 0.008 -32"><span class='ocrx_word' id='word_1_401' title='bbox 2219 633 2387 696; x_wconf 89' lang='lat' dir='ltr'><strong>quae</strong></span> <span class='ocrx_word' id='word_1_402' title='bbox 2432 624 2864 698; x_wconf 88' lang='lat' dir='ltr'><strong>occuparunt,</strong></span> <span class='ocrx_word' id='word_1_403' title='bbox 2919 616 2977 683; x_wconf 89' lang='grc'><strong>81</strong></span> <span class='ocrx_word' id='word_1_404' title='bbox 3020 619 3281 701; x_wconf 90' lang='lat' dir='ltr'><strong>quando</strong></span> <span class='ocrx_word' id='word_1_405' title='bbox 3324 619 3409 686; x_wconf 88' lang='lat' dir='ltr'><strong>ad</strong></span> <span class='ocrx_word' id='word_1_406' title='bbox 3449 623 3629 705; x_wconf 90' lang='lat' dir='ltr'><strong>piam</strong></span> <span class='ocrx_word' id='word_1_407' title='bbox 3689 623 3975 708; x_wconf 89' lang='lat' dir='ltr'><strong>aliquam</strong></span> <span class='ocrx_word' id='word_1_408' title='bbox 4018 647 4174 693; x_wconf 90' lang='lat' dir='ltr'><strong>con·</strong></span> 
     </span>
     <span class='ocr_line' id='line_1_59' title="bbox 2219 697 4177 780; baseline 0.009 -18"><span class='ocrx_word' id='word_1_409' title='bbox 2219 697 2515 764; x_wconf 84' lang='lat' dir='ltr'><strong>cordiam</strong></span> <span class='ocrx_word' id='word_1_410' title='bbox 2553 708 2831 766; x_wconf 88' lang='lat' dir='ltr'><strong>ventum</strong></span> <span class='ocrx_word' id='word_1_411' title='bbox 2871 702 3089 769; x_wconf 86' lang='lat' dir='ltr'><strong>fuerit.</strong></span> <span class='ocrx_word' id='word_1_412' title='bbox 3147 704 3567 773; x_wconf 88' lang='lat' dir='ltr'><strong>Admonendi</strong></span> <span class='ocrx_word' id='word_1_413' title='bbox 3603 718 3824 775; x_wconf 88' lang='lat' dir='ltr'><strong>essent</strong></span> <span class='ocrx_word' id='word_1_414' title='bbox 3856 713 4064 778; x_wconf 87' lang='lat' dir='ltr'><strong>vestri</strong></span> <span class='ocrx_word' id='word_1_415' title='bbox 4099 723 4177 780; x_wconf 90' lang='lat' dir='ltr'><strong>ut</strong></span> 
     </span>
     <span class='ocr_line' id='line_1_60' title="bbox 2218 783 4176 883; baseline 0.01 -37"><span class='ocrx_word' id='word_1_416' title='bbox 2218 783 2596 883; x_wconf 72' lang='lat' dir='ltr'><strong>principum</strong></span> <span class='ocrx_word' id='word_1_417' title='bbox 2647 788 2974 871; x_wconf 88' lang='lat' dir='ltr'><strong>exemplo,</strong></span> <span class='ocrx_word' id='word_1_418' title='bbox 3042 789 3278 857; x_wconf 87' lang='lat' dir='ltr'><strong>saltem</strong></span> <span class='ocrx_word' id='word_1_419' title='bbox 3336 793 3421 859; x_wconf 92' lang='lat' dir='ltr'><strong>ad</strong></span> <span class='ocrx_word' id='word_1_420' title='bbox 3477 793 3547 859; x_wconf 91' lang='lat' dir='ltr'><strong>id</strong></span> <span class='ocrx_word' id='word_1_421' title='bbox 3600 794 3892 880; x_wconf 87' lang='lat' dir='ltr'><strong>tempus,</strong></span> <span class='ocrx_word' id='word_1_422' title='bbox 3950 799 4176 867; x_wconf 89' lang='lat' dir='ltr'><strong>omnia</strong></span> 
     </span>
     <span class='ocr_line' id='line_1_61' title="bbox 2219 868 4174 967; baseline 0.009 -34"><span class='ocrx_word' id='word_1_423' title='bbox 2219 868 2345 934; x_wconf 89' lang='grc'><strong>8151</strong></span> <span class='ocrx_word' id='word_1_424' title='bbox 2386 880 2651 956; x_wconf 78' lang='lat' dir='ltr'><strong>integra</strong></span> <span class='ocrx_word' id='word_1_425' title='bbox 2693 881 3050 941; x_wconf 88' lang='lat' dir='ltr'><strong>servarent.</strong></span> <span class='ocrx_word' id='word_1_426' title='bbox 3097 875 3389 962; x_wconf 87' lang='lat' dir='ltr'><strong>Rogabis</strong></span> <span class='ocrx_word' id='word_1_427' title='bbox 3432 880 3744 964; x_wconf 87' lang='lat' dir='ltr'><strong>quidnam</strong></span> <span class='ocrx_word' id='word_1_428' title='bbox 3785 881 3990 967; x_wconf 88' lang='lat' dir='ltr'><strong>igitur</strong></span> <span class='ocrx_word' id='word_1_429' title='bbox 4032 905 4174 952; x_wconf 88' lang='lat' dir='ltr'><strong>ces-</strong></span> 
     </span>
     <span class='ocr_line' id='line_1_62' title="bbox 2218 956 4174 1049; baseline 0.009 -30"><span class='ocrx_word' id='word_1_430' title='bbox 2218 975 2387 1032; x_wconf 91' lang='lat' dir='ltr'><strong>sem,</strong></span> <span class='ocrx_word' id='word_1_431' title='bbox 2448 957 2505 1021; x_wconf 89' lang='lat' dir='ltr'><strong>si</strong></span> <span class='ocrx_word' id='word_1_432' title='bbox 2547 956 2774 1023; x_wconf 90' lang='lat' dir='ltr'><strong>eadem</strong></span> <span class='ocrx_word' id='word_1_433' title='bbox 2836 958 2941 1026; x_wconf 90' lang='lat' dir='ltr'><strong>hic</strong></span> <span class='ocrx_word' id='word_1_434' title='bbox 2985 980 3181 1027; x_wconf 88' lang='lat' dir='ltr'><strong>cerno</strong></span> <span class='ocrx_word' id='word_1_435' title='bbox 3238 963 3426 1044; x_wconf 88' lang='lat' dir='ltr'><strong>vitia,</strong></span> <span class='ocrx_word' id='word_1_436' title='bbox 3485 987 3650 1049; x_wconf 92' lang='lat' dir='ltr'><strong>quae</strong></span> <span class='ocrx_word' id='word_1_437' title='bbox 3701 988 3819 1034; x_wconf 87' lang='lat' dir='ltr'><strong>vos</strong></span> <span class='ocrx_word' id='word_1_438' title='bbox 3859 968 4013 1036; x_wconf 90' lang='lat' dir='ltr'><strong>istic</strong></span> <span class='ocrx_word' id='word_1_439' title='bbox 4056 992 4174 1036; x_wconf 90' lang='lat' dir='ltr'><strong>ex·</strong></span> 
     </span>
    </p>
   </div>
   <div class='ocr_carea' id='block_1_15' title="bbox 2217 1041 4293 1138">
    <p class='ocr_par' dir='ltr' id='par_1_17' title="bbox 2217 1041 4293 1138">
     <span class='ocr_line' id='line_1_63' title="bbox 2217 1041 4293 1138; baseline 0.009 -32"><span class='ocrx_word' id='word_1_440' title='bbox 2217 1041 2517 1107; x_wconf 88' lang='lat' dir='ltr'><strong>cruciant</strong></span> <span class='ocrx_word' id='word_1_441' title='bbox 2559 1052 2626 1108; x_wconf 90' lang='lat' dir='ltr'><strong>et</strong></span> <span class='ocrx_word' id='word_1_442' title='bbox 2668 1051 2928 1109; x_wconf 89' lang='lat' dir='ltr'><strong>tantum</strong></span> <span class='ocrx_word' id='word_1_443' title='bbox 2970 1047 3305 1114; x_wconf 88' lang='lat' dir='ltr'><strong>facessunt</strong></span> <span class='ocrx_word' id='word_1_444' title='bbox 3336 1052 3601 1135; x_wconf 89' lang='lat' dir='ltr'><strong>negotii.</strong></span> <span class='ocrx_word' id='word_1_445' title='bbox 3662 1052 3808 1138; x_wconf 86' lang='lat' dir='ltr'><strong>Ego</strong></span> <span class='ocrx_word' id='word_1_446' title='bbox 3844 1076 4003 1120; x_wconf 90' lang='lat' dir='ltr'><strong>vero</strong></span> <span class='ocrx_word' id='word_1_447' title='bbox 4038 1077 4172 1123; x_wconf 91' lang='lat' dir='ltr'><strong>non</strong></span> <span class='ocrx_word' id='word_1_448' title='bbox 4282 1064 4293 1072; x_wconf 84' lang='grc'><em>“</em></span> 
     </span>
    </p>
   </div>
   <div class='ocr_carea' id='block_1_16' title="bbox 2202 1128 4173 3348">
    <p class='ocr_par' dir='ltr' id='par_1_18' title="bbox 2202 1128 4173 3348">
     <span class='ocr_line' id='line_1_64' title="bbox 2216 1128 4173 1226; baseline 0.008 -34"><span class='ocrx_word' id='word_1_449' title='bbox 2216 1146 2398 1226; x_wconf 72' lang='lat' dir='ltr'><strong>cesso</strong></span> <span class='ocrx_word' id='word_1_450' title='bbox 2442 1128 2662 1212; x_wconf 88' lang='lat' dir='ltr'><strong>palam</strong></span> <span class='ocrx_word' id='word_1_451' title='bbox 2703 1129 2774 1193; x_wconf 90' lang='lat' dir='ltr'><strong>in</strong></span> <span class='ocrx_word' id='word_1_452' title='bbox 2819 1134 3261 1200; x_wconf 88' lang='lat' dir='ltr'><strong>concionibus:</strong></span> <span class='ocrx_word' id='word_1_453' title='bbox 3309 1137 3562 1219; x_wconf 89' lang='lat' dir='ltr'><strong>quoties</strong></span> <span class='ocrx_word' id='word_1_454' title='bbox 3597 1140 4052 1223; x_wconf 89' lang='lat' dir='ltr'><strong>opportunitas</strong></span> <span class='ocrx_word' id='word_1_455' title='bbox 4080 1143 4173 1208; x_wconf 85' lang='lat' dir='ltr'><strong>ita</strong></span> 
     </span>
     <span class='ocr_line' id='line_1_65' title="bbox 2215 1212 4169 1310; baseline 0.009 -34"><span class='ocrx_word' id='word_1_456' title='bbox 2215 1212 2399 1310; x_wconf 69' lang='lat' dir='ltr'><strong>tuht,</strong></span> <span class='ocrx_word' id='word_1_457' title='bbox 2444 1222 2776 1280; x_wconf 87' lang='lat' dir='ltr'><strong>contestor</strong></span> <span class='ocrx_word' id='word_1_458' title='bbox 2817 1215 3039 1282; x_wconf 90' lang='lat' dir='ltr'><strong>Deum</strong></span> <span class='ocrx_word' id='word_1_459' title='bbox 3084 1229 3150 1285; x_wconf 90' lang='lat' dir='ltr'><strong>et</strong></span> <span class='ocrx_word' id='word_1_460' title='bbox 3193 1220 3518 1302; x_wconf 90' lang='lat' dir='ltr'><strong>homines,</strong></span> <span class='ocrx_word' id='word_1_461' title='bbox 3564 1244 3768 1307; x_wconf 89' lang='lat' dir='ltr'><strong>grave</strong></span> <span class='ocrx_word' id='word_1_462' title='bbox 3810 1225 4001 1291; x_wconf 87' lang='lat' dir='ltr'><strong>nobis</strong></span> <span class='ocrx_word' id='word_1_463' title='bbox 4043 1227 4169 1293; x_wconf 90' lang='lat' dir='ltr'><strong>im·</strong></span> 
     </span>
     <span class='ocr_line' id='line_1_66' title="bbox 2214 1299 4166 1398; baseline 0.009 -36"><span class='ocrx_word' id='word_1_464' title='bbox 2214 1317 2466 1363; x_wconf 79' lang='lat' dir='ltr'><strong>muers</strong></span> <span class='ocrx_word' id='word_1_465' title='bbox 2532 1299 2880 1366; x_wconf 85' lang='lat' dir='ltr'><strong>iudicium:</strong></span> <span class='ocrx_word' id='word_1_466' title='bbox 2946 1303 3019 1368; x_wconf 91' lang='lat' dir='ltr'><strong>in</strong></span> <span class='ocrx_word' id='word_1_467' title='bbox 3086 1316 3321 1371; x_wconf 90' lang='lat' dir='ltr'><strong>senatu</strong></span> <span class='ocrx_word' id='word_1_468' title='bbox 3384 1307 3559 1374; x_wconf 88' lang='lat' dir='ltr'><strong>idem</strong></span> <span class='ocrx_word' id='word_1_469' title='bbox 3624 1310 3963 1393; x_wconf 87' lang='lat' dir='ltr'><strong>aliquoties</strong></span> <span class='ocrx_word' id='word_1_470' title='bbox 4029 1314 4166 1398; x_wconf 89' lang='lat' dir='ltr'><strong>egi:</strong></span> 
     </span>
     <span class='ocr_line' id='line_1_67' title="bbox 2213 1386 4169 1482; baseline 0.009 -35"><span class='ocrx_word' id='word_1_471' title='bbox 2213 1403 2428 1482; x_wconf 75' lang='lat' dir='ltr'><strong>neque</strong></span> <span class='ocrx_word' id='word_1_472' title='bbox 2472 1392 2695 1451; x_wconf 87' lang='lat' dir='ltr'><strong>tamen</strong></span> <span class='ocrx_word' id='word_1_473' title='bbox 2738 1386 2861 1453; x_wconf 84' lang='lat' dir='ltr'><strong>hoc</strong></span> <span class='ocrx_word' id='word_1_474' title='bbox 2901 1388 3094 1455; x_wconf 91' lang='lat' dir='ltr'><strong>modo</strong></span> <span class='ocrx_word' id='word_1_475' title='bbox 3137 1391 3299 1457; x_wconf 89' lang='lat' dir='ltr'><strong>mihi</strong></span> <span class='ocrx_word' id='word_1_476' title='bbox 3336 1392 3684 1461; x_wconf 82' lang='lat' dir='ltr'><strong>defunctus</strong></span> <span class='ocrx_word' id='word_1_477' title='bbox 3716 1395 3964 1476; x_wconf 78' lang='lat' dir='ltr'><strong>videor,</strong></span> <span class='ocrx_word' id='word_1_478' title='bbox 4010 1396 4169 1465; x_wconf 88' lang='lat' dir='ltr'><strong>dum</strong></span> 
     </span>
     <span class='ocr_line' id='line_1_68' title="bbox 2213 1469 4166 1569; baseline 0.009 -37"><span class='ocrx_word' id='word_1_479' title='bbox 2213 1469 2383 1568; x_wconf 73' lang='grc'><strong>1111111</strong></span> <span class='ocrx_word' id='word_1_480' title='bbox 2449 1491 2559 1569; x_wconf 77' lang='lat' dir='ltr'><strong>me</strong></span> <span class='ocrx_word' id='word_1_481' title='bbox 2661 1472 2967 1540; x_wconf 84' lang='lat' dir='ltr'><strong>rofecisse</strong></span> <span class='ocrx_word' id='word_1_482' title='bbox 3023 1476 3228 1545; x_wconf 85' lang='lat' dir='ltr'><strong>video.</strong></span> <span class='ocrx_word' id='word_1_483' title='bbox 3317 1477 3569 1545; x_wconf 87' lang='lat' dir='ltr'><strong>Verum</strong></span> <span class='ocrx_word' id='word_1_484' title='bbox 3615 1502 3849 1565; x_wconf 90' lang='lat' dir='ltr'><strong>sequor</strong></span> <span class='ocrx_word' id='word_1_485' title='bbox 3888 1484 4166 1551; x_wconf 85' lang='lat' dir='ltr'><strong>Ambro-</strong></span> 
     </span>
     <span class='ocr_line' id='line_1_69' title="bbox 2213 1560 4163 1653; baseline 0.009 -34"><span class='ocrx_word' id='word_1_486' title='bbox 2213 1575 2405 1653; x_wconf 76' lang='lat' dir='ltr'><strong>sium,</strong></span> <span class='ocrx_word' id='word_1_487' title='bbox 2450 1577 2566 1640; x_wconf 87' lang='lat' dir='ltr'><strong>qm</strong></span> <span class='ocrx_word' id='word_1_488' title='bbox 2654 1560 2967 1626; x_wconf 89' lang='lat' dir='ltr'><strong>octrinam</strong></span> <span class='ocrx_word' id='word_1_489' title='bbox 3015 1573 3082 1625; x_wconf 94' lang='lat' dir='ltr'><strong>et</strong></span> <span class='ocrx_word' id='word_1_490' title='bbox 3124 1560 3343 1629; x_wconf 92' lang='lat' dir='ltr'><strong>locum</strong></span> <span class='ocrx_word' id='word_1_491' title='bbox 3377 1566 3657 1647; x_wconf 89' lang='lat' dir='ltr'><strong>pastoris</strong></span> <span class='ocrx_word' id='word_1_492' title='bbox 3691 1566 3818 1633; x_wconf 90' lang='lat' dir='ltr'><strong>sibi</strong></span> <span class='ocrx_word' id='word_1_493' title='bbox 3851 1570 4163 1649; x_wconf 85' lang='lat' dir='ltr'><strong>retinens,</strong></span> 
     </span>
     <span class='ocr_line' id='line_1_70' title="bbox 2211 1643 4163 1739; baseline 0.009 -35"><span class='ocrx_word' id='word_1_494' title='bbox 2211 1647 2307 1704; x_wconf 78' lang='lat' dir='ltr'><strong>ita</strong></span> <span class='ocrx_word' id='word_1_495' title='bbox 2349 1654 2424 1706; x_wconf 92' lang='lat' dir='ltr'><strong>ut</strong></span> <span class='ocrx_word' id='word_1_496' title='bbox 2464 1663 2586 1725; x_wconf 89' lang='lat' dir='ltr'><strong>pro</strong></span> <span class='ocrx_word' id='word_1_497' title='bbox 2624 1643 2756 1708; x_wconf 92' lang='lat' dir='ltr'><strong>illis</strong></span> <span class='ocrx_word' id='word_1_498' title='bbox 2802 1645 3214 1714; x_wconf 83' lang='lat' dir='ltr'><strong>vindicandis</strong></span> <span class='ocrx_word' id='word_1_499' title='bbox 3271 1660 3542 1730; x_wconf 89' lang='lat' dir='ltr'><strong>paratus</strong></span> <span class='ocrx_word' id='word_1_500' title='bbox 3587 1663 3759 1718; x_wconf 87' lang='lat' dir='ltr'><strong>esset</strong></span> <span class='ocrx_word' id='word_1_501' title='bbox 3804 1654 4004 1719; x_wconf 87' lang='lat' dir='ltr'><strong>vitam</strong></span> <span class='ocrx_word' id='word_1_502' title='bbox 4050 1678 4163 1739; x_wconf 89' lang='lat' dir='ltr'><strong>op-</strong></span> 
     </span>
     <span class='ocr_line' id='line_1_71' title="bbox 2211 1732 4166 1825; baseline 0.009 -35"><span class='ocrx_word' id='word_1_503' title='bbox 2211 1746 2459 1825; x_wconf 77' lang='lat' dir='ltr'><strong>ponere</strong></span> <span class='ocrx_word' id='word_1_504' title='bbox 2476 1778 2491 1805; x_wconf 93' lang='lat'><strong>,</strong></span> <span class='ocrx_word' id='word_1_505' title='bbox 2557 1748 2749 1812; x_wconf 88' lang='lat' dir='ltr'><strong>agros</strong></span> <span class='ocrx_word' id='word_1_506' title='bbox 2787 1732 3153 1815; x_wconf 81' lang='lat' dir='ltr'><strong>tyrannidi</strong></span> <span class='ocrx_word' id='word_1_507' title='bbox 3218 1733 3646 1818; x_wconf 86' lang='lat' dir='ltr'><strong>Imperatoris</strong></span> <span class='ocrx_word' id='word_1_508' title='bbox 3710 1738 4166 1807; x_wconf 87' lang='lat' dir='ltr'><strong>Valentiniani</strong></span> 
     </span>
     <span class='ocr_line' id='line_1_72' title="bbox 2212 1811 4166 1906; baseline 0.008 -29"><span class='ocrx_word' id='word_1_509' title='bbox 2212 1811 2486 1881; x_wconf 75' lang='lat' dir='ltr'><strong>sinebat.</strong></span> <span class='ocrx_word' id='word_1_510' title='bbox 2533 1811 2647 1880; x_wconf 81' lang='lat' dir='ltr'><strong>Sic</strong></span> <span class='ocrx_word' id='word_1_511' title='bbox 2683 1815 2860 1880; x_wconf 90' lang='lat' dir='ltr'><strong>enim</strong></span> <span class='ocrx_word' id='word_1_512' title='bbox 2895 1818 3313 1901; x_wconf 87' lang='lat' dir='ltr'><strong>suspicantur</strong></span> <span class='ocrx_word' id='word_1_513' title='bbox 3346 1824 3773 1906; x_wconf 84' lang='lat' dir='ltr'><strong>magistratus</strong></span> <span class='ocrx_word' id='word_1_514' title='bbox 3808 1825 4038 1905; x_wconf 89' lang='lat' dir='ltr'><strong>nostri,</strong></span> <span class='ocrx_word' id='word_1_515' title='bbox 4085 1826 4166 1893; x_wconf 89' lang='lat' dir='ltr'><strong>de</strong></span> 
     </span>
     <span class='ocr_line' id='line_1_73' title="bbox 2212 1898 4163 1989; baseline 0.01 -29"><span class='ocrx_word' id='word_1_516' title='bbox 2212 1898 2653 1964; x_wconf 87' lang='lat' dir='ltr'><strong>aemulatione</strong></span> <span class='ocrx_word' id='word_1_517' title='bbox 2694 1920 2837 1967; x_wconf 88' lang='lat' dir='ltr'><strong>esse</strong></span> <span class='ocrx_word' id='word_1_518' title='bbox 2879 1912 3245 1985; x_wconf 87' lang='lat' dir='ltr'><strong>certamen,</strong></span> <span class='ocrx_word' id='word_1_519' title='bbox 3289 1908 3441 1989; x_wconf 90' lang='lat' dir='ltr'><strong>quia</strong></span> <span class='ocrx_word' id='word_1_520' title='bbox 3481 1928 3558 1973; x_wconf 90' lang='lat' dir='ltr'><strong>ae</strong></span> <span class='ocrx_word' id='word_1_521' title='bbox 3641 1932 3678 1975; x_wconf 92' lang='lat' dir='ltr'><strong>e</strong></span> <span class='ocrx_word' id='word_1_522' title='bbox 3719 1909 4005 1977; x_wconf 89' lang='lat' dir='ltr'><strong>feramus</strong></span> <span class='ocrx_word' id='word_1_523' title='bbox 4048 1933 4163 1978; x_wconf 89' lang='lat' dir='ltr'><strong>ex-</strong></span> 
     </span>
     <span class='ocr_line' id='line_1_74' title="bbox 2211 1987 4162 2082; baseline 0.008 -35"><span class='ocrx_word' id='word_1_524' title='bbox 2211 2003 2474 2048; x_wconf 90' lang='lat' dir='ltr'><strong>cussum</strong></span> <span class='ocrx_word' id='word_1_525' title='bbox 2531 2006 2675 2050; x_wconf 90' lang='lat' dir='ltr'><strong>esse</strong></span> <span class='ocrx_word' id='word_1_526' title='bbox 2718 1987 2903 2053; x_wconf 88' lang='lat' dir='ltr'><strong>nobis</strong></span> <span class='ocrx_word' id='word_1_527' title='bbox 2948 1987 3027 2053; x_wconf 90' lang='lat' dir='ltr'><strong>de</strong></span> <span class='ocrx_word' id='word_1_528' title='bbox 3070 1990 3372 2059; x_wconf 90' lang='lat' dir='ltr'><strong>manibus</strong></span> <span class='ocrx_word' id='word_1_529' title='bbox 3415 2014 3502 2076; x_wconf 93' lang='lat' dir='ltr'><strong>qu</strong></span> <span class='ocrx_word' id='word_1_530' title='bbox 3631 1995 3727 2060; x_wconf 90' lang='lat' dir='ltr'><strong>illi</strong></span> <span class='ocrx_word' id='word_1_531' title='bbox 3772 1995 3894 2063; x_wconf 89' lang='lat' dir='ltr'><strong>sibi</strong></span> <span class='ocrx_word' id='word_1_532' title='bbox 3939 2018 4162 2082; x_wconf 91' lang='lat' dir='ltr'><strong>sump-</strong></span> 
     </span>
     <span class='ocr_line' id='line_1_75' title="bbox 2211 2070 4162 2163; baseline 0.009 -29"><span class='ocrx_word' id='word_1_533' title='bbox 2211 2078 2470 2134; x_wconf 88' lang='lat' dir='ltr'><strong>serunt:</strong></span> <span class='ocrx_word' id='word_1_534' title='bbox 2527 2070 2659 2136; x_wconf 91' lang='lat' dir='ltr'><strong>nisi</strong></span> <span class='ocrx_word' id='word_1_535' title='bbox 2715 2072 2884 2139; x_wconf 89' lang='lat' dir='ltr'><strong>forte</strong></span> <span class='ocrx_word' id='word_1_536' title='bbox 2943 2073 3064 2140; x_wconf 91' lang='lat' dir='ltr'><strong>hoc</strong></span> <span class='ocrx_word' id='word_1_537' title='bbox 3120 2077 3464 2158; x_wconf 89' lang='lat' dir='ltr'><strong>simulant,</strong></span> <span class='ocrx_word' id='word_1_538' title='bbox 3520 2101 3647 2163; x_wconf 91' lang='lat' dir='ltr'><strong>quo</strong></span> <span class='ocrx_word' id='word_1_539' title='bbox 3707 2080 3903 2148; x_wconf 85' lang='lat' dir='ltr'><strong>fidem</strong></span> <span class='ocrx_word' id='word_1_540' title='bbox 3947 2083 4162 2150; x_wconf 90' lang='lat' dir='ltr'><strong>studio</strong></span> 
     </span>
     <span class='ocr_line' id='line_1_76' title="bbox 2210 2153 4161 2254; baseline 0.008 -36"><span class='ocrx_word' id='word_1_541' title='bbox 2210 2162 2447 2254; x_wconf 46' lang='lat' dir='ltr'><strong>nostro·</strong></span> <span class='ocrx_word' id='word_1_542' title='bbox 2479 2153 2813 2241; x_wconf 89' lang='lat' dir='ltr'><strong>derogent.</strong></span> <span class='ocrx_word' id='word_1_543' title='bbox 2870 2159 3098 2243; x_wconf 90' lang='lat' dir='ltr'><strong>Neque</strong></span> <span class='ocrx_word' id='word_1_544' title='bbox 3133 2170 3354 2229; x_wconf 87' lang='lat' dir='ltr'><strong>tamen</strong></span> <span class='ocrx_word' id='word_1_545' title='bbox 3389 2164 3481 2228; x_wconf 87' lang='lat' dir='ltr'><strong>ita</strong></span> <span class='ocrx_word' id='word_1_546' title='bbox 3513 2165 3787 2232; x_wconf 89' lang='lat' dir='ltr'><strong>vitanda</strong></span> <span class='ocrx_word' id='word_1_547' title='bbox 3828 2175 3931 2233; x_wconf 88' lang='lat' dir='ltr'><strong>est</strong></span> <span class='ocrx_word' id='word_1_548' title='bbox 3971 2170 4161 2236; x_wconf 88' lang='lat' dir='ltr'><strong>nobis</strong></span> 
     </span>
     <span class='ocr_line' id='line_1_77' title="bbox 2210 2244 4161 2337; baseline 0.009 -34"><span class='ocrx_word' id='word_1_549' title='bbox 2210 2260 2511 2337; x_wconf 74' lang='lat' dir='ltr'><strong>suspicio,</strong></span> <span class='ocrx_word' id='word_1_550' title='bbox 2556 2252 2630 2306; x_wconf 94' lang='lat' dir='ltr'><strong>ut</strong></span> <span class='ocrx_word' id='word_1_551' title='bbox 2672 2244 2756 2309; x_wconf 89' lang='lat' dir='ltr'><strong>ad</strong></span> <span class='ocrx_word' id='word_1_552' title='bbox 2799 2244 3141 2331; x_wconf 88' lang='lat' dir='ltr'><strong>sacrilegia</strong></span> <span class='ocrx_word' id='word_1_553' title='bbox 3183 2248 3667 2317; x_wconf 81' lang='lat' dir='ltr'><strong>conniveamus.</strong></span> <span class='ocrx_word' id='word_1_554' title='bbox 3723 2254 4011 2319; x_wconf 76' lang='lat' dir='ltr'><strong>Tantum</strong></span> <span class='ocrx_word' id='word_1_555' title='bbox 4055 2276 4161 2322; x_wconf 91' lang='lat' dir='ltr'><strong>co-</strong></span> 
     </span>
     <span class='ocr_line' id='line_1_78' title="bbox 2208 2331 4160 2424; baseline 0.009 -35"><span class='ocrx_word' id='word_1_556' title='bbox 2208 2335 2422 2424; x_wconf 74' lang='lat' dir='ltr'><strong>gitare</strong></span> <span class='ocrx_word' id='word_1_557' title='bbox 2464 2348 2699 2410; x_wconf 92' lang='lat' dir='ltr'><strong>operae</strong></span> <span class='ocrx_word' id='word_1_558' title='bbox 2742 2331 3027 2412; x_wconf 88' lang='lat' dir='ltr'><strong>pretium</strong></span> <span class='ocrx_word' id='word_1_559' title='bbox 3070 2341 3186 2409; x_wconf 90' lang='lat' dir='ltr'><strong>est,</strong></span> <span class='ocrx_word' id='word_1_560' title='bbox 3233 2355 3566 2420; x_wconf 87' lang='lat' dir='ltr'><strong>quousque</strong></span> <span class='ocrx_word' id='word_1_561' title='bbox 3608 2338 4002 2405; x_wconf 89' lang='lat' dir='ltr'><strong>contendere</strong></span> <span class='ocrx_word' id='word_1_562' title='bbox 4045 2362 4160 2406; x_wconf 89' lang='lat' dir='ltr'><strong>cx-</strong></span> 
     </span>
     <span class='ocr_line' id='line_1_79' title="bbox 2208 2411 4161 2510; baseline 0.01 -37"><span class='ocrx_word' id='word_1_563' title='bbox 2208 2411 2448 2510; x_wconf 77' lang='lat' dir='ltr'><strong>pediat.</strong></span> <span class='ocrx_word' id='word_1_564' title='bbox 2540 2411 2934 2498; x_wconf 78' lang='lat' dir='ltr'><strong>Quanquam</strong></span> <span class='ocrx_word' id='word_1_565' title='bbox 2978 2417 3045 2482; x_wconf 91' lang='lat' dir='ltr'><strong>in</strong></span> <span class='ocrx_word' id='word_1_566' title='bbox 3090 2423 3462 2501; x_wconf 85' lang='lat' dir='ltr'><strong>praesentia</strong></span> <span class='ocrx_word' id='word_1_567' title='bbox 3502 2422 3865 2508; x_wconf 88' lang='lat' dir='ltr'><strong>longiorem</strong></span> <span class='ocrx_word' id='word_1_568' title='bbox 3909 2424 4161 2510; x_wconf 90' lang='lat' dir='ltr'><strong>discep-</strong></span> 
     </span>
     <span class='ocr_line' id='line_1_80' title="bbox 2206 2500 4160 2596; baseline 0.009 -35"><span class='ocrx_word' id='word_1_569' title='bbox 2206 2504 2521 2596; x_wconf 62' lang='lat' dir='ltr'><strong>tationem</strong></span> <span class='ocrx_word' id='word_1_570' title='bbox 2587 2500 2846 2584; x_wconf 86' lang='lat' dir='ltr'><strong>ingredi</strong></span> <span class='ocrx_word' id='word_1_571' title='bbox 2910 2523 3040 2567; x_wconf 91' lang='lat' dir='ltr'><strong>non</strong></span> <span class='ocrx_word' id='word_1_572' title='bbox 3107 2514 3206 2569; x_wconf 91' lang='lat' dir='ltr'><strong>est</strong></span> <span class='ocrx_word' id='word_1_573' title='bbox 3269 2506 3554 2573; x_wconf 89' lang='lat' dir='ltr'><strong>animus:</strong></span> <span class='ocrx_word' id='word_1_574' title='bbox 3623 2508 3895 2593; x_wconf 91' lang='lat' dir='ltr'><strong>ideoque</strong></span> <span class='ocrx_word' id='word_1_575' title='bbox 3959 2512 4160 2577; x_wconf 88' lang='lat' dir='ltr'><strong>finem</strong></span> 
     </span>
     <span class='ocr_line' id='line_1_81' title="bbox 2203 2581 4158 2681; baseline 0.009 -36"><span class='ocrx_word' id='word_1_576' title='bbox 2203 2581 2459 2648; x_wconf 77' lang='lat' dir='ltr'><strong>faciam.</strong></span> <span class='ocrx_word' id='word_1_577' title='bbox 2540 2585 2767 2651; x_wconf 86' lang='lat' dir='ltr'><strong>Nostri</strong></span> <span class='ocrx_word' id='word_1_578' title='bbox 2811 2607 3040 2653; x_wconf 89' lang='lat' dir='ltr'><strong>omnes</strong></span> <span class='ocrx_word' id='word_1_579' title='bbox 3081 2599 3149 2654; x_wconf 90' lang='lat' dir='ltr'><strong>te</strong></span> <span class='ocrx_word' id='word_1_580' title='bbox 3192 2591 3502 2672; x_wconf 89' lang='lat' dir='ltr'><strong>salutant,</strong></span> <span class='ocrx_word' id='word_1_581' title='bbox 3548 2597 3934 2677; x_wconf 88' lang='lat' dir='ltr'><strong>praesertim</strong></span> <span class='ocrx_word' id='word_1_582' title='bbox 3979 2618 4158 2681; x_wconf 78' lang='lat' dir='ltr'><strong>sym-</strong></span> 
     </span>
     <span class='ocr_line' id='line_1_82' title="bbox 2203 2671 4160 2768; baseline 0.009 -37"><span class='ocrx_word' id='word_1_583' title='bbox 2203 2675 2494 2768; x_wconf 78' lang='lat' dir='ltr'><strong>mystae,</strong></span> <span class='ocrx_word' id='word_1_584' title='bbox 2552 2671 2887 2751; x_wconf 71' lang='lat' dir='ltr'><strong>NicolauS,</strong></span> <span class='ocrx_word' id='word_1_585' title='bbox 2949 2673 3185 2755; x_wconf 82' lang='lat' dir='ltr'><strong>frater,</strong></span> <span class='ocrx_word' id='word_1_586' title='bbox 3245 2697 3448 2756; x_wconf 89' lang='lat' dir='ltr'><strong>uxor,</strong></span> <span class='ocrx_word' id='word_1_587' title='bbox 3505 2701 3674 2763; x_wconf 86' lang='lat' dir='ltr'><strong>quae</strong></span> <span class='ocrx_word' id='word_1_588' title='bbox 3732 2682 3876 2765; x_wconf 89' lang='lat' dir='ltr'><strong>ipsa</strong></span> <span class='ocrx_word' id='word_1_589' title='bbox 3918 2682 4051 2748; x_wconf 90' lang='lat' dir='ltr'><strong>tuis</strong></span> <span class='ocrx_word' id='word_1_590' title='bbox 4094 2696 4160 2748; x_wconf 91' lang='lat' dir='ltr'><strong>et</strong></span> 
     </span>
     <span class='ocr_line' id='line_1_83' title="bbox 2203 2752 4156 2845; baseline 0.009 -28"><span class='ocrx_word' id='word_1_591' title='bbox 2203 2752 2491 2819; x_wconf 81' lang='lat' dir='ltr'><strong>familiae</strong></span> <span class='ocrx_word' id='word_1_592' title='bbox 2549 2764 2700 2820; x_wconf 90' lang='lat' dir='ltr'><strong>tuae</strong></span> <span class='ocrx_word' id='word_1_593' title='bbox 2742 2758 3046 2841; x_wconf 88' lang='lat' dir='ltr'><strong>precibus</strong></span> <span class='ocrx_word' id='word_1_594' title='bbox 3089 2780 3160 2825; x_wconf 91' lang='lat' dir='ltr'><strong>se</strong></span> <span class='ocrx_word' id='word_1_595' title='bbox 3204 2765 3726 2831; x_wconf 89' lang='lat' dir='ltr'><strong>commendatam</strong></span> <span class='ocrx_word' id='word_1_596' title='bbox 3770 2787 3914 2833; x_wconf 89' lang='lat' dir='ltr'><strong>esse</strong></span> <span class='ocrx_word' id='word_1_597' title='bbox 3957 2789 4038 2834; x_wconf 93' lang='lat' dir='ltr'><strong>cu</strong></span> <span class='ocrx_word' id='word_1_598' title='bbox 4086 2770 4156 2845; x_wconf 92' lang='lat' dir='ltr'><strong>it,</strong></span> 
     </span>
     <span class='ocr_line' id='line_1_84' title="bbox 2205 2840 4159 2920; baseline 0.009 -18"><span class='ocrx_word' id='word_1_599' title='bbox 2205 2859 2360 2903; x_wconf 87' lang='lat' dir='ltr'><strong>nam</strong></span> <span class='ocrx_word' id='word_1_600' title='bbox 2405 2840 2620 2907; x_wconf 89' lang='lat' dir='ltr'><strong>adhuc</strong></span> <span class='ocrx_word' id='word_1_601' title='bbox 2666 2863 2810 2907; x_wconf 93' lang='lat' dir='ltr'><strong>cum</strong></span> <span class='ocrx_word' id='word_1_602' title='bbox 2858 2844 3083 2910; x_wconf 90' lang='lat' dir='ltr'><strong>morbo</strong></span> <span class='ocrx_word' id='word_1_603' title='bbox 3128 2845 3475 2914; x_wconf 86' lang='lat' dir='ltr'><strong>difficulter</strong></span> <span class='ocrx_word' id='word_1_604' title='bbox 3517 2850 3831 2917; x_wconf 89' lang='lat' dir='ltr'><strong>luctatur:</strong></span> <span class='ocrx_word' id='word_1_605' title='bbox 3877 2851 3992 2918; x_wconf 86' lang='lat' dir='ltr'><strong>sed</strong></span> <span class='ocrx_word' id='word_1_606' title='bbox 4083 2875 4159 2920; x_wconf 89' lang='lat' dir='ltr'><strong>oc</strong></span> 
     </span>
     <span class='ocr_line' id='line_1_85' title="bbox 2202 2923 4158 3022; baseline 0.009 -34"><span class='ocrx_word' id='word_1_607' title='bbox 2202 2923 2520 2990; x_wconf 88' lang='lat' dir='ltr'><strong>habemus</strong></span> <span class='ocrx_word' id='word_1_608' title='bbox 2563 2928 2798 3009; x_wconf 91' lang='lat' dir='ltr'><strong>solatii,</strong></span> <span class='ocrx_word' id='word_1_609' title='bbox 2841 2929 3013 3012; x_wconf 91' lang='lat' dir='ltr'><strong>quod</strong></span> <span class='ocrx_word' id='word_1_610' title='bbox 3060 2931 3291 3015; x_wconf 90' lang='lat' dir='ltr'><strong>pedem</strong></span> <span class='ocrx_word' id='word_1_611' title='bbox 3328 2955 3539 3000; x_wconf 88' lang='lat' dir='ltr'><strong>unum</strong></span> <span class='ocrx_word' id='word_1_612' title='bbox 3574 2936 3835 3002; x_wconf 89' lang='lat' dir='ltr'><strong>videtur</strong></span> <span class='ocrx_word' id='word_1_613' title='bbox 3869 2956 3909 3002; x_wconf 86' lang='lat' dir='ltr'><strong>a</strong></span> <span class='ocrx_word' id='word_1_614' title='bbox 3941 2940 4158 3022; x_wconf 89' lang='lat' dir='ltr'><strong>sepul·</strong></span> 
     </span>
     <span class='ocr_line' id='line_1_86' title="bbox 2205 3014 4157 3110; baseline 0.009 -35"><span class='ocrx_word' id='word_1_615' title='bbox 2205 3030 2316 3075; x_wconf 92' lang='lat' dir='ltr'><strong>cro</strong></span> <span class='ocrx_word' id='word_1_616' title='bbox 2358 3014 2743 3079; x_wconf 87' lang='lat' dir='ltr'><strong>retraxisse:</strong></span> <span class='ocrx_word' id='word_1_617' title='bbox 2789 3015 2904 3081; x_wconf 89' lang='lat' dir='ltr'><strong>sed</strong></span> <span class='ocrx_word' id='word_1_618' title='bbox 2947 3014 3228 3083; x_wconf 88' lang='lat' dir='ltr'><strong>necdum</strong></span> <span class='ocrx_word' id='word_1_619' title='bbox 3264 3019 3439 3086; x_wconf 89' lang='lat' dir='ltr'><strong>vires</strong></span> <span class='ocrx_word' id='word_1_620' title='bbox 3482 3021 3747 3108; x_wconf 87' lang='lat' dir='ltr'><strong>colligit,</strong></span> <span class='ocrx_word' id='word_1_621' title='bbox 3793 3032 3860 3090; x_wconf 93' lang='lat' dir='ltr'><strong>et</strong></span> <span class='ocrx_word' id='word_1_622' title='bbox 3898 3025 4157 3110; x_wconf 87' lang='lat' dir='ltr'><strong>magnis</strong></span> 
     </span>
     <span class='ocr_line' id='line_1_87' title="bbox 2206 3095 4158 3191; baseline 0.009 -31"><span class='ocrx_word' id='word_1_623' title='bbox 2206 3095 2538 3163; x_wconf 89' lang='lat' dir='ltr'><strong>doloribus</strong></span> <span class='ocrx_word' id='word_1_624' title='bbox 2579 3100 2944 3167; x_wconf 86' lang='lat' dir='ltr'><strong>infestatur.</strong></span> <span class='ocrx_word' id='word_1_625' title='bbox 3034 3103 3235 3184; x_wconf 88' lang='lat' dir='ltr'><strong>Vale,</strong></span> <span class='ocrx_word' id='word_1_626' title='bbox 3293 3108 3540 3191; x_wconf 91' lang='lat' dir='ltr'><strong>optime</strong></span> <span class='ocrx_word' id='word_1_627' title='bbox 3584 3109 3792 3175; x_wconf 83' lang='lat' dir='ltr'><strong>frater</strong></span> <span class='ocrx_word' id='word_1_628' title='bbox 3835 3120 3904 3176; x_wconf 91' lang='lat' dir='ltr'><strong>et</strong></span> <span class='ocrx_word' id='word_1_629' title='bbox 3946 3112 4158 3176; x_wconf 89' lang='lat' dir='ltr'><strong>amice</strong></span> 
     </span>
     <span class='ocr_line' id='line_1_88' title="bbox 2203 3182 4155 3274; baseline 0.008 -28"><span class='ocrx_word' id='word_1_630' title='bbox 2203 3182 2644 3267; x_wconf 86' lang='lat' dir='ltr'><strong>integerrime.</strong></span> <span class='ocrx_word' id='word_1_631' title='bbox 2735 3185 3017 3274; x_wconf 87' lang='lat' dir='ltr'><strong>Collegis</strong></span> <span class='ocrx_word' id='word_1_632' title='bbox 3062 3190 3193 3255; x_wconf 90' lang='lat' dir='ltr'><strong>tuis</strong></span> <span class='ocrx_word' id='word_1_633' title='bbox 3237 3190 3589 3274; x_wconf 90' lang='lat' dir='ltr'><strong>plurimam</strong></span> <span class='ocrx_word' id='word_1_634' title='bbox 3632 3196 3929 3263; x_wconf 89' lang='lat' dir='ltr'><strong>salutem.</strong></span> <span class='ocrx_word' id='word_1_635' title='bbox 4020 3195 4155 3263; x_wconf 78' lang='lat' dir='ltr'><strong>Ge·</strong></span> 
     </span>
     <span class='ocr_line' id='line_1_89' title="bbox 2204 3270 3113 3348; baseline 0.009 -17"><span class='ocrx_word' id='word_1_636' title='bbox 2204 3287 2430 3348; x_wconf 87' lang='lat' dir='ltr'><strong>nevae,</strong></span> <span class='ocrx_word' id='word_1_637' title='bbox 2484 3274 2578 3336; x_wconf 90' lang='lat'><strong>13.</strong></span> <span class='ocrx_word' id='word_1_638' title='bbox 2616 3270 2878 3339; x_wconf 86' lang='lat' dir='ltr'><strong>Octobr.</strong></span> <span class='ocrx_word' id='word_1_639' title='bbox 2932 3279 3113 3339; x_wconf 82' lang='lat'><strong>1545.</strong></span> 
     </span>
    </p>
   </div>
   <div class='ocr_carea' id='block_1_17' title="bbox 2992 3482 3397 3495">
    <p class='ocr_par' dir='ltr' id='par_1_19' title="bbox 2992 3482 3397 3495">
     <span class='ocr_line' id='line_1_90' title="bbox 2992 3482 3397 3495; baseline 0 2680"><span class='ocrx_word' id='word_1_640' title='bbox 2992 3482 3397 3495; x_wconf 95' lang='lat' dir='ltr'><strong> </strong></span> 
     </span>
    </p>
   </div>
   <div class='ocr_carea' id='block_1_18' title="bbox 2729 3615 3620 3821">
    <p class='ocr_par' dir='ltr' id='par_1_20' title="bbox 2729 3615 3620 3821">
     <span class='ocr_line' id='line_1_91' title="bbox 3108 3615 3256 3689; baseline 0.02 -3"><span class='ocrx_word' id='word_1_641' title='bbox 3108 3615 3256 3689; x_wconf 78' lang='lat'><strong>718.</strong></span> 
     </span>
     <span class='ocr_line' id='line_1_92' title="bbox 2729 3751 3620 3821; baseline 0.001 -2"><span class='ocrx_word' id='word_1_642' title='bbox 2729 3751 3137 3821; x_wconf 75' lang='lat' dir='ltr'><strong>VIRE&#39;I&#39;US</strong></span> <span class='ocrx_word' id='word_1_643' title='bbox 3181 3753 3620 3821; x_wconf 86' lang='lat' dir='ltr'><strong>OALVINO.</strong></span> 
     </span>
    </p>
   </div>
   <div class='ocr_carea' id='block_1_19' title="bbox 2197 3901 4156 4387">
    <p class='ocr_par' dir='ltr' id='par_1_21' title="bbox 2197 3901 4156 4226">
     <span class='ocr_line' id='line_1_93' title="bbox 2371 3901 4155 3993; baseline 0.006 -26"><span class='ocrx_word' id='word_1_644' title='bbox 2371 3901 2601 3968; x_wconf 75' lang='lat' dir='ltr'><strong>Denuo</strong></span> <span class='ocrx_word' id='word_1_645' title='bbox 2656 3903 2734 3969; x_wconf 80' lang='lat' dir='ltr'><strong>de</strong></span> <span class='ocrx_word' id='word_1_646' title='bbox 2786 3905 2962 3969; x_wconf 75' lang='lat' dir='ltr'><strong>novis</strong></span> <span class='ocrx_word' id='word_1_647' title='bbox 3014 3906 3151 3971; x_wconf 74' lang='lat' dir='ltr'><strong>iuis</strong></span> <span class='ocrx_word' id='word_1_648' title='bbox 3199 3907 3514 3973; x_wconf 71' lang='lat' dir='ltr'><strong>ministris</strong></span> <span class='ocrx_word' id='word_1_649' title='bbox 3571 3913 3630 3974; x_wconf 65' lang='lat' dir='ltr'><strong>et</strong></span> <span class='ocrx_word' id='word_1_650' title='bbox 3680 3910 4005 3993; x_wconf 67' lang='lat' dir='ltr'><strong>mayisms</strong></span> <span class='ocrx_word' id='word_1_651' title='bbox 4056 3933 4155 3977; x_wconf 86' lang='lat' dir='ltr'><strong>vo-</strong></span> 
     </span>
     <span class='ocr_line' id='line_1_94' title="bbox 2197 3987 4149 4077; baseline 0.006 -25"><span class='ocrx_word' id='word_1_652' title='bbox 2197 3987 2446 4068; x_wconf 71' lang='grc' dir='ltr'><strong><em>οαηᾱίε,</em></strong></span> <span class='ocrx_word' id='word_1_653' title='bbox 2500 3991 2578 4056; x_wconf 77' lang='lat' dir='ltr'><strong>de</strong></span> <span class='ocrx_word' id='word_1_654' title='bbox 2631 3988 2857 4071; x_wconf 73' lang='lat' dir='ltr'><strong>quibus</strong></span> <span class='ocrx_word' id='word_1_655' title='bbox 2910 4010 3107 4073; x_wconf 73' lang='lat' dir='ltr'><strong>usque</strong></span> <span class='ocrx_word' id='word_1_656' title='bbox 3163 3992 3483 4077; x_wconf 70' lang='lat' dir='ltr'><strong>ambiymit</strong></span> <span class='ocrx_word' id='word_1_657' title='bbox 3535 3994 3766 4062; x_wconf 68' lang='lat' dir='ltr'><strong>classes</strong></span> <span class='ocrx_word' id='word_1_658' title='bbox 3822 3995 4149 4064; x_wconf 68' lang='lat' dir='ltr'><strong>Vadmee.</strong></span> 
     </span>
     <span class='ocr_line' id='line_1_95' title="bbox 2204 4070 4156 4161; baseline 0.006 -24"><span class='ocrx_word' id='word_1_659' title='bbox 2204 4070 2414 4139; x_wconf 71' lang='lat' dir='ltr'><strong>Plura</strong></span> <span class='ocrx_word' id='word_1_660' title='bbox 2456 4074 2591 4139; x_wconf 80' lang='lat' dir='ltr'><strong>alia</strong></span> <span class='ocrx_word' id='word_1_661' title='bbox 2633 4075 2822 4140; x_wconf 71' lang='lat' dir='ltr'><strong>obiter</strong></span> <span class='ocrx_word' id='word_1_662' title='bbox 2876 4076 3152 4160; x_wconf 65' lang='lat' dir='ltr'><strong>attinyit,</strong></span> <span class='ocrx_word' id='word_1_663' title='bbox 3196 4084 3450 4161; x_wconf 58' lang='lat' dir='ltr'><strong>praeter</strong></span> <span class='ocrx_word' id='word_1_664' title='bbox 3505 4080 3640 4146; x_wconf 76' lang='lat' dir='ltr'><strong>alia</strong></span> <span class='ocrx_word' id='word_1_665' title='bbox 3673 4087 3728 4145; x_wconf 77' lang='lat' dir='ltr'><strong>et</strong></span> <span class='ocrx_word' id='word_1_666' title='bbox 3768 4084 3996 4149; x_wconf 80' lang='lat' dir='ltr'><strong>uxoris</strong></span> <span class='ocrx_word' id='word_1_667' title='bbox 4035 4084 4156 4149; x_wconf 76' lang='lat' dir='ltr'><strong>mi-</strong></span> 
     </span>
     <span class='ocr_line' id='line_1_96' title="bbox 2197 4159 3737 4226; baseline 0.005 -4"><span class='ocrx_word' id='word_1_668' title='bbox 2197 4177 2406 4225; x_wconf 79' lang='lat' dir='ltr'><strong>seram</strong></span> <span class='ocrx_word' id='word_1_669' title='bbox 2448 4159 2878 4226; x_wconf 77' lang='lat' dir='ltr'><strong>valetudinem.</strong></span> <span class='ocrx_word' id='word_1_670' title='bbox 3678 4213 3699 4218; x_wconf 43' lang='lat'>»</span> <span class='ocrx_word' id='word_1_671' title='bbox 3733 4202 3737 4207; x_wconf 93' lang='lat'><em>·</em></span> 
     </span>
    </p>

    <p class='ocr_par' dir='ltr' id='par_1_22' title="bbox 2468 4311 3878 4387">
     <span class='ocr_line' id='line_1_97' title="bbox 2468 4311 3878 4387; baseline 0.008 -21"><span class='ocrx_word' id='word_1_672' title='bbox 2468 4311 2580 4380; x_wconf 82' lang='lat' dir='ltr'><strong>(Ex</strong></span> <span class='ocrx_word' id='word_1_673' title='bbox 2614 4314 2951 4384; x_wconf 82' lang='lat' dir='ltr'><strong>autographo</strong></span> <span class='ocrx_word' id='word_1_674' title='bbox 2986 4315 3115 4370; x_wconf 85' lang='lat' dir='ltr'><strong>Cod.</strong></span> <span class='ocrx_word' id='word_1_675' title='bbox 3152 4315 3358 4371; x_wconf 79' lang='lat' dir='ltr'><strong>Genev.</strong></span> <span class='ocrx_word' id='word_1_676' title='bbox 3395 4315 3564 4384; x_wconf 74' lang='lat'><strong>111⁸,</strong></span> <span class='ocrx_word' id='word_1_677' title='bbox 3604 4319 3698 4373; x_wconf 74' lang='lat' dir='ltr'><strong>fol.</strong></span> <span class='ocrx_word' id='word_1_678' title='bbox 3737 4319 3878 4387; x_wconf 88' lang='grc'><strong>150.)</strong></span> 
     </span>
    </p>
   </div>
   <div class='ocr_carea' id='block_1_20' title="bbox 2199 4450 4151 4694">
    <p class='ocr_par' dir='ltr' id='par_1_23' title="bbox 2199 4450 4151 4694">
     <span class='ocr_line' id='line_1_98' title="bbox 2369 4450 4150 4540; baseline 0.004 -24"><span class='ocrx_word' id='word_1_679' title='bbox 2369 4450 2751 4517; x_wconf 78' lang='lat' dir='ltr'><strong>Clarissimo</strong></span> <span class='ocrx_word' id='word_1_680' title='bbox 2785 4453 2928 4518; x_wconf 90' lang='lat' dir='ltr'><strong>viro</strong></span> <span class='ocrx_word' id='word_1_681' title='bbox 2964 4451 3049 4519; x_wconf 93' lang='lat' dir='ltr'><strong>D.</strong></span> <span class='ocrx_word' id='word_1_682' title='bbox 3076 4453 3311 4520; x_wconf 87' lang='lat' dir='ltr'><strong>Ioanni</strong></span> <span class='ocrx_word' id='word_1_683' title='bbox 3346 4453 3625 4521; x_wconf 84' lang='lat' dir='ltr'><strong>Calvino</strong></span> <span class='ocrx_word' id='word_1_684' title='bbox 3658 4459 3908 4540; x_wconf 90' lang='lat' dir='ltr'><strong>pastori</strong></span> <span class='ocrx_word' id='word_1_685' title='bbox 3945 4458 4150 4524; x_wconf 87' lang='lat' dir='ltr'><strong>eccle-</strong></span> 
     </span>
     <span class='ocr_line' id='line_1_99' title="bbox 2199 4536 4151 4692; baseline 0.005 -92"><span class='ocrx_word' id='word_1_686' title='bbox 2199 4536 2334 4602; x_wconf 89' lang='lat' dir='ltr'><strong>siae</strong></span> <span class='ocrx_word' id='word_1_687' title='bbox 2371 4536 2781 4650; x_wconf 78' lang='lat' dir='ltr'><strong>Genevensis</strong></span> <span class='ocrx_word' id='word_1_688' title='bbox 2816 4537 3196 4605; x_wconf 90' lang='lat' dir='ltr'><strong>fidelissimo</strong></span> <span class='ocrx_word' id='word_1_689' title='bbox 3232 4562 3307 4606; x_wconf 89' lang='lat' dir='ltr'><strong>ac</strong></span> <span class='ocrx_word' id='word_1_690' title='bbox 3341 4541 3773 4692; x_wconf 47' lang='grc' dir='ltr'><strong>ῧαῢτιᾲἓυαω</strong></span> <span class='ocrx_word' id='word_1_691' title='bbox 3813 4544 4151 4610; x_wconf 85' lang='lat' dir='ltr'><strong>carissimo</strong></span> 
     </span>
     <span class='ocr_line' id='line_1_100' title="bbox 3614 4649 3840 4694; baseline 0.009 -2"><span class='ocrx_word' id='word_1_692' title='bbox 3614 4649 3840 4694; x_wconf 83' lang='lat' dir='ltr'><strong>nevae.</strong></span> 
     </span>
    </p>
   </div>
   <div class='ocr_carea' id='block_1_21' title="bbox 2196 4739 4151 5089">
    <p class='ocr_par' dir='ltr' id='par_1_24' title="bbox 2196 4739 4151 5089">
     <span class='ocr_line' id='line_1_101' title="bbox 2371 4739 4149 4830; baseline 0.003 -23"><span class='ocrx_word' id='word_1_693' title='bbox 2371 4739 2443 4807; x_wconf 81' lang='lat' dir='ltr'><strong>S.</strong></span> <span class='ocrx_word' id='word_1_694' title='bbox 2470 4742 2780 4809; x_wconf 75' lang='lat' dir='ltr'><strong>Deotheus</strong></span> <span class='ocrx_word' id='word_1_695' title='bbox 2805 4745 2854 4820; x_wconf 85' lang='lat'><strong>¹)</strong></span> <span class='ocrx_word' id='word_1_696' title='bbox 2899 4743 3019 4809; x_wconf 89' lang='lat' dir='ltr'><strong>tibi</strong></span> <span class='ocrx_word' id='word_1_697' title='bbox 3062 4744 3357 4824; x_wconf 77' lang='lat' dir='ltr'><strong>narrabit</strong></span> <span class='ocrx_word' id='word_1_698' title='bbox 3397 4746 3555 4830; x_wconf 91' lang='lat' dir='ltr'><strong>quid</strong></span> <span class='ocrx_word' id='word_1_699' title='bbox 3595 4748 3961 4830; x_wconf 90' lang='lat' dir='ltr'><strong>ceperimus</strong></span> <span class='ocrx_word' id='word_1_700' title='bbox 3994 4769 4149 4816; x_wconf 89' lang='lat' dir='ltr'><strong>con-</strong></span> 
     </span>
     <span class='ocr_line' id='line_1_102' title="bbox 2198 4826 4150 4918; baseline 0.005 -26"><span class='ocrx_word' id='word_1_701' title='bbox 2198 4827 2348 4893; x_wconf 91' lang='lat' dir='ltr'><strong>silii.</strong></span> <span class='ocrx_word' id='word_1_702' title='bbox 2406 4827 2511 4893; x_wconf 74' lang='lat' dir='ltr'><strong>&#39;fu</strong></span> <span class='ocrx_word' id='word_1_703' title='bbox 2546 4829 2604 4894; x_wconf 91' lang='lat' dir='ltr'><strong>si</strong></span> <span class='ocrx_word' id='word_1_704' title='bbox 2636 4826 2802 4912; x_wconf 91' lang='lat' dir='ltr'><strong>quod</strong></span> <span class='ocrx_word' id='word_1_705' title='bbox 2840 4828 3043 4894; x_wconf 89' lang='lat' dir='ltr'><strong>habes</strong></span> <span class='ocrx_word' id='word_1_706' title='bbox 3086 4833 3529 4913; x_wconf 89' lang='lat' dir='ltr'><strong>praestantius</strong></span> <span class='ocrx_word' id='word_1_707' title='bbox 3572 4834 3955 4918; x_wconf 88' lang='lat' dir='ltr'><strong>significato.</strong></span> <span class='ocrx_word' id='word_1_708' title='bbox 4013 4834 4076 4899; x_wconf 90' lang='lat' dir='ltr'>N</span> <span class='ocrx_word' id='word_1_709' title='bbox 4077 4855 4150 4901; x_wconf 85' lang='grc'><strong>08</strong></span> 
     </span>
     <span class='ocr_line' id='line_1_103' title="bbox 2197 4914 4151 4999; baseline 0.005 -21"><span class='ocrx_word' id='word_1_710' title='bbox 2197 4935 2353 4979; x_wconf 89' lang='lat' dir='ltr'><strong>vero</strong></span> <span class='ocrx_word' id='word_1_711' title='bbox 2419 4914 2892 4997; x_wconf 87' lang='lat' dir='ltr'><strong>praestabimus</strong></span> <span class='ocrx_word' id='word_1_712' title='bbox 2957 4915 3128 4996; x_wconf 92' lang='lat' dir='ltr'><strong>quod</strong></span> <span class='ocrx_word' id='word_1_713' title='bbox 3206 4918 3582 4999; x_wconf 90' lang='lat' dir='ltr'><strong>poterimus.</strong></span> <span class='ocrx_word' id='word_1_714' title='bbox 3693 4919 3819 4984; x_wconf 89' lang='lat' dir='ltr'><strong>Est</strong></span> <span class='ocrx_word' id='word_1_715' title='bbox 3893 4921 4151 4987; x_wconf 83' lang='lat' dir='ltr'><strong>iuvenis</strong></span> 
     </span>
     <span class='ocr_line' id='line_1_104' title="bbox 2196 4998 4150 5089; baseline 0.005 -27"><span class='ocrx_word' id='word_1_716' title='bbox 2196 4999 2458 5066; x_wconf 87' lang='lat' dir='ltr'><strong>Viviaci</strong></span> <span class='ocrx_word' id='word_1_717' title='bbox 2513 4998 2687 5083; x_wconf 89' lang='lat' dir='ltr'><strong>apud</strong></span> <span class='ocrx_word' id='word_1_718' title='bbox 2731 5000 3147 5067; x_wconf 80' lang='lat' dir='ltr'><strong>Franciscum</strong></span> <span class='ocrx_word' id='word_1_719' title='bbox 3163 5001 3222 5085; x_wconf 67' lang='grc'><strong>2)</strong></span> <span class='ocrx_word' id='word_1_720' title='bbox 3265 5023 3461 5085; x_wconf 91' lang='lat' dir='ltr'><strong>quem</strong></span> <span class='ocrx_word' id='word_1_721' title='bbox 3507 5003 3820 5070; x_wconf 77' lang='lat' dir='ltr'><strong>Deotkeus</strong></span> <span class='ocrx_word' id='word_1_722' title='bbox 3874 5006 4150 5089; x_wconf 83' lang='lat' dir='ltr'><strong>pulchre</strong></span> 
     </span>
    </p>
   </div>
   <div class='ocr_carea' id='block_1_22' title="bbox 2196 5137 2608 5150">
    <p class='ocr_par' dir='ltr' id='par_1_25' title="bbox 2196 5137 2608 5150">
     <span class='ocr_line' id='line_1_105' title="bbox 2196 5137 2608 5150; baseline 0 0"><span class='ocrx_word' id='word_1_723' title='bbox 2196 5137 2608 5150; x_wconf 95' lang='lat' dir='ltr'><strong> </strong></span> 
     </span>
    </p>
   </div>
   <div class='ocr_carea' id='block_1_23' title="bbox 2203 5203 4149 5407">
    <p class='ocr_par' dir='ltr' id='par_1_26' title="bbox 2203 5203 4149 5407">
     <span class='ocr_line' id='line_1_106' title="bbox 2229 5203 4149 5281; baseline 0.005 -22"><span class='ocrx_word' id='word_1_724' title='bbox 2229 5203 2364 5259; x_wconf 79' lang='lat'><strong>⁷18.</strong></span> <span class='ocrx_word' id='word_1_725' title='bbox 2403 5204 2461 5271; x_wconf 92' lang='grc'><strong>1)</strong></span> <span class='ocrx_word' id='word_1_726' title='bbox 2498 5204 2676 5259; x_wconf 74' lang='lat' dir='ltr'><strong>Plura</strong></span> <span class='ocrx_word' id='word_1_727' title='bbox 2726 5220 2866 5276; x_wconf 75' lang='lat' dir='ltr'><strong>quae</strong></span> <span class='ocrx_word' id='word_1_728' title='bbox 2897 5205 2960 5260; x_wconf 77' lang='lat' dir='ltr'><strong>in</strong></span> <span class='ocrx_word' id='word_1_729' title='bbox 2995 5205 3098 5260; x_wconf 71' lang='lat' dir='ltr'><strong>hac</strong></span> <span class='ocrx_word' id='word_1_730' title='bbox 3131 5207 3363 5275; x_wconf 65' lang='lat' dir='ltr'><strong>epistota</strong></span> <span class='ocrx_word' id='word_1_731' title='bbox 3413 5210 3762 5278; x_wconf 72' lang='lat' dir='ltr'><strong>attinyuntwr</strong></span> <span class='ocrx_word' id='word_1_732' title='bbox 3817 5211 3930 5265; x_wconf 78' lang='lat' dir='ltr'><strong>iam</strong></span> <span class='ocrx_word' id='word_1_733' title='bbox 3975 5226 4149 5281; x_wconf 69' lang='lat' dir='ltr'><strong>supra</strong></span> 
     </span>
     <span class='ocr_line' id='line_1_107' title="bbox 2203 5272 2865 5328; baseline -0.002 -1"><span class='ocrx_word' id='word_1_734' title='bbox 2203 5272 2275 5327; x_wconf 83' lang='grc' dir='ltr'><strong>Ν.</strong></span> <span class='ocrx_word' id='word_1_735' title='bbox 2312 5273 2416 5327; x_wconf 80' lang='grc'><strong>’110</strong></span> <span class='ocrx_word' id='word_1_736' title='bbox 2452 5279 2688 5328; x_wconf 78' lang='lat' dir='ltr'><strong>tractata</strong></span> <span class='ocrx_word' id='word_1_737' title='bbox 2724 5279 2865 5328; x_wconf 76' lang='lat' dir='ltr'><strong>sunt.</strong></span> 
     </span>
     <span class='ocr_line' id='line_1_108' title="bbox 2400 5340 2954 5407; baseline 0.011 -12"><span class='ocrx_word' id='word_1_738' title='bbox 2400 5341 2465 5407; x_wconf 80' lang='lat'><strong>2)</strong></span> <span class='ocrx_word' id='word_1_739' title='bbox 2501 5340 2578 5397; x_wconf 79' lang='lat' dir='ltr'><strong>N.</strong></span> <span class='ocrx_word' id='word_1_740' title='bbox 2613 5340 2717 5396; x_wconf 83' lang='lat'><strong>404</strong></span> <span class='ocrx_word' id='word_1_741' title='bbox 2750 5349 2799 5397; x_wconf 79' lang='lat' dir='ltr'><strong>et</strong></span> <span class='ocrx_word' id='word_1_742' title='bbox 2834 5341 2954 5401; x_wconf 84' lang='lat'><strong>638.</strong></span> 
     </span>
    </p>
   </div>
  </div>
 </body>
</html>
