4825 6175
614 409 704 474 23
2165 407 2692 477 EPISOE'OLAE
2735 411 3068 476 609—611
4537 412 4609 476 24

618 616 666 663 a
706 595 1013 662 Dominis
1054 603 1541 680 exspectantem
1585 596 2000 681 reliqueram.
2064 597 2261 664 Unde
2281 598 2575 683 Morgias

621 680 789 746 mihi
831 683 1315 765 properandum
1352 682 1495 760 fuit,
1542 684 1802 749 tametsi
1844 684 2245 749 Lausannae
2288 684 2575 750 transire

671 767 956 832 ellicitus
987 768 1277 844 fuissem,
1324 776 1390 833 et
1422 768 1631 834 multa
1662 768 1800 836 illic
1834 769 1998 834 mihi
2035 779 2253 835 essent
2286 770 2570 854 negotia.

621 788 703 918 l'd
746 873 903 918 saue
963 853 1169 920 vetreto
1212 853 1311 919 dis
1359 853 1557 932 licuit,
1614 854 1720 919 cui
1762 854 1886 921 hoc
1928 864 2119 938 pacto
2161 854 2571 922 satisfactum

625 959 766 1005 esse
810 959 943 1003 non
989 937 1231 1005 dubito.
1389 942 1648 1006 ominus
1704 938 1971 1006 tandem
2015 941 2230 1007 effecit
2270 955 2349 1006 ut
2390 942 2572 1026 prin·

623 1025 798 1106 cipes
841 1026 1256 1092 exactissime
1300 1025 1520 1090 omnia
1562 1025 1925 1092 facinorum
1970 1026 2210 1092 indicia
2253 1035 2322 1092 et
2377 1049 2572 1112 argu-

624 1117 847 1176 menta
889 1110 1166 1194 disquiri
1210 1132 1285 1176 ac
1328 1111 1737 1194 comprobari
1760 1116 1798 1154 ὓ
1833 1134 1915 1178 ne
1950 1112 2105 1178 solis
2147 1133 2371 1178 eorum
2418 1135 2568 1179 con-

621 1196 1015 1262 fessionibus
1057 1193 1380 1262 credatur.
1473 1196 1914 1278 Quamobrem
1959 1198 2280 1277 omnibus,
2336 1210 2416 1263 ut
2459 1220 2572 1280 po·

622 1288 920 1360 tuerunt,
981 1281 1340 1365 disquisitis
1395 1303 1735 1366 processus
1792 1283 1875 1349 ad
1920 1284 2246 1367 principes
2303 1287 2572 1350 remise-

623 1375 816 1446 runt,
874 1377 941 1432 et
997 1368 1211 1433 indies
1252 1378 1612 1433 extremam
1673 1378 2128 1452 exspectamus
2184 1370 2574 1436 condemna-

623 1453 892 1518 tionem.
997 1452 1395 1537 suppeditet
1455 1455 1785 1521 Dominus
1848 1454 2261 1538 prudentiam
2328 1477 2403 1522 ac
2469 1457 2574 1521 sui

621 1538 943 1617 timorem,
988 1560 1116 1622 quo
1152 1540 1373 1605 omnia
1419 1539 1725 1607 decenter
1757 1542 1925 1606 fiant
1965 1542 2035 1605 in
2071 1540 2348 1625 gloriam
2384 1562 2571 1607 suam

626 1633 694 1688 et
757 1624 1067 1690 ecclesiae
1127 1646 1284 1690 suae
1348 1624 1879 1691 aedificationem.
1986 1626 2269 1692 Viretwm
2322 1627 2571 1713 urgebo

624 1706 711 1773 ad
763 1709 1185 1794 relegendum
1248 1710 1327 1776 de
1381 1711 1791 1778 Meteusibus
1850 1712 2255 1794 opusculum.
2354 1714 2450 1778 Et
2514 1714 2571 1778 si

623 1793 858 1862 saltem
903 1817 1134 1861 curare
1178 1805 1251 1861 ut
1295 1796 1656 1862 excudatur
1699 1797 1974 1875 valeam,
1996 1800 2051 1878 ²)
2107 1819 2263 1864 mox
2323 1797 2403 1864 ad
2464 1819 2571 1863 me

621 1880 861 1945 mittat.
951 1880 1145 1963 Quod
1206 1883 1260 1946 si
1321 1903 1484 1965 opus
1526 1883 1757 1963 fuerit,
1817 1893 1895 1948 ut
1937 1885 2261 1961 existimO,
2311 1883 2572 1950 Calvino

620 1966 1088 2032 recurrendum
1160 1967 1487 2033 tradetur:
1552 1968 1693 2051 ipse
1759 1969 2058 2035 lubenter
2119 1969 2447 2052 perferam
2505 1978 2572 2036 et

623 2070 776 2117 eum
819 2053 1064 2137 urgebo
1123 2074 1267 2118 meo
1309 2075 1520 2132 more,
1581 2076 1696 2137 pro
1755 2054 2005 2120 Ohristi
2066 2055 2272 2140 gloria
2326 2056 2569 2139 alioqui

619 2139 1106 2219 paratissimum
1166 2175 2567 2190 ————————————

622 2223 900 2288 Tononii
943 2224 1189 2308 penult.
1236 2225 1376 2290 Ian.
1430 2230 1610 2291 1545.

1061 2362 1242 2426 Tuus
1285 2360 1906 2444 obsequentissimus
1951 2363 2127 2429 filius
2172 2373 2239 2429 et
2282 2329 2482 2430 frater

1347 2446 1723 2532 christoph.
1769 2448 2168 2515 Libertetus.

788 2581 1137 2649 Adventus
1187 2604 1373 2649 meus
1430 2586 1671 2650 vinctis
1716 2607 1947 2670 oppor-

619 2677 825 2732 tunus
887 2679 955 2733 et
1016 2671 1428 2753 gratissimus
1507 2671 1660 2750 fuit,
1741 2673 1951 2755 gratia

615 2751 937 2904 fflgffipo,
997 2775 1119 2820 nec
1173 2753 1421 2820 diutius
1466 2758 1712 2821 morari
1754 2779 1949 2840 expe·

1522 3303 1670 3376 clo.

1084 3457 1556 3526 cALvmus
1599 3459 2028 3528 manare.
2060 3460 2108 3548 ι)

786 3628 1063 3695 Frustra
1102 3631 1344 3713 aliquis
1382 3632 1728 3714 quidquam
1770 3655 1813 3698 a
1853 3633 2106 3699 coneilio
2153 3640 2267 3699 aut
2303 3634 2571 3699 comitiis

619 3717 890 3797 Imperii
944 3717 1015 3781 in
1067 3737 1259 3782 causa
1303 3718 1628 3801 reliyionis
1679 3719 2039 3801 speraverit.
2134 3718 2425 3786 Coloniae
2466 3740 2569 3785 res

614 3801 824 3867 indies
864 3802 1074 3885 mayis
1131 3802 1461 3887 ambiyuae
1511 3810 1564 3868 et
1607 3825 1847 3886 parum
1898 3807 2163 3887 faustae.
2261 3805 2568 3871 Osiandri

604 3893 1012 3969 praepostera
1055 3888 1338 3953 diatriba
1434 3888 1795 3956 Senareleue
1867 3891 2363 3976 Wittemberyam
2416 3892 2567 3956 mis-

615 3992 743 4038 sus,
834 3973 1031 4038 Alius
1071 3976 1403 4040 cuiusdam
1446 3977 1672 4059 neyotii
1713 3978 1938 4043 mentio
1980 3976 2307 4042 obscurior.

616 4144 804 4210 (Manu
851 4145 1055 4214 scripta
1100 4163 1206 4199 non
1257 4152 1450 4200 exstat.
1523 4148 1749 4216 Legitur
1791 4149 1847 4201 in
1888 4149 2142 4202 thesauro
2180 4147 2390 4201 Bezano
2428 4147 2562 4202 Gen.

614 4230 668 4282 p.
706 4211 825 4281 376,
862 4213 1022 4267 Laus.
1069 4232 1122 4284 p.
1160 4212 1290 4279 679,
1341 4214 1547 4269 Hanov.
1583 4234 1636 4286 p.
1676 4214 1803 4283 763,
1858 4216 2069 4271 Ohouet
2115 4234 2166 4286 p.
2201 4216 2332 4283 517,
2381 4218 2562 4270 Amst.

1041 4300 1093 4353 p.
1133 4283 1234 4336 235
1270 4290 1327 4337 ot
1363 4285 1592 4354 Anglice
1627 4303 1715 4355 ap.
1750 4284 1892 4339 B.·c.
1929 4286 1971 4339 Ι.
2010 4284 2154 4354 418.)

789 4472 968 4556 Ergo
1011 4469 1283 4554 perinde
1340 4494 1415 4538 ac
1470 4474 1526 4538 si
1580 4474 1653 4537 in
1710 4474 2081 4557 proximum
2127 4495 2420 4540 mensem
2465 4475 2565 4539 in-

616 4556 831 4623 dictus
891 4571 1065 4622 esset
1142 4556 1424 4623 habendi
1491 4559 1747 4625 concilii
1827 4559 1965 4626 dies
2030 4560 2243 4643 copias
2308 4568 2567 4626 vestras

617 4641 971 4708 adornatis.
990 4642 1047 4729 2)
1137 4641 1271 4709 Sed
1312 4644 1436 4710 hoc
1474 4645 1691 4727 ipsum
1735 4654 2122 4730 argumento
2180 4654 2309 4724 est,
2370 4667 2564 4728 quam

617 4740 864 4793 temere
910 4731 1131 4794 omnia
1166 4740 1232 4794 et
1281 4729 1550 4796 fortuito
1598 4728 1771 4813 apud
1819 4752 1960 4809 vos,
2005 4731 2175 4797 nihil
2210 4731 2569 4815 prudenter

618 4834 741 4878 nee
785 4815 1082 4879 consulto
1128 4823 1379 4900 agatur,
1435 4815 1608 4899 quod
1651 4838 1853 4899 quum
1899 4838 1982 4883 ex
2028 4825 2161 4882 toto
2207 4839 2410 4902 regno
2458 4817 2568 4882 de-

824 5054 884 5120 2)
919 5056 1012 5108 An
1046 5070 1289 5124 unquam
1314 5054 1423 5109 tale
1444 5056 1758 5125 opuseulum
1776 5073 2032 5114 excusum
2052 5057 2223 5125 suern‘t
2240 5056 2568 5112 dubitamus.

645 5121 789 5181 610.
833 5124 888 5187 l)
941 5121 1015 5176 In
1055 5122 1353 5179 Germania
1388 5126 1698 5194 quaerendo
1748 5128 1844 5182 sed
1888 5143 2001 5182 non
2061 5126 2420 5196 Witteberqae
2463 5141 2570 5195 quo

620 5191 802 5246 eodem
839 5199 939 5245 tem
981 5208 1073 5246 ore
1111 5191 1456 5248 Sauara-zeum
1491 5195 1748 5249 mittebat.

826 5259 887 5324 2)
965 5260 1203 5315 ndictum
1233 5262 1424 5328 fuerat
1457 5262 1534 5318 ad
1560 5262 1703 5317 Idae
1730 5262 1976 5319 Martiae
2010 5260 2155 5317 1545·
2183 5262 2457 5331 (Sleidan.
2481 5260 2570 5317 11.

612 5325 767 5395 423),
801 5328 899 5384 ced
931 5329 1142 5385 dmum
1175 5346 1244 5385 m.
1284 5330 1577 5387 Decembre
1610 5331 1938 5387 inchoatum.

2675 596 2925 682 ligendi
2968 601 3191 663 essent
3231 595 3453 661 idonei
3475 594 3792 675 homines,
3829 594 4074 678 talibus
4115 596 4497 662 mandatum
4535 597 4615 663 sit

2677 684 3048 767 negotium:
3104 681 3234 746 nisi
3289 682 3485 760 forte,
3547 680 3722 765 quod
3779 682 4019 765 alioqui
4058 681 4443 748 inertissimi
4486 703 4614 748 om-

2675 769 2861 834 nium
2907 788 3165 850 semper
3207 766 3289 833 ad
3325 766 3693 833 nocendum
3730 768 3880 852 plus
3914 769 4075 833 satis
4109 775 4264 833 sunt
4298 769 4611 834 instructi.

2679 852 3035 931 Caeterum
3091 853 3347 919 concilii
3391 855 3978 936 exspectationem,
4046 873 4214 937 quae
4278 852 4451 936 apud
4508 873 4614 920 vos

2680 960 2939 1005 summa
2997 961 3138 1005 esse
3194 938 3437 1019 fertur,
3495 939 3575 1004 de
3626 939 3833 1005 nihilo
3889 947 4266 1023 conceptam
4324 939 4610 1005 arbitror.

2678 1026 3065 1092 Conventus
3134 1024 3410 1107 Imperii
3489 1023 3848 1090 Februario
3925 1033 4174 1109 agetur.
4199 1027 4256 1102 ⁸)
4365 1024 4615 1091 Verum

2676 1119 2830 1176 ante
2852 1111 3170 1177 Martium
3205 1110 3389 1175 nulla
3421 1111 3592 1176 seria
3633 1110 4028 1178 consultatio
4067 1110 4294 1178 haberi
4336 1111 4613 1194 incipiet.

2676 1196 2851 1263 Novi
2895 1196 3292 1262 Germaniae
3344 1215 3616 1261 morem.
3705 1196 3852 1263 Hoc
3897 1194 4017 1262 tibi
4071 1206 4206 1261 tam
4249 1203 4429 1263 certo
4473 1217 4616 1280 pos·

2677 1303 2822 1348 sum
2866 1303 3175 1362 asserere,
3221 1302 3297 1347 ac
3339 1281 3397 1347 si
3437 1302 3745 1364 praesens
3778 1284 4184 1349 interessem.
4274 1282 4620 1349 Instabunt

2675 1369 2903 1444 nostri,
2960 1376 3036 1433 ut
3077 1368 3487 1433 Antichristo
3531 1368 3796 1434 excluso
3848 1367 4116 1433 tandem
4160 1367 4407 1434 ordinis
4449 1369 4617 1434 inter

2676 1474 2747 1519 se
2790 1453 3038 1537 aliquid
3074 1455 3509 1520 constituant:
3554 1455 3890 1538 negabunt
3932 1454 4055 1520 hoc
4090 1453 4216 1518 sibi
4250 1453 4465 1534 licere,
4512 1453 4618 1537 qui

2677 1537 2889 1606 adhue
2932 1538 3306 1605 voluntaria
3339 1539 3656 1604 servitute
3698 1538 3870 1605 idolo
3916 1547 4076 1605 sunt
4115 1537 4395 1605 obnoxii.
4476 1539 4620 1606 Cae-

2674 1645 2803 1706 sar,
2846 1634 2925 1690 ut
2967 1627 3207 1690 nostris
3253 1647 3334 1690 ex
3379 1635 3565 1707 parte
3608 1625 3995 1703 satisfaciat,
4056 1633 4361 1708 paratum
4424 1647 4496 1691 se
4538 1625 4619 1692 ad

2674 1712 2893 1777 omnia
2934 1712 3073 1775 fore
3118 1710 3542 1793 pollicebitur.
3608 1711 3868 1777 Forsan
3912 1721 3979 1777 et
4020 1711 4305 1795 aliquam
4352 1712 4619 1778 actionis

2675 1798 2955 1878 speciem
3014 1795 3399 1862 ostentabit:
3459 1796 3574 1862 sed
3631 1817 3828 1879 quam
3886 1797 4106 1862 statim
4151 1797 4233 1864 ab
4277 1797 4465 1862 initio
4509 1796 4617 1863 ab·

2674 1891 2937 1966 rumpet
2992 1883 3270 1948 inventa
3342 1880 3560 1965 aliqua
3617 1883 3986 1962 occasione,
4053 1903 4221 1966 quae
4286 1905 4618 1966 nunquam

2673 1969 2818 2034 istis
2861 1968 3235 2033 hominibus
3295 1966 3490 2033 deest.
3595 1967 3727 2034 Hic
3785 1975 3961 2034 certe
4019 1968 4146 2033 erit
4187 1969 4432 2047 exitus,
4491 1990 4619 2034 non

2671 2051 2871 2119 licere
2914 2054 3040 2119 nisi
3085 2076 3165 2119 ex
3211 2074 3418 2136 papae
3453 2055 3802 2118 autoritate
3845 2051 4198 2137 quidquam
4243 2055 4309 2119 in
4356 2055 4618 2139 religio-

2670 2140 2778 2204 nis
2821 2159 3016 2204 causa
3058 2140 3336 2204 decerni.
3405 2139 3510 2204 De
3553 2138 3843 2223 cogenda
3875 2139 4126 2224 synodo
4160 2141 4270 2205 ubi
4315 2149 4619 2224 coeptum

2672 2225 2872 2290 fuerit
2927 2225 3195 2308 agitari,
3263 2226 3469 2290 nostri
3522 2244 3678 2290 mox
3734 2226 4215 2305 reclamabunt,
4276 2226 4617 2311 indignum

2671 2331 2816 2376 esse
2859 2320 2933 2375 ut
2951 2317 2958 2328 '
2975 2310 3137 2376 haec
3180 2310 3517 2394 religionis
3564 2312 3845 2394 cognitio
3890 2311 4199 2394 professis
4239 2311 4368 2378 Dei
4415 2313 4619 2379 hosti-

2671 2396 2792 2463 bus
2833 2394 3180 2462 deferatur.
3281 2396 3768 2462 Antichristum
3823 2395 4250 2479 postulabunt
4302 2419 4492 2463 rcum
4537 2397 4618 2464 ad

2672 2503 2936 2549 causam
2978 2480 3347 2547 dicendam:
3394 2481 3674 2547 iudicem
3718 2495 3895 2549 certe
3930 2483 4110 2548 nullo
4152 2482 4346 2549 modo
4382 2483 4620 2550 admit-

2673 2575 2834 2632 tent.
2924 2566 3180 2648 Quibus
3235 2579 3449 2632 autem
3507 2567 3996 2634 conditionibus
4037 2568 4427 2634 Tridentum
4477 2592 4619 2653 per·

2673 2654 2850 2718 trahi
2906 2674 3093 2736 posse
3147 2652 3525 2719 existimas?
3628 2652 3882 2718 Verum
3937 2663 4015 2719 ut
4068 2675 4108 2719 a
4161 2656 4406 2720 nostris
4451 2655 4619 2721 nihil

2673 2740 2762 2806 sit
2801 2760 3113 2814 remorae,
3152 2759 3354 2821 quum
3398 2738 3564 2803 nihil
3622 2738 3936 2805 libentius
3992 2740 4282 2806 facturus
4335 2741 4424 2806 sit
4473 2740 4621 2808 Gae-

2669 2845 2801 2904 sar,
2839 2845 3034 2908 quam
3079 2835 3156 2888 ut
3197 2824 3533 2890 conversis
3566 2824 3650 2889 ad
3671 2825 3917 2890 bellum
3958 2826 4274 2892 turcicum
4321 2828 4618 2893 omnium

2671 2909 2909 2976 animis
2950 2930 3339 2993 suspensum
3394 2909 3704 2976 ecclesiae
3762 2919 4007 2976 statum
4062 2911 4145 2976 ad
4200 2922 4464 2995 tempus
4516 2934 4619 2978 re-

2671 2995 2959 3078 linquat:
2996 3016 3210 3061 aunon
3233 2997 3304 3060 iu
3341 3016 3419 3061 ea
3450 3016 3542 3074 re,
3580 2994 3665 3061 ad
3688 3017 3882 3079 quam
3920 2997 4355 3080 expetendam
4381 3007 4619 3081 sponte

2670 3081 2915 3166 alioqui
2977 3103 3337 3166 propensus
3393 3082 3547 3161 erit,
3608 3082 3798 3149 facile
3862 3080 4033 3150 idolo
4096 3082 4616 3168 gratificabitur?

2672 3167 3066 3250 Quanquam
3108 3170 3441 3253 fingamus
3491 3170 3624 3233 iam
3675 3168 3992 3234 indictum
4050 3190 4191 3236 esse
4246 3169 4618 3251 concilium,

2669 3256 2803 3320 iam
2846 3254 3070 3319 emnia
3113 3275 3255 3320 esse
3297 3261 3698 3337 comparata:
3757 3264 4151 3339 putamusne
4193 3263 4399 3321 artem
4448 3256 4619 3323 idolo

2673 3340 3077 3419 defuturam,
3137 3361 3268 3423 qua
3320 3361 3461 3405 rem
3519 3348 3724 3405 tetam
3779 3341 4143 3407 disturbet?
4240 3340 4417 3424 Quid
4463 3363 4620 3427 ergo

2672 3426 2792 3490 reli
2840 3426 2975 3490 ioni
3012 3424 3412 3491 horrendum
3445 3426 3518 3490 in
3544 3424 3811 3491 modum
3849 3427 4099 3492 lacerae
4132 3447 4208 3492 ac
4245 3426 4618 3512 dissipatae,

2671 3512 2779 3595 qui
2865 3511 3143 3577 miserae
3187 3511 3512 3588 ecclesiae,
3560 3532 3728 3594 quae
3775 3512 4041 3578 iamiam
4089 3511 4350 3578 videtur
4394 3514 4477 3578 ad
4522 3516 4620 3580 iu·

2673 3598 2941 3662 teritum
3007 3618 3230 3676 ruere,
3298 3597 3450 3679 quid
3505 3597 3758 3661 nomini
3809 3599 4169 3665 christiano
4191 3649 4206 3673 ‚
4274 3599 4430 3683 quid
4493 3600 4621 3666 Dei

2674 3683 2936 3767 gloriae.
2964 3682 3117 3748 fiet?
3184 3681 3551 3748 Petendum
3598 3691 3774 3748 certe
3816 3685 3896 3750 ab
3941 3706 4034 3764 ee,
4082 3692 4156 3750 ut
4198 3684 4433 3751 horum
4482 3708 4623 3752 om-

2671 3770 2857 3833 nium
2901 3790 3123 3835 curam
3169 3768 3478 3849 suscipiat
3519 3770 3660 3852 ipse
3702 3769 3882 3836 solus
3928 3790 4002 3834 ac
4045 3768 4383 3837 sustineat.
4451 3773 4519 3837 N
4521 3794 4622 3837 os-

2671 3856 2758 3919 tri
2803 3862 3082 3937 torpent,
3127 3876 3248 3921 nec
3284 3875 3432 3937 spes
3475 3863 3574 3920 est
3607 3855 3869 3922 cordate
3903 3866 4296 3939 strenueque
4339 3866 4621 3937 acturos,

2671 3941 2800 4005 nisi
2864 3939 3194 4006 Dominus
3257 3939 3557 4005 alicunde
3622 3962 3729 4006 eos
3787 3943 4284 4026 expergefaciat..
4388 3941 4621 4023 Quan-

2671 4047 2866 4109 quam
2911 4027 3093 4108 impii
3152 4027 3312 4092 satis
3368 4026 3502 4091 illis
3558 4027 3911 4093 occasionis
3963 4029 4305 4112 praebent,
4364 4039 4442 4093 ut
4500 4030 4620 4094 sibi

2669 4112 2992 4196 incipiant
3033 4132 3286 4177 cavere.
3375 4111 3620 4178 Omnia
3659 4122 4001 4178 tentarunt
4044 4113 4469 4180 Colonienses
4516 4134 4621 4180 ca·

2672 4199 2891 4263 nonici
2912 4249 2925 4275 ,
2982 4219 3133 4263 cum
3193 4207 3329 4263 tota
3382 4198 3765 4263 clericorum
3809 4199 4014 4277 faece,
4074 4206 4152 4264 ut
4193 4200 4623 4284 archiepisco-

2669 4305 2828 4367 pum
2882 4283 3236 4349 deiicerent
3290 4304 3409 4348 suo
3471 4283 3705 4366 loco.⁴)
3793 4283 4258 4351 Convocarunt
4320 4288 4621 4351 omnium

2670 4369 2973 4434 ordinum
3011 4370 3290 4450 comitia,
3333 4377 3408 4434 ut
3442 4368 3564 4434 sibi
3603 4372 4097 4451 permitteretur
4145 4371 4343 4437 alium
4391 4372 4620 4437 subro-

2874 4640 2927 4702 3>
2966 4640 3087 4696 Imo
3122 4642 3211 4696 die
3244 4642 3454 4696 demum
3486 4641 3573 4695 24.
3613 4641 3818 4697 Martii
3848 4645 3954 4698 rite
3983 4644 4272 4712 inceptum.

2874 4708 2929 4769 4)
2968 4709 3091 4765 Iam
3120 4727 3223 4779 per
3280 4717 3445 4765 totum
3492 4728 3700 4765 annum
3745 4710 3883 4765 1544
3932 4711 4200 4768 Ganoniet'
4244 4728 4302 4767 66
4340 4715 4620 4782 praesulis

2672 4779 2765 4833 eui
2795 4780 3078 4834 conatibus
3108 4780 3328 4833 minime
3344 4779 3532 4846 favere
3558 4783 3745 4849 palam
3786 4781 4149 4850 ostenderant,
4185 4782 4403 4836 tandem
4438 4780 4488 4835 9.
4518 4780 4616 4837 Oe·

2671 4848 2803 4902 tobr.
2918 4848 3051 4902 bliee
3072 4850 3368 4916 protestati
3398 4854 3527 4902 eunt
3561 4852 3622 4904 in
3655 4849 3878 4903 eundem
3896 4864 4108 4903 sensum
4144 4857 4195 4905 et
4224 4851 4384 4915 tinem
4421 4850 4617 4916 (Steid.

2672 4914 2795 4982 364,
2874 4916 3086 4971 eckend.
3127 4916 3248 4970 III.
3286 4915 3405 4984 473,
3443 4917 3686 4972 Deckere
3719 4916 3863 4980 121).
3957 4917 4167 4988 Quibus
4210 4936 4372 4989 quum
4409 4920 4615 4974 arehie-

2666 4986 2931 5054 piscopue
2979 5001 3039 5039 re
3108 4986 3348 5053 auderit,
3393 4988 3682 5042 universus
3726 4989 3901 5042 derue
3937 4994 4238 5056 praeeunte
4281 5006 4345 5045 ca
4399 4989 4523 5043 ‘tulo
4567 4994 4616 5043 et

2673 5054 3005 5109 universitas
3092 5095 3104 5107 .
3150 5053 3236 5107 25.
3292 5054 3501 5111 Octobr.
3550 5062 3602 5112 et
3646 5055 3825 5111 denuo
3870 5056 3921 5109 d.
3957 5054 4008 5110 8.
4058 5056 4205 5111 Nov.
4252 5056 4290 5111 d
4435 5059 4619 5113 atione

2669 5121 2826 5189 faeta
2858 5124 3025 5193 quasi
3056 5125 3392 5179 unanimiter
3424 5140 3493 5178 ne
3525 5125 3615 5180 ale
3648 5126 3794 5179 ultra
3898 5124 4246 5193 oyrederetur
4281 5127 4614 5192 obstiterunt,

2712 5192 2821 5246 uod
2854 5196 3049 5247 iterum
3078 5192 3288 5259 factum
3324 5200 3402 5247 eet
3435 5195 3495 5247 in
3532 5195 3766 5248 comitiis
3849 5233 3860 5245 .
3905 5192 3990 5247 29.
4039 5193 4286 5250 Decemb.
4404 5202 4615 5265 siquam

2673 5259 3116 5398 ‹Dlsskg-msszm
3129 5261 3363 5394 lagnon}
3407 5262 3842 5332 archiepiscopus
3887 5278 3992 5317 666
4034 5263 4268 5318 conee'lia
4299 5212 4616 5332 &en-derat

2763 5347 2819 5386 ee
2912 5346 2940 5384 6
3076 5371 3091 5397 ,
3256 5370 3268 5384 .
3316 5382 3326 5392 ,
