4825 6175
633 452 760 516 659

567 706 576 715 ,
631 640 814 707 enim
849 637 933 705 ad
972 638 1381 724 pergendum
1415 637 1487 703 in
1529 645 1712 706 recto
1748 660 1945 706 cursu
1979 639 2142 706 satis
2180 640 2592 706 voluntarius

635 747 756 810 per
774 733 842 790 te
864 726 954 792 sis
989 747 1064 792 ac
1099 735 1427 803 strenuus,
1473 724 1653 790 hunc
1688 732 1910 791 tamen
1945 745 2080 791 non
2115 746 2595 809 supervacuum

634 811 777 877 fore
820 811 1163 878 stimulum
1206 811 1580 876 existimavi
1598 861 1614 889 ,
1675 811 1732 876 si
1789 820 1853 875 te
1911 812 2303 877 nominatim
2355 811 2596 877 invita-

636 916 780 962 rem
820 897 901 962 ad
948 894 1240 962 studium
1297 898 1437 962 eius
1480 896 1781 963 lectionis
1840 918 1924 961 ex
1983 917 2111 980 qua
2169 917 2304 962 non
2358 916 2593 980 parum

638 982 1147 1048 confirmationis
1191 980 1309 1047 tibi
1350 981 1628 1048 accedet.
1719 981 1889 1047 Nam
1948 983 2395 1049 adiumentum
2448 982 2592 1061 hoc,

637 1090 766 1152 quo
808 1067 1103 1152 plerique
1158 1065 1351 1133 hodie
1408 1075 1633 1133 carent
1680 1068 2006 1151 principes
2022 1119 2038 1146 ‚
2099 1068 2418 1135 divinitus
2479 1068 2595 1134 tibi

639 1154 933 1239 contigit,
978 1162 1051 1220 ut
1092 1152 1449 1219 liberaliter
1492 1174 1532 1217 a
1572 1174 1774 1236 puero
1830 1154 2172 1220 institutus
2214 1155 2285 1219 in
2329 1154 2596 1238 linguae

639 1239 882 1305 latinae
917 1240 1191 1306 scientia
1233 1236 1528 1322 legendis
1563 1238 1839 1305 utilibus
1884 1259 1960 1304 ac
2002 1240 2127 1322 piis
2172 1241 2433 1322 scriptis
2479 1260 2595 1305 va-

640 1347 788 1393 care
830 1345 1047 1408 queas.
1063 1329 1121 1402 ⁴)
1212 1323 1406 1405 Quod
1459 1326 1516 1390 si
1571 1325 1779 1390 ullum
1829 1324 1957 1390 fuit
1999 1346 2291 1409 unquam
2331 1333 2596 1408 tempus

638 1433 766 1495 quo
807 1411 1213 1478 necessariae
1250 1419 1468 1476 essent
1501 1433 1586 1476 ex
1623 1412 1730 1493 pia
1764 1409 2064 1476 doctriua
2098 1411 2592 1489 consolationes,

641 1497 800 1582 quid
855 1495 1033 1562 aliud
1087 1496 1194 1562 vel
1253 1497 1538 1561 maxime
1597 1495 1876 1563 heroicis
1929 1497 2302 1578 pectoribus
2357 1497 2593 1581 reliqui

638 1583 798 1648 facit
839 1602 1146 1666 praesens
1181 1581 1487 1648 ecclesiae
1527 1580 1885 1659 calamitas,
1929 1583 2062 1647 imo
2103 1583 2327 1666 plures
2370 1603 2447 1648 ac
2490 1584 2592 1661 in-

640 1668 971 1753 digniores
1016 1688 1182 1751 quae
1224 1668 1472 1733 instare
1519 1669 1881 1734 etiamnum
1921 1666 2270 1734 videntur?
2357 1669 2594 1751 Itaque

639 1765 717 1819 ut
771 1753 1046 1837 quisque
1104 1753 1185 1818 ad
1252 1760 1623 1820 extremum
1681 1754 1967 1820 invictus
2022 1764 2197 1820 stare
2254 1756 2435 1838 cupit
2448 1804 2465 1833 ,
2519 1754 2593 1818 in

641 1839 810 1905 hanc
847 1839 1166 1904 fulturam
1211 1847 1391 1905 totus
1427 1839 1780 1905 recumbat.
1873 1839 1970 1906 Ut
2010 1839 2283 1923 quisque
2325 1842 2590 1905 firmum

639 1923 1035 2009 praesidium
1077 1926 1345 2009 appetit,
1393 1926 1689 1990 conferre
1729 1947 1803 1991 se
1848 1924 2057 1990 discat
2097 1925 2171 1990 in
2214 1927 2340 1992 hoc
2383 1926 2592 1992 veluti

640 2011 914 2096 asylum.
1005 2009 1205 2075 Porro
1253 2010 1324 2076 in
1379 2011 1485 2076 his
1529 2023 1806 2094 quatuor
1848 2011 2179 2095 epistolis,
2241 2032 2402 2095 quas
2446 2033 2592 2077 meo

637 2097 860 2162 labore
903 2096 1258 2179 explicatas
1301 2096 1420 2161 tibi
1463 2097 1681 2175 offero,
1725 2096 1964 2162 eximie
1998 2094 2336 2180 Princeps,
2382 2097 2594 2162 multa

638 2182 1101 2249 consolationis
1178 2191 1571 2266 argumenta
1647 2184 1932 2265 reperies
2011 2184 2115 2249 his
2187 2183 2592 2265 temporibus

638 2267 833 2333 valde
869 2276 1039 2350 apta,
1076 2268 1313 2351 quibus
1348 2268 1765 2335 recensendis
1797 2269 1945 2333 ideo
1981 2289 2158 2334 nunc
2197 2267 2592 2352 supersedeo

639 2351 811 2437 quod
865 2354 1037 2419 ultro
1088 2353 1226 2419 suis
1284 2353 1472 2432 locis,
1529 2366 1597 2419 et
1639 2353 1903 2437 quidem
1944 2354 2199 2430 melius,
2255 2355 2588 2438 patefient.

811 2440 1029 2504 Venio
1071 2438 1152 2504 ad
1198 2439 1554 2505 secundam
1610 2441 1928 2506 rationem
1982 2461 2115 2523 qua
2159 2461 2265 2504 me
2307 2447 2386 2505 nt
2427 2460 2590 2524 opus

637 2525 764 2590 hoc
807 2525 925 2590 tibi
965 2525 1250 2590 dicarem
1294 2524 1653 2608 impulsum
1696 2526 1898 2591 fuisse
1942 2525 2101 2591 dixi.
2171 2526 2342 2591 Nam
2387 2547 2589 2609 quum

634 2610 709 2674 in
744 2611 869 2676 hac
903 2631 1126 2675 rerum
1162 2610 1670 2693 perturbatione,
1707 2632 1872 2694 quae
1909 2611 2071 2677 alios
2105 2613 2394 2678 concutit
2429 2612 2591 2677 alios

636 2693 860 2763 deiicit
902 2717 1190 2778 prorsus,
1245 2697 1414 2760 mira
1457 2696 1578 2762 tibi
1621 2703 1873 2762 constet
1915 2698 2122 2763 animi
2166 2698 2592 2781 aequabilitas

636 2791 703 2846 et
745 2781 1126 2860 moderatio,
1142 2783 1202 2859 ⁵)
1249 2792 1316 2847 et
1357 2782 1553 2847 simul
1600 2783 1913 2849 adversus
1958 2783 2227 2866 quasvis
2269 2783 2589 2867 procellas

635 2867 987 2951 singularis
1030 2867 1418 2946 constantia,
1463 2867 1666 2934 totius
1708 2868 2018 2935 ecelesiae
2051 2890 2452 2953 magnopere
2487 2891 2589 2935 re-

635 2952 809 3019 ferre
851 2953 1170 3031 existim0,
1216 2954 1288 3018 in
1329 2962 1397 3018 te
1415 3004 1431 3030 ,
1488 2956 1674 3032 quasi
1715 2956 1785 3018 in
1828 2954 2070 3020 illustri
2194 2956 2392 3034 eculo,
2437 2976 2580 3039 pro-

636 3040 925 3123 positum
982 3039 1286 3106 omnibus
1352 3060 1493 3107 esse
1551 3040 1927 3125 exemplum
1991 3063 2119 3125 quo
2226 3042 2586 3108 imitentur.

631 3126 810 3192 Nam
859 3147 1064 3209 quum
1105 3127 1276 3192 hanc
1331 3128 1469 3192 suis
1525 3128 1828 3193 omnibus
1885 3128 2099 3213 legem
2153 3130 2593 3194 communiter

633 3212 1040 3295 praescribat
1097 3212 1273 3279 filius
1327 3211 1490 3291 Dei,
1565 3222 1642 3278 ut
1696 3212 1935 3279 malint
1986 3215 2108 3280 sub
2161 3215 2374 3281 crucis
2429 3236 2589 3281 suae

637 3298 879 3364 vexillo
924 3298 1208 3363 militare
1251 3319 1447 3382 quam
1484 3298 1896 3382 triumphare
1931 3322 2078 3366 cum
2116 3300 2379 3378 mundo,
2425 3322 2590 3384 pau-

634 3384 881 3450 cissimi
925 3386 1347 3468 reperiuntur
1380 3385 1493 3467 qui
1529 3382 1614 3448 ad
1648 3383 2017 3451 obeundam
2054 3386 2250 3451 talem
2286 3386 2590 3452 militiam

636 3471 773 3535 sint
805 3470 1040 3553 parati.
1107 3468 1258 3550 Quo
1293 3471 1505 3555 magis
1542 3491 1807 3537 necesse
1842 3480 1945 3537 est
1977 3474 2144 3539 raris
2188 3471 2331 3537 istis
2367 3493 2591 3538 exem-

635 3555 782 3639 plis,
827 3555 1020 3639 quale
1063 3556 1135 3621 in
1178 3565 1243 3622 te
1283 3556 1693 3640 perspicitur,
1737 3558 1984 3640 passim
2027 3579 2252 3625 omnes
2295 3559 2590 3639 excitari,

635 3650 714 3706 ut
752 3663 937 3707 suam
985 3642 1330 3707 mollitiem
1372 3643 1699 3726 corrigere
1741 3641 2018 3709 discant.

812 3727 916 3793 De
959 3728 1124 3793 meis
1167 3730 1658 3794 commentariis
1692 3728 1816 3795 hoc
1850 3737 2110 3795 tantum
2154 3729 2398 3796 dicam:
2444 3730 2592 3815 plus

635 3812 806 3877 forte
850 3814 922 3877 in
965 3813 1098 3879 illis
1141 3814 1464 3879 contineri
1518 3835 1712 3897 quam
1770 3815 1934 3880 mihi
1980 3816 2346 3881 verecunde
2391 3817 2589 3900 profi-

635 3898 763 3963 teri
817 3898 1026 3965 liceat.
1126 3898 1333 3966 Cuius
1386 3901 1485 3965 rei
1539 3900 1709 3965 malo
1766 3922 1850 3966 ex
1904 3903 2048 3984 ipsa
2100 3902 2374 3968 lectione
2418 3901 2590 3967 iudi-

638 3985 812 4049 cium
854 3986 994 4068 ipse
1041 3984 1256 4052 facias.
1329 3986 1516 4066 Vale,
1563 3988 1882 4070 Princeps
1925 3987 2381 4055 illustrissime.
2452 3987 2590 4053 Do-

637 4070 858 4135 minus
900 4071 1089 4136 lesus
1132 4081 1198 4136 te
1241 4073 1364 4138 sibi
1409 4081 1477 4137 et
1520 4073 1828 4140 ecclesiae
1872 4095 2032 4140 suae
2076 4074 2189 4139 diu
2228 4083 2451 4142 servet
2493 4075 2593 4139 in-

635 4156 959 4222 eolumem
1015 4158 1378 4240 spirituque
1435 4179 1552 4223 suo
1611 4169 1813 4243 regat.
1906 4160 2220 4226 Genevae
2281 4159 2592 4227 Calendis

639 4242 991 4307 Februarii
1044 4247 1223 4307 1548.
1563 4261 1570 4268 “

843 4481 903 4546 4)
942 4480 1252 4536 Pueritiam
1286 4485 1425 4537 satis
1457 4482 1729 4549 infelicem
1763 4490 2105 4553 trameyerat
2134 4491 2295 4552 patre
2329 4485 2456 4540 sede
2490 4484 2590 4542 du-

637 4550 750 4603 cali
781 4550 982 4605 deiecto
1033 4557 1083 4605 et
1133 4552 1354 4605 extorri.
1426 4551 1501 4605 In
1544 4552 1728 4605 aulam
1765 4555 2099 4608 austriacam
2136 4554 2400 4608 deductas
2432 4569 2591 4620 prae-

635 4625 875 4685 ceptores
915 4620 1105 4674 habuit
1156 4619 1303 4673 Oua.
1348 4636 1386 4673 a
1433 4621 1809 4684 Reichenbach
1851 4622 2032 4677 Ictum
2074 4628 2128 4677 ct
2172 4622 2343 4678 Mic-li
2400 4622 2591 4691 Υἱῆες·-

637 4703 785 4740 nam.
858 4689 1062 4742 Latine
1095 4695 1208 4742 tam
1242 4689 1370 4743 bene
1403 4688 1622 4744 edoctus
1661 4691 1774 4754 fuit
1821 4697 1883 4745 ut
1917 4692 2000 4746 vel
2034 4692 2337 4762 loqueretar
2371 4699 2422 4746 et
2456 4693 2591 4746 scri-

637 4757 784 4811 beret
830 4762 881 4809 et
924 4772 1088 4810 senex
1132 4772 1339 4827 quoque
1394 4758 1498 4810 has
1541 4758 1732 4812 literas
1788 4761 2087 4814 adamaret.
2181 4762 2430 4829 (Hister,
2476 4761 2587 4814 He.

643 4823 948 4893 Christoph.
985 4826 1028 4879 1.
1064 4824 1147 4878 81.
1184 4825 1256 4879 11.
1289 4823 1341 4880 5.
1413 4826 1591 4895 Heyd,
1630 4827 1736 4881 He.
1762 4827 1964 4883 Ula-ich.
2001 4828 2067 4882 11.
2087 4827 2206 4883 330.
2266 4830 2593 4897 Schnurrer,

632 4893 862 5017 LErllcliut.
898 4910 945 4947 z.
995 4893 1203 4949 Wartb.
1243 4894 1367 4963 Res.
1411 4894 1601 4949 Geech.
1647 4911 1701 4964 p.
1737 4895 1858 4953 541.
1913 4897 2137 4967 Kayler,
2157 4897 2263 4951 He.
2288 4898 2592 4966 Chi-iatoph.

844 5029 904 5098 5)
949 5030 1133 5087 Talem
1177 5047 1233 5086 se
1281 5033 1510 5088 Monsbe
1566 5034 1761 5087 ardiae
1800 5051 1994 5089 revera
2031 5028 2329 5103 praestitit,
2378 5035 2481 5090 etei
2513 5036 2592 5090 lu·

641 5099 900 5154 theu-anae
953 5101 1220 5168 formulae
1258 5117 1443 5183 ,aeque
1540 5173 1550 5183 θ
1591 5104 1739 5184 ,ἐτη
1801 5103 2071 5159 addictus.
2147 5104 2352 5185 ‘Neque
2404 5110 2594 5172 postea

637 5169 2592 5321 ssfflssffssfffflwbfffssmfflffgfflgssmguffffissssffm‘}

636 5307 874 5441 m
898 5307 1258 5446 falciferi-⁸335
1290 5307 1638 5364 concordiam
1658 5347 1673 5373 ‚
1720 5315 1945 5364 mentem
1988 5309 2099 5366 uuo
2147 5310 2306 5364 modo
2341 5312 2589 5367 mutavit.

2151 420 2713 519 ‘EPISTOLAE
2757 452 3096 518 994—996

4515 454 4619 519 660

3602 638 3757 712 995.

3186 791 3687 860 FABELLUS
3734 790 4169 860 OALVINO.

2873 965 2958 1031 In
3002 965 3207 1031 literis
3245 965 3563 1031 mittendis
3597 984 3847 1030 summa
3886 964 4183 1030 ostendam
4219 982 4380 1029 cura
4422 968 4475 1028 d
4510 964 4625 1030 dis-

2698 1053 2960 1119 cretione
3013 1070 3206 1133 quam
3267 1050 3455 1132 facile
3505 1050 3721 1115 minus
3772 1049 3927 1131 fidis
3984 1049 4239 1114 nunciis
4300 1050 4624 1115 credantur.

2703 1137 2862 1204 Oum
2921 1135 3372 1203 Turiaensibus
3427 1138 3677 1202 omnino
3728 1156 3834 1203 res
3873 1135 4325 1217 componendae
4338 1186 4354 1215 ‚
4410 1136 4628 1217 fortite·

2698 1224 2770 1288 in
2811 1244 2881 1289 re
2921 1224 3198 1288 suaviter
3252 1223 3324 1287 in
3364 1222 3559 1287 modo.
3649 1221 3872 1306 Leyati
3915 1221 4341 1287 Helvetiorum
4397 1223 4484 1286 ad
4526 1220 4629 1286 Re-

2693 1329 2832 1395 yem
2871 1308 3057 1374 missi
3099 1309 3171 1374 in
3204 1306 3593 1391 Bwyundia
3633 1307 3797 1373 male
3838 1308 4088 1389 excepti.

2699 1480 2813 1547 (Ex
2862 1478 3200 1549 autographo
3235 1478 3610 1532 Bibliothecae
3644 1483 3925 1547 pastorum
3968 1477 4435 1533 Neocomensium.
4506 1474 4628 1548 Epp.

3298 1548 3501 1602 Fareni
3534 1548 3662 1601 fasc.
3698 1547 3792 1601 HL
3830 1547 3898 1601 N.
3933 1545 4046 1614 29.)

2875 1718 3125 1784 Christi
3168 1739 3360 1785 servo
3403 1718 3745 1803 insigniori
3782 1717 3878 1783 Io.
3903 1716 4181 1783 Calvino
4225 1717 4471 1800 pastori
4514 1717 4631 1783 Ge·

2698 1805 3005 1871 nevensis
3043 1803 3355 1871 ecclesiae
3369 1854 3385 1883 ,
3442 1805 3588 1870 viro
3644 1813 3783 1869 tum
3840 1803 4213 1870 doctissimo
4272 1811 4420 1869 tum
4472 1802 4632 1869 omni

2698 1892 2938 1975 pietate
2981 1890 3418 1957 ornatissimo.

4007 1975 4338 2041 Genevae.

2870 2111 2941 2178 S.
2987 2113 3218 2195 Neque
3262 2133 3347 2176 ex
3390 2119 3457 2177 te
3502 2132 3715 2194 neque
3769 2133 3851 2176 ex
3912 2110 4114 2176 Vireto
4158 2118 4279 2176 aut
4320 2110 4449 2175 alio
4492 2132 4631 2194 quo-

2697 2199 2797 2263 vis
2856 2199 3102 2281 aliquid
3159 2199 3375 2281 accepi
3432 2198 3809 2275 literarum,
3869 2204 3986 2260 aut
4039 2198 4144 2262 cui
4197 2197 4395 2280 plene
4452 2196 4631 2262 fidem

2696 2283 2921 2349 darem
2966 2285 3198 2367 aliquis
3253 2283 3550 2350 narravit
3604 2296 3677 2347 ut
3732 2281 4015 2348 habeant
4070 2304 4193 2348 res.
4222 2281 4270 2366 ¹)
4357 2283 4632 2347 Tantum

2702 2370 2977 2436 Thomas
2993 2374 3052 2443 ²)
3109 2371 3331 2434 omnia
3389 2378 3522 2434 tam
3579 2369 3794 2451 ample
3847 2370 4032 2434 visus
4096 2369 4224 2433 fuit
4286 2389 4631 2446 recensere,

2696 2455 2897 2520 etiam
2961 2476 3041 2520 ea
3108 2476 3273 2538 quae
3336 2457 3406 2520 in
3446 2464 3692 2534 ,senatu
3754 2476 3885 2519 non
3957 2454 4150 2519 modo
4215 2462 4361 2519 acta
4416 2474 4633 2520 verum

2695 2542 2893 2607 etiam
2938 2541 3111 2606 dicta
3152 2540 3451 2613 fuerunt,
3509 2549 3585 2606 ut
3638 2561 3797 2605 suae
3851 2540 4214 2604 narrationi
4271 2538 4469 2606 fidem
4512 2560 4632 2604 non

2692 2648 2961 2711 prorsus
3002 2626 3368 2692 habendam
3413 2628 3485 2690 in
3527 2625 3833 2691 omnibus
3877 2625 4183 2691 efficeret.
4251 2625 4399 2691 Hoc
4442 2625 4501 2692 si
4542 2645 4634 2688 me

2694 2721 2899 2797 angat
2940 2722 3015 2778 tu
3060 2721 3244 2795 potes
3285 2712 3672 2796 intelligere,
3717 2712 4038 2794 quamvis,
4082 2721 4156 2776 ut
4197 2711 4382 2776 novit
4415 2709 4634 2775 Domi·

2693 2820 2840 2878 nus,
2885 2806 3144 2863 tantum
3191 2799 3375 2864 abest
3410 2807 3485 2864 ut
3525 2797 3881 2880 quidquam
3916 2799 4193 2881 cogitem
4241 2796 4323 2860 de
4366 2808 4435 2862 te
4477 2793 4635 2879 quod

2693 2906 2826 2950 non
2869 2886 3032 2951 satis
3072 2884 3360 2950 officium
3402 2885 3472 2948 in
3515 2905 3622 2948 me
3665 2883 3900 2962 facias,
3956 2891 4035 2948 ut
4076 2885 4279 2947 mirer
4321 2883 4538 2966 magis
4577 2892 4634 2946 te

2692 2990 2883 3054 posse
2926 2971 3034 3036 vel
3078 2971 3502 3036 centesimam
3547 2976 3800 3052 partem
3836 2989 4061 3034 eorum
4098 2967 4437 3035 absolvere
4479 2986 4634 3051 quae

2693 3056 2904 3123 indies
2948 3076 3068 3141 per
3110 3064 3177 3122 te
3219 3055 3547 3122 Dominus
3590 3056 3805 3121 efficit.
3896 3055 4226 3139 Cuperem
4272 3065 4497 3120 tamen
4534 3051 4634 3119 ali-

2691 3164 2886 3226 quem
2915 3144 3077 3210 istic
3120 3162 3591 3225 nonnunquam
3634 3162 3754 3225 per
3780 3141 3946 3208 fidos
3980 3163 4086 3208 me
4120 3142 4466 3208 certiorem
4500 3139 4634 3206 red·

2693 3230 2876 3295 dere:
2920 3250 3075 3293 nam
3119 3236 3194 3294 tu
3236 3250 3373 3294 non
3416 3230 3574 3294 satis
3621 3227 3876 3293 idoneis
3932 3237 4082 3294 tuas
4138 3228 4367 3294 literas
4412 3225 4630 3292 credis.

2693 3317 2964 3393 Verum,
3009 3314 3184 3398 quod
3226 3335 3331 3379 me
3377 3335 3578 3397 supra
3620 3314 3888 3379 modum
3932 3323 4115 3379 tenet
4168 3314 4475 3390 anxium,
4524 3330 4633 3395 ego

2694 3404 2764 3467 in
2821 3401 2946 3467 hoc
2999 3400 3208 3466 multo
3267 3401 3477 3484 magis
3530 3420 3744 3483 pecco.
3848 3399 4022 3464 Nam
4076 3421 4318 3483 nuper,
4374 3397 4632 3465 credens

2693 3490 2859 3553 meis
2915 3487 3261 3564 fratribus,
3318 3486 3715 3563 sacrificulo,
3770 3506 3965 3569 quem
4020 3485 4186 3551 mire
4229 3481 4632 3552 commenda·

2694 3574 2853 3641 bant
2895 3593 2936 3637 a
2976 3571 3123 3651 fide,
3169 3572 3551 3639 fasciculum
3596 3571 3938 3637 literarum
3953 3571 4030 3656 ⁸),
4076 3572 4325 3655 Tiguro
4369 3571 4496 3636 huc
4528 3567 4633 3633 ad-

2695 3661 2904 3725 latum
2970 3680 3090 3742 per
3150 3658 3533 3736 Mirabilem,
3557 3661 3615 3734 ⁴)
3683 3658 3767 3722 ad
3826 3665 3892 3723 te
3946 3656 4409 3741 perferendum
4472 3653 4629 3719 dedi.

2694 3747 2908 3811 Erant
2959 3746 3032 3809 in
3087 3764 3163 3810 eo
3207 3743 3292 3809 ad
3352 3745 3637 3809 Viretum
3689 3744 3945 3823 literae,
4004 3765 4197 3827 quem
4256 3763 4379 3828 ego
4436 3739 4631 3806 literis

2693 3830 3042 3897 sollicitavi
3100 3852 3186 3896 an
3243 3832 3511 3895 resciret
3564 3838 3628 3896 te
3674 3830 3902 3894 omnia
3954 3831 4305 3912 excepisse.
4407 3826 4537 3894 Sed
4577 3826 4630 3889 is

2695 3918 2856 3983 nihil
2902 3915 3255 4001 respondit.
3342 3916 3609 3981 Interea
3650 3937 3771 3999 ego
3816 3914 3976 3980 mihi
4023 3937 4110 3981 an
4144 3913 4455 3980 fratribus
4494 3933 4629 3977 8110-

2694 4024 2997 4071 censeam
3040 4004 3275 4069 nesci0.
3366 4003 3462 4067 'I'e
3503 4023 3763 4083 quaeso,
3810 4023 4007 4084 quam
4050 4002 4337 4084 primum
4381 3999 4501 4064 hac
4530 4017 4630 4061 me

2694 4090 2994 4155 molestia
3036 4088 3257 4154 libera.
3346 4088 3618 4154 Utinam
3678 4088 3849 4154 diem
3904 4108 4114 4176 unum
4166 4085 4340 4169 apud
4395 4107 4495 4150 me
4533 4105 4629 4148 re-

2694 4177 3039 4241 tinuissem
3082 4175 3307 4240 literas
3351 4185 3416 4238 et
3460 4176 3699 4240 nuncio
3758 4174 4019 4257 proprio
4062 4171 4145 4238 ad
4189 4182 4255 4237 te
4298 4172 4626 4237 misissem.

2696 4260 2874 4328 Sane
2918 4282 3023 4325 res
3068 4269 3167 4326 est
3221 4263 3441 4344 magni
3491 4262 3802 4325 momenti
3818 4257 3877 4345 ⁵)
3933 4280 4098 4341 quae
4154 4259 4363 4323 literis
4406 4257 4625 4341 agitur,

2696 4355 2763 4413 et
2818 4347 2945 4413 nisi
3001 4367 3119 4430 per
3183 4353 3250 4411 te
3307 4368 3452 4412 cum
3529 4346 3736 4411 Vireto
3790 4346 4117 4410 Dominus
4175 4351 4513 4427 componat
4562 4338 4627 4404 id

2693 4432 2867 4515 quod
2920 4439 3059 4498 tam
3114 4433 3415 4498 omnibus
3471 4431 3939 4509 incommodat,
4012 4432 4188 4495 viam
4241 4452 4376 4495 non
4436 4426 4621 4495 video.

2715 4690 2856 4744 995.
2891 4689 2949 4755 1)
2985 4706 3173 4759 nempe
3207 4690 3546 4745 diversarum
3578 4691 3881 4757 factionum
3915 4694 3965 4742 ct
3994 4687 4239 4756 partium
4275 4685 4429 4755 apud
4469 4683 4623 4738 Gene-

2696 4774 2898 4820 venses,
2934 4759 3078 4813 inter
3111 4776 3249 4829 quas
3283 4774 3359 4813 an
3393 4759 3686 4813 concordia
3722 4759 3911 4828 aliqua
3927 4757 4165 4812 stabiliri
4194 4761 4379 4823 posset
4410 4756 4476 4809 ab
4506 4754 4622 4806 elec-

2696 4830 2841 4883 tione
2874 4845 2902 4881 8
2979 4827 3223 4882 dicor-um
3256 4827 3356 4882 hoc
3375 4829 3497 4894 ipso
3533 4829 3786 4895 temporis
3806 4831 4068 4881 momento
4085 4829 4329 4879 instante
4354 4822 4621 4891 pendebat.

2939 4899 2963 4962 )
2997 4898 3065 4951 de
3096 4899 3153 4951 la
3193 4896 3445 4961 Planche,
3483 4895 3699 4950 Farelli
3730 4898 3946 4964 collega,
3982 4895 4098 4948 nisi
4122 4893 4390 4959 fallimur.

2900 4966 2961 5032 3)
3004 4965 3086 5033 Of.
3125 4965 3202 5020 N.
3238 4964 3344 5018 990
3378 4966 3474 5018 ubi
3506 4965 3572 5017 de
3605 4980 3687 5031 cp.
3723 4982 3758 5018 a
3794 4963 4115 5032 Bullinqcro
4148 4962 4359 5030 scripta
4381 4959 4621 5037 Calvinus

2695 5036 2771 5158 &a
2818 5035 3084 5158 ἴᾶνείαηι,
3136 5050 3299 5104 quam
3352 5049 3467 5086 eam
3520 5035 3699 5101 ipsam
3748 5034 3923 5098 faisse
3968 5039 4227 5101 putamus
4279 5031 4349 5085 dc
4397 5044 4500 5099 qua
4543 5027 4621 5080 hc

2752 5120 2820 5158 ar
2888 5118 2970 5157 us.

2901 5169 2963 5237 4)
2999 5169 3076 5224 N.
3109 5168 3229 5224 302.
4610 5230 4622 5241 ⁸

2901 5238 2959 5308 5)
3008 5238 3142 5294 Vide
3186 5255 3261 5292 an
3315 5238 3570 5309 loquatur
3616 5237 3682 5291 de
3732 5237 3953 5293 Caluini
3993 5243 4045 5292 et
4089 5236 4404 5305 Bullinqeri
4441 5237 4617 5289 recen&

2697 5307 2944 5376 dtbsidio,
2980 5324 3145 5377 quum
3180 5307 3268 5361 hic
3300 5307 3451 5361 illias
3485 5308 3884 5363 observationes
3901 5308 4123 5363 criticas
4156 5308 4218 5360 in
4252 5305 4449 5360 librum
4480 5316 4615 5357 811111·

2690 5395 2893 5449 parum
2929 5393 3100 5448 aequo
3134 5378 3319 5431 animo
3355 5377 3662 5444 accepisset.
