4825 6175
23 3855 461 3922 'rosv-isa

185 401 293 466 413

537 583 596 660 ὅ)
668 579 891 648 virum
967 579 1291 666 optimum
1365 579 2109 662 innocentissimumque

181 668 368 738 officio
407 666 686 751 privarit
726 666 893 734 citra
933 666 1267 743 meritum,
1308 666 1510 751 inque
1544 666 1763 733 locum
1805 664 1949 732 eius
1990 685 2109 731 no·

178 756 266 824 bis
301 752 522 820 ins'ciis
561 752 768 820 alium
811 752 1135 833 asciverit,
1156 752 1214 836 ⁶)
1250 751 1331 819 ab
1373 752 1499 819 hoc
1540 752 1743 838 longo
1786 759 1961 819 certe
2004 749 2109 816 in-

177 838 431 909 tervallo
475 845 545 904 et
596 837 980 921 disciplinae
1021 859 1148 904 usu
1203 844 1272 905 et
1324 837 1660 906 doctrinae
1715 836 2110 902 dexteritate

176 928 522 994 distantem.
604 923 792 992 Haec
859 943 978 990 aus
1022 923 1150 990 icia
1200 932 1359 991 sunt
1410 924 1688 991 huiusce
1728 922 2108 990 vocationis.

173 1013 255 1080 Et
290 1011 442 1095 quia
493 1009 819 1094 prospicio
880 1017 994 1075 tur
1037 1031 1110 1076 as
1166 1029 1410 1093 easque
1461 1009 1863 1093 perniciosas
1918 1008 2110 1074 datu-

172 1119 320 1178 ram,
361 1097 553 1180 gravi
582 1095 724 1180 iugi
767 1117 852 1162 ue
895 1095 1262 1162 tentatione
1285 1095 1378 1161 ad
1493 1097 1508 1111 '
1681 1095 1840 1161 dum
1882 1092 2112 1178 impel-

168 1185 275 1264 lor,
294 1183 347 1267 ⁷)
390 1181 675 1249 necdum
715 1182 742 1246 i
827 1181 987 1248 satis
1044 1201 1132 1246 ex
1185 1181 1585 1249 conscientia
1639 1182 1922 1247 firmiter
1976 1185 2109 1245 sta·-

170 1277 341 1335 tusre
373 1288 645 1352 possum
687 1276 755 1333 et
808 1264 1048 1333 dubius
1090 1267 1292 1333 animi
1350 1267 1622 1351 pendeo.
1727 1266 1822 1332 'Pe
1878 1285 2110 1349 precor

169 1362 236 1420 ut
274 1353 548 1421 consilio
592 1374 711 1420 nos
752 1352 960 1432 iuves,
1017 1373 1137 1437 per
1184 1351 1531 1420 Christum
1574 1360 1644 1419 et
1684 1351 1959 1418 huiusce
2002 1370 2109 1416 ec-

169 1440 386 1507 clesiae
446 1439 986 1507 incolumitatem.
1093 1438 1282 1506 Haec
1350 1438 1594 1506 cursim
1658 1447 1726 1504 et
1783 1433 2110 1504 brevibus.

167 1524 322 1591 Vale
377 1525 451 1590 in
491 1526 780 1592 Domino
832 1544 986 1590 cum
1031 1525 1182 1591 tuis.
1280 1523 1540 1591 Bernae
1604 1530 1698 1590 10.
1753 1523 1819 1589 N
1821 1520 2107 1588 ovembr.

163 1632 322 1677 anno
371 1613 557 1676 1546.

1387 1696 1462 1762 Τ.
1510 1694 1845 1763 Sulcerus.

929 1989 1334 1997 —-———-——-———--

1051 2223 1208 2294 85⁰.

688 2359 1160 2429 GALVINUS
1204 2359 1578 2427 VIRETO.

316 2530 714 2599 Horrsbilem
755 2537 982 2599 narrat
1019 2531 1305 2615 fabulam
1360 2534 1436 2598 de
1478 2531 1720 2598 homine
1775 2553 1819 2597 a
1864 2530 2111 2599 Satana

23 2673 26 2674 γ
151 2625 402 2704 arrepto
470 2619 567 2684 ita
618 2625 688 2684 ut
743 2617 1010 2703 vestiyia
1077 2619 1215 2684 eius
1265 2618 1536 2701 reperiri
1600 2638 1723 2683 non
1775 2619 2108 2700 potuerint,

149 2725 337 2787 quam
385 2709 599 2771 tamen
650 2704 1097 2771 Genevensium
1137 2703 1364 2789 vulqus
1403 2704 1568 2770 sati-s·
1620 2708 1964 2786 suspectam
2001 2704 2114 2771 ha-

147 2790 356 2857 tuisse
403 2791 708 2873 queritur.
801 2788 1066 2856 Subiicit
1106 2789 1242 2856 alia
1282 2789 1550 2856 minoris
1588 2791 1894 2856 momenti.

148 2962 485 3044 (Exemplar
530 2960 661 3016 Ood.
710 2961 913 3042 Gener.
945 2959 1078 3043 0106,
1112 2960 1207 3014 fol.
1249 2958 1362 3027 177,
1397 2976 1574 3041 neque
1619 2960 1991 3042 autographon
2029 2965 2115 3013 est

140 3048 318 3102 neque
355 3035 485 3085 inte
544 3101 557 3113 ⁹
645 3069 661 3085 .
712 3030 1080 3112 Describimus
1114 3030 1347 3082 alterum
1381 3027 1665 3082 Ionnllaei
1698 3045 1767 3083 ex
1802 3028 1931 3082 Ood.
1957 3027 2056 3081 111
2071 3040 2113 3082 ⁸2

141 3101 304 3239 Ἢ
360 3100 941 3223 00112‘123
948 3098 1079 3221 022:
1113 3097 1369 3247 aaz·
1407 3096 1927 3236 maffi-
1963 3099 2112 3238 {a

412 3255 476 3307 p.
512 3235 597 3291 65.
670 3237 957 3294 variantes
992 3236 1209 3290 nonnisi
1242 3236 1484 3306 potiores
1519 3237 1854 3305 apponimus.

313 3426 395 3493 S.
451 3424 785 3491 Putabam
827 3445 935 3490 me
977 3424 1198 3490 nescio
1242 3424 1349 3490 cui
1390 3423 1739 3491 mandasse
1791 3433 1868 3489 ut
1919 3443 2117 3507 quam

142 3534 181 3577 a
232 3533 350 3578 me
425 3510 778 3577 historiam
839 3508 961 3574 tibi
1024 3509 1222 3576 scribi
1284 3509 1573 3592 postulas
1632 3531 1744 3576 ore
1801 3519 2116 3576 narraret.

23 3626 24 3629 ¹
139 3597 319 3679 Quia
364 3606 608 3663 tamen
646 3596 884 3661 molius
925 3617 1067 3662 rem
1122 3597 1289 3661 scire
1330 3595 1517 3678 cupis
1530 3646 1545 3673 ,
1603 3597 1827 3679 paucis
1880 3596 2116 3679 accipe.

23 3710 26 3743 -,
140 3683 374 3764 Quum
427 3684 639 3748 stater
671 3689 893 3748 noster
929 3681 1342 3766 Raymondus
1367 3682 1415 3763 ¹)
1452 3681 1699 3765 aliquid
1733 3703 1806 3749 se
1848 3681 1930 3748 de
1967 3679 2121 3782 lior-

539 3875 577 3920 e
609 3874 740 3937 qua
771 3853 1593 4005 φιαθᾱῖωῢοωαςίἓξηωε.
1663 3852 1861 3920 Iussu
1900 3766 2122 3953 ἓξὲξ

139 4036 320 4094 esset
369 3946 955 4109 eouggllliztl‘luliltlluiri
1002 3989 1167 4089 dum
1179 3946 1367 4089 ssselin
1420 3945 1885 4106 guaffffigffin
1914 3945 2124 4088 11111Ξὲ

133 4121 292 4181 rent
313 4114 382 4197 ²)
431 4120 869 4194 compertam:
916 4111 1062 4176 fieri
1105 4110 1283 4176 enim
1324 4110 1519 4176 aliter
1558 4130 1695 4175 non
1728 4130 1919 4193 posse
1961 4108 2125 4192 quin

135 4218 378 4265 rumor
429 4197 662 4263 statim
714 4196 912 4280 longe
964 4202 1407 4281 spargeretur.
1511 4194 1590 4262 Si
1643 4195 1868 4261 fabula
1929 4201 2122 4274 esset,

137 3767 355 3836 rendo
417 3768 618 3919 imffi
668 3766 954 3834 hominis
1011 3768 1197 3833 exitu
1252 3768 1528 3835 rescisse
1571 3765 1861 3847 dixisset,

357 4488 428 4559 ὅ)
475 4485 718 4542 Simonis
750 4500 817 4540 ex
847 4485 1030 4553 fratre
1060 4491 1321 4554 nepotem,
1357 4482 1407 4538 1.
1445 4484 1495 4538 Ι.
1519 4483 1771 4556 Grynaei
1799 4484 2130 4541 mehor-rani

135 4558 508 4615 Basilicus&
540 4556 792 4611 ecclesia
836 4553 1105 4610 antistitio
1130 4559 1343 4623 patrem
1389 4551 1645 4619 (Ructat
1675 4553 1745 4609 V.
1778 4551 1908 4615 302)
1945 4555 2043 4623 qui
2073 4572 2126 4610 a.

139 4627 286 4682 1588
319 4629 392 4683 in
445 4627 625 4681 locam
664 4623 978 4679 Rhenanus·
1019 4624 1274 4691 swff'ectus
1312 4622 1530 4691 Μαι,
1576 4637 1743 4692 quum
1791 4621 2126 4679 Lutherani·

132 4704 339 4754 zama
379 4695 618 4751 Ber-nac
646 4694 864 4762 primas
899 4697 1152 4747 merent.
1236 4690 1737 4758 Hundeshaaenius
1778 4706 1836 4758 p.
1867 4690 1974 4745 200
2006 4707 2127 4748 eum

134 4782 327 4822 mense
368 4763 665 4819 Ianuario
700 4759 835 4816 1547
867 4761 1151 4815 dimissum
1186 4759 1337 4827 dicit,
1371 4774 1449 4842 ιω.
1472 4760 1524 4815 k.
1559 4760 1594 4815 1.
1629 4760 1999 4830 cofflyendun.

359 4833 431 4971 ‘733
479 4828 1369 4968 mfflfflmfflfflssmfflg„
1399 4904 1507 4967 cst,
1521 4832 1845 4967 “ergarus
1889 4897 2129 4953 eiusdem

135 4975 298 5097 1548·
319 4972 568 5096 mixnere
597 4970 1199 5095 chamaeactes
1232 4982 1370 5090 gius
1617 4966 1828 5021 demum
1858 4983 1927 5021 m·
1967 4967 2128 5022 maio

170 5111 330 5165 850.
378 5110 414 5164 1
496 5108 568 5162 R.
606 5105 848 5161 Chauvet
902 5108 964 5159 in
1011 5104 1427 5160 eorummet
1489 5110 1713 5160 sestam
1763 5106 1876 5159 ian·
1932 5103 1986 5157 d.
2041 5102 2129 5159 17.

140 5179 366 5235 Martii
506 5180 516 5190 ’
614 5179 756 5230 anni
785 5176 930 5231 inter
950 5174 1229 5229 mmm
1251 5171 1588 5229 Omoemus
1603 5174 1937 5227 nominatur.
1993 5171 2128 5226 Fal-

136 5250 280 5305 litur
319 5264 388 5303 er
411 5243 1018 5382 )οὲ4;ι·)ἒ1;ιέἷιιυᾶιξαεΒῳὲ
1043 5242 1258 5366 2⁶⁸⁹*
1292 5258 1345 5299 a.
1380 5240 1517 5296 1549
1551 5240 1805 5298 vocamm'
1837 5240 2115 5310 διοικῆσαι·
1975 5243 1987 5255 ·
2113 5279 2129 5296 .

1828 393 1992 455 1546
2017 388 2456 458 ΝΟἿΈΜΒ.

4030 395 4158 457 414

2212 575 2449 646 debere
2491 576 2756 662 publica
2787 577 3140 642 autoritate
3181 575 3409 642 refelli.
3482 573 3564 643 Si
3594 597 3831 643 verum
3873 598 4015 645 eme
4054 579 4160 646 in-

2211 662 2517 729 venirent
2567 661 2742 746 quod
2784 663 3149 742 ferebatur,
3204 682 3340 727 non
3395 683 3537 729 esse
3589 662 3917 730 oblivione
3974 685 4160 750 sepe-

2210 748 2536 828 liendum,
2592 749 2729 815 tale
2783 748 2914 814 Dei
2967 745 3315 814 iudicium:
3373 768 3481 814 me
3543 749 3678 814 iam
3737 747 3957 815 videre
4011 771 4162 834 per-

2210 834 2461 900 multos
2537 834 2653 917 qui
2737 833 2954 899 iocose
3040 833 3400 899 eluderent.
3424 836 3483 911 ⁸)
3612 831 3747 902 Sed
3830 833 4158 916 admonui,

2210 919 2473 985 nullum
2518 941 2811 1003 unquam
2854 919 3183 985 exstitisse
3225 924 3363 984 tam
3414 927 3716 1003 apertum
3767 921 4162 988 miraculum

2254 1005 2386 1071 uod
2431 1003 2640 1072 Satan
2685 1027 2815 1071 non
2860 1011 3149 1070 tentaret
3190 1003 3556 1071 obscurare.
3656 1006 3760 1071 Ne
3816 1013 3974 1073 tunc
4014 1008 4160 1091 qui-

2257 1112 2363 1157 em
2430 1092 2727 1175 agnitam
2788 1091 2988 1157 fuisse
3054 1088 3185 1155 Dei
3249 1110 3522 1155 manum
3537 1143 3554 1172 ,
3622 1112 3825 1175 quum
3886 1092 4162 1159 Dathan
4262 1154 4269 1162 .

2213 1176 2434 1243 Ooreh
2477 1187 2545 1243 et
2585 1177 2863 1262 Abyron
2906 1175 3195 1259 absorpti
3237 1183 3476 1241 essent.
3562 1176 3728 1242 Fuit
3767 1178 3929 1244 satis
3964 1178 4166 1264 longa

2212 1263 2437 1329 oratio.
2539 1263 2898 1328 Decretum
2938 1269 3017 1326 ut
3062 1259 3136 1325 in
3189 1282 3331 1327 rem
3388 1270 3804 1346 praesentem
3855 1265 4081 1330 iretur.
4101 1264 4163 1348 ⁴)

2213 1346 2591 1413 Adfuerunt
2632 1355 2911 1430 quatuor
2953 1346 3231 1432 Syndici
3287 1355 3355 1413 et
3404 1348 3614 1414 maior
3664 1370 3818 1432 pars
3870 1357 4162 1429 senatus,

2212 1434 2581 1517 praefectus
2624 1433 2806 1499 urbis
2841 1454 2992 1498 cum
3025 1453 3143 1498 suo
3178 1452 3501 1499 consessu.
3568 1433 3924 1499 Adfuimus
3966 1436 4166 1501 etiam

2215 1540 2350 1585 nos.
2438 1520 2607 1584 Erat
2648 1520 2720 1583 in
2763 1538 2925 1602 agro
2967 1524 2999 1582 t
3175 1520 3329 1597 ’um‚
3372 1519 3486 1585 ubi
3519 1540 3689 1586 uxor
3726 1519 3825 1584 illi
3866 1528 3934 1585 et
3974 1521 4166 1586 liberi

2213 1612 2497 1688 quatuor
2538 1610 2721 1689 peste
2761 1604 3075 1672 obierant.
3162 1603 3415 1670 Fuerat
3466 1611 3602 1670 tota
3653 1605 3797 1671 vita
3851 1605 4165 1674 scelestus

2214 1697 2281 1755 et
2323 1711 2623 1774 nequam,
2670 1689 2972 1756 assiduus
3014 1690 3086 1754 in
3130 1690 3462 1772 cauponis,
3510 1690 3835 1770 ebriosus,
3889 1692 4161 1772 rixator,

2212 1775 2497 1841 multum
2539 1775 2966 1860 blasphemiis
3009 1773 3285 1854 deditus,
3342 1775 3622 1859 denique
3660 1796 3832 1842 unus
3884 1797 3970 1843 ex
4011 1797 4165 1843 con-

2212 1860 2650 1945 temptoribus
2712 1860 2844 1927 Dei
2909 1882 3044 1926 non
3103 1860 3412 1926 obscuris.
3522 1858 3745 1942 Quum
3810 1862 4163 1946 reprehen-

2214 1946 2448 2012 derent
2486 1968 2639 2012 eum
2684 1947 2885 2013 vicini
2928 1946 3082 2029 quia
3121 1945 3337 2011 rarius
3379 1947 3452 2011 in
3504 1947 3925 2014 concionibus
3965 1968 4164 2032 appa-

2212 2041 2390 2098 reret
2408 2083 2425 2109 ,
2481 2031 2695 2099 dicere
2754 2032 3019 2098 solitum
3074 2030 3280 2097 fuisse
3337 2033 3739 2116 accepimus:
3798 2032 4020 2114 Quid?
4074 2054 4163 2099 an

2212 2138 2335 2203 ego
2381 2115 2641 2184 Calvino
2680 2138 2789 2183 me
2830 2117 3040 2184 locavi
3095 2125 3170 2182 ut
3212 2116 3474 2183 audiam
3517 2118 3934 2201 loquentem?
4019 2118 4165 2184 Ad-

2210 2205 2502 2269 monitus
2545 2203 2625 2269 de
2668 2204 2847 2288 turpi
2878 2204 3024 2269 vita
3063 2223 3105 2266 a
3144 2201 3449 2269 Fmonio
3481 2202 3740 2268 nullum
3778 2204 4165 2288 resipiscen-

2077 2313 2080 2318 ·
2212 2290 2345 2355 tiae
2387 2290 2655 2374 signum
2698 2287 2982 2354 dederat.
3084 2288 3296 2353 Paulo
3352 2296 3701 2373 antequam
3744 2290 3816 2354 in
3865 2289 4165 2356 morbum

2212 2374 2565 2456 incideret,
2622 2374 2777 2458 quia
2832 2394 3109 2439 uxorem
3154 2375 3475 2458 flagitiose
3521 2374 3929 2457 deseruerat,
3986 2375 4168 2460 Ray-

2212 2461 2481 2527 mondus
2536 2481 2687 2526 eum
2746 2460 2899 2526 obiu
3022 2460 3119 2526 vit
3175 2467 3253 2524 ut
3307 2479 3428 2542 par
3495 2468 3653 2526 erat.
3759 2461 4166 2545 Oontagione

2214 2546 2425 2612 morbi
2469 2546 2712 2612 abusus
2755 2553 2857 2619 est
3018 2543 3453 2611 maledicendi
3494 2544 3845 2612 licentiam.
3914 2546 4166 2627 Morbo,

2212 2641 2364 2715 post
2426 2632 2667 2698 liberos
2731 2632 3004 2697 amissos
3020 2681 3036 2710 ,
3101 2630 3243 2713 ipse
3305 2651 3558 2714 quoque
3620 2631 3749 2697 fuit
3810 2639 4166 2716 correptus.

2214 2718 2490 2800 Iamque
2532 2717 2824 2784 defectus
2866 2723 3010 2781 erat
3041 2715 3294 2782 viribus
3328 2723 3405 2780 ut
3437 2736 3708 2782 manum
3738 2718 3854 2784 vix
3888 2718 4166 2796 tolleret,

2215 2823 2424 2885 quum
2482 2801 2698 2868 subita
2749 2803 3075 2885 phrenitis
3090 2804 3148 2880 ὅ)
3204 2822 3357 2866 eum
3410 2809 3607 2868 nocte
3659 2804 3924 2871 invasit.
4025 2804 4166 2868 Ex-

2216 2888 2379 2954 siliit
2399 2889 2603 2971 igitur
2637 2909 2675 2953 e
2707 2887 2891 2954 lecto.
2948 2887 3170 2953 Mater
3202 2895 3270 2952 et
3289 2887 3529 2952 mulier
3562 2907 3728 2970 quae
3752 2888 4171 2955 ministrabat

2215 2975 2648 3039 retinuerunt.
2748 2974 3064 3039 Diabolos
3119 2981 3377 3038 tantum
3448 2972 3774 3057 crepabat.
3899 2973 3991 3040 Se
4057 2975 4170 3040 de—

2217 3068 2557 3144 speratum
2612 3080 2755 3126 esse
2769 3112 2785 3139 ‚
2852 3059 3129 3126 diabolis
3173 3057 3458 3124 debitam
3523 3060 3852 3143 praedam.
3939 3060 4170 3143 Quum

2218 3146 2683 3211 admoneretur
2716 3156 2791 3211 ut
2822 3146 3042 3211 Deum
3080 3154 3314 3222 oraret,
3359 3165 3572 3228 neque
3607 3147 3733 3213 hoc
3755 3147 4172 3230 profuturum

2217 3232 2572 3314 respondit,
2616 3233 2770 3316 quia
2800 3233 2935 3297 iam
2971 3230 3243 3296 diabolis
3278 3239 3450 3297 esset
3482 3230 3911 3312 adiudicatus,
3955 3252 4169 3316 neque

2219 3319 2439 3385 Deum
2495 3318 2727 3383 maiori
2785 3318 2909 3382 sibi
2974 3335 3173 3382 curae
3241 3335 3385 3381 esse
3447 3337 3642 3399 quam
3709 3318 3907 3382 calcei
3970 3317 4168 3385 laceri

2219 3403 2609 3469 vilissimam
2665 3411 2938 3486 partem.
3048 3401 3235 3467 Haec
3295 3402 3498 3466 fuisse
3563 3403 3704 3467 eius
3765 3404 3969 3470 verba
4033 3414 4171 3468 tam

2219 3499 2436 3554 mater
2476 3508 2673 3571 quam
2717 3487 2955 3553 ancilla
2996 3496 3236 3552 testata
3280 3499 3396 3551 est.
3497 3487 3664 3553 Post
3719 3495 3938 3553 ortum
3994 3489 4171 3569 solis,

2222 3575 2481 3640 circiter
2544 3574 2890 3657 septimam
2905 3624 2920 3651 ,
2988 3595 3064 3639 eo
3116 3574 3191 3637 in
3242 3571 3490 3636 lectum
3558 3574 3841 3655 reposito
3906 3573 4174 3641 sedebat

2220 3667 2438 3726 mater
2477 3658 2561 3724 ad
2604 3659 2924 3725 ostiolum.
3024 3658 3178 3741 Ipse
3236 3658 3559 3741 arreptitii
3614 3659 3826 3724 instar
3882 3681 3952 3725 se
3994 3660 4172 3726 foras

2223 3746 2690 3897 waitz?
2692 3743 3288 3911 “333135511533321
3320 3744 3827 3912 32³?ssssssss
3872 3746 4178 3911 ,ξῖὺέἓὲ

2224 3937 2361 3982 non
2401 3937 2687 3996 currere,
2728 3917 2950 3999 ipsum
2991 3922 3350 3998 appareret.
3417 3915 3545 3980 Est
3585 3915 3658 3979 in
3700 3935 3779 3980 ea
3819 3922 4008 3998 parte
4033 3918 4180 4002 agri

2224 4002 3056 4170 ‘ffifuffi'siffiffimsslff
3096 4000 4180 4169 {iffssfflzsssssmmsomffffiieffig

2460 4138 2475 4153 ·
3903 4139 3920 4168 ι

2186 4202 2195 4209 ·
2229 4191 2455 4240 tamen
2499 4182 2599 4239 est
2639 4182 2779 4239 tam
2821 4170 3125 4238 robustus
3158 4172 3272 4255 qui
3306 4170 3515 4236 altum
3531 4175 3588 4249 θ)
3626 4172 3832 4254 possit
3851 4193 4178 4258 superare,
4314 4231 4319 4235 .

2228 4261 2389 4344 quin
2429 4260 2759 4343 relinquat
2800 4258 3094 4343 vestigia.
3161 4256 3417 4322 Verum
3460 4256 3543 4322 ab
3586 4258 3794 4323 altera
3825 4268 4014 4342 parte
4049 4258 4184 4323 alta

2182 4367 2192 4392 ÷
2232 4354 2332 4411 est
2395 4346 2675 4428 crepido.
2786 4344 2929 4411 Sub
2995 4342 3331 4426 crepidine
3393 4342 3506 4409 via
3566 4349 3669 4409 est
3723 4343 4015 4427 lapidosa
4075 4345 4178 4408 in-

2230 4432 2547 4515 aequalis,
2611 4437 2841 4514 utpote
2904 4449 3038 4513 qua
3099 4427 3338 4495 aestivi
3410 4435 3733 4495 torrentes
3809 4429 4179 4496 decurrunt.

2230 4517 2292 4582 E
2347 4517 2615 4601 regione
2628 4567 2645 4595 ,
2707 4516 2840 4582 lato
2902 4515 3112 4600 spatio
3180 4514 3567 4597 interposito
3580 4566 3597 4594 ,
3663 4516 3927 4598 crepido
3990 4516 4183 4580 alteri

2232 4603 2486 4681 similis,
2523 4623 2690 4685 quae
2724 4621 2948 4686 sepem
2983 4601 3182 4666 etiam
3215 4598 3418 4665 habet
3439 4599 3709 4665 densam
3745 4608 3810 4665 et
3830 4601 4180 4684 spinosam.

2232 4686 2459 4770 Quum
2516 4708 2726 4772 neque
2783 4686 3287 4754 transsiliendae
3356 4686 3593 4769 propin
3638 4706 3762 4751 uae
3817 4687 3988 4769 sepis
4044 4684 4184 4752 ulla

2232 4783 2408 4842 esset
2462 4775 2630 4840 ratio
2683 4775 2842 4858 quin
2901 4771 3198 4838 membra
3253 4772 3476 4838 omnia
3529 4706 3865 4838 cofflideret
3882 4823 3897 4850 ‚
3956 4772 4023 4836 in
4069 4771 4184 4836 ad-

2435 5030 2498 5099 3)
2530 5030 2826 5112 illuderent
2862 5029 2920 5084 S.

2437 5100 2501 5236 33
2534 5099 2915 5238 mm

2437 5236 2489 5305 6)
2530 5237 2625 5292 «Sic
2657 5235 2776 5290 106.
2850 5234 3067 5291 Οαοεονι·
3098 5250 3308 5289 oms.-
3356 5233 3571 5301 saltum,
3606 5232 3755 5302 quod
3790 5233 3864 5287 H.
3900 5235 4188 5292 emendam·

2229 5306 2359 5364 dum
2391 5313 2568 5362 emet
2600 5308 2689 5360 in.-
2723 5305 2882 5359 saltu.
