4825 6175
635 459 762 523 619

633 641 1305 815 3³3⁰3233¹1¹3i⁶232
1319 649 1565 794 1333?
1568 642 2596 814 ffffnssfftssssssffifflgz}

633 825 803 882 nant
843 836 970 899 que
1011 835 1177 882 nous
1221 835 1461 899 soyons
1495 813 1554 878 si
1585 813 1740 879 bien
1773 813 2036 880 advisez
2081 813 2161 880 de
2202 813 2267 880 le
2309 814 2595 898 prendre

636 901 824 968 ainsi.
913 899 1188 968 Oomme
1250 900 1312 965 ie
1362 918 1532 966 vous
1589 919 1674 984 ay
1730 898 1972 965 mande
2205 922 2284 986 cy
2328 899 2593 977 devant,

634 1007 724 1053 ne
770 986 947 1053 soiez
1006 1006 1090 1051 en
1145 985 1339 1069 peine
1394 982 1475 1050 de
1528 984 1671 1049 rien
1728 984 1841 1068 qni
1898 1005 1971 1050 se
2068 986 2197 1064 ise,
2259 994 2491 1051 tenant
2532 984 2595 1051 le

633 1077 782 1137 tout
820 1091 988 1155 pour
1020 1089 1397 1157 mensonge‚
1441 1070 1673 1154 iusque
1708 1091 1748 1134 a
1781 1091 1855 1136 ce
1888 1092 2016 1155 que
2052 1092 2214 1137 vous
2250 1068 2595 1136 entendiez

636 1178 760 1242 par
800 1178 966 1223 nous
1008 1164 1342 1223 comment
1381 1155 1430 1220 il
1474 1176 1558 1220 en
1602 1176 1704 1222 va.

809 1241 1154 1309 Monsieur
1170 1292 1186 1318 ,
1255 1260 1446 1325 apres
1514 1249 1758 1306 mestre
1822 1240 2280 1308 humblement
2342 1263 2593 1307 recom-

637 1325 880 1394 mande
937 1347 975 1393 a
1021 1332 1240 1393 vostre
1282 1326 1498 1393 bonne
1551 1346 1776 1410 grace,
1835 1336 1903 1391 et
1959 1326 2040 1393 de
2098 1326 2595 1394 Madamoiselle

637 1422 706 1479 et
739 1410 822 1478 de
866 1418 1049 1478 toute
1093 1418 1312 1478 vostre
1355 1411 1572 1477 bonne
1616 1412 2022 1497 compaignie
2037 1464 2054 1492 ,
2111 1413 2173 1478 ie
2216 1412 2597 1497 supplieray

635 1505 863 1565 nostre
906 1496 1032 1564 bon
1079 1498 1254 1564 Dieu
1296 1498 1378 1562 de
1419 1518 1591 1563 vous
1647 1497 1831 1562 avoir
1874 1517 1957 1563 en
2009 1520 2085 1563 sa
2139 1497 2370 1583 garde,
2432 1520 2597 1566 vous

637 1581 955 1649 conduire
1018 1602 1137 1667 par
1214 1603 1334 1649 son
1415 1583 1657 1666 esprit,
1737 1603 1901 1650 vous
1967 1605 2258 1666 envoyer
2317 1605 2391 1650 ce
2457 1582 2598 1667 quil

635 1669 965 1818 ἰοῃςίιὲἑξ
994 1688 1161 1838 ζῗιιε
1219 1677 1395 1734 estre
1451 1667 1822 1751 expedient.
1910 1668 2007 1735 Oe
2060 1672 2154 1734 19.
2202 1668 2283 1734 de
2329 1691 2596 1735 novem·

682 1775 754 1819 re
971 1803 987 1819 .

811 1887 1057 1954 Vostre
1098 1890 1427 1955 serviteur
1468 1896 1538 1955 et
1579 1888 1847 1955 humble
1888 1890 2080 1969 frere,

1908 2007 2029 2073 Ieh
2037 2029 2124 2074 an
2166 2008 2425 2075 Oalvin.

811 2192 892 2258 Ia
971 2215 1228 2279 envoye
1261 2215 1384 2279 par
1418 2195 1683 2260 homme
1718 2216 1872 2263 seur
1905 2196 2001 2262 les
2035 2196 2263 2263 lettres
2298 2194 2380 2261 de
2415 2196 2605 2263 Mon-

640 2275 822 2344 sieur
909 2300 948 2345 e
996 2278 1241 2346 Paran.
1262 2282 1321 2355 ⁴)

1416 2572 1826 2583 m-

1534 2788 1693 2860 968.

1080 2939 1665 3008 HOTOMANUS
1714 2942 2150 3047 CALVINQ.

816 3111 1144 3178 Summam
1197 3134 1347 3199 erya
1403 3135 1543 3180 eum
1585 3115 2043 3182 observantiam
2077 3123 2459 3195 protestatus
2499 3140 2603 3183 ex-

634 3197 832 3349 ffl
863 3198 1061 3264 locum
1096 3200 1412 3281 inpriore
1459 3201 1741 3282 quadam
1783 3202 2044 3301 epistola
2077 3224 2119 3267 a
2146 3202 2404 3302 Gabvino
2439 3206 2602 3270 male

796 3302 861 3348 m
903 3288 963 3348 et
1005 3282 1392 3351 meallectum.
1485 3284 1746 3352 Caetera
1792 3288 1969 3353 nobas
2012 3288 2166 3355 lecta
2207 3290 2459 3371 quadem
2490 3292 2599 3356 sed

638 3387 762 3433 non
805 3368 1121 3434 intellecta.

666 3538 897 3602 (Exstat
931 3539 1112 3593 aliena
1146 3557 1306 3593 manu
1342 3542 1549 3609 scripta
1583 3542 1640 3593 in
1675 3541 2094 3597 Codeothano
2127 3541 2249 3611 405,
2285 3545 2376 3598 fol.
2422 3544 2564 3612 183.)

812 3725 877 3791 A
920 3727 1398 3813 Monseigneur
1440 3729 1691 3794 Monsr.
1739 3728 1981 3795 Oalvin

1873 3815 2164 3883 Geneve.

804 3943 876 4013 S.
941 3947 1111 4013 Heri
1171 3956 1325 4014 ante
1369 3969 1637 4014 coenam
1682 3949 1955 4035 Alysias
2019 3951 2244 4018 literas
2298 3966 2448 4021 tuas
2505 3958 2600 4022 la-

632 4031 894 4098 conicas
950 4031 1033 4097 ad
1076 4054 1182 4098 me
1226 4034 1485 4112 attulit,
1543 4056 1658 4100 sex
1717 4037 1852 4102 iam
1904 4038 2109 4103 ferme
2170 4038 2310 4105 dies
2369 4043 2597 4109 morbo

637 4137 777 4181 non
821 4115 1151 4183 levissimo
1193 4118 1632 4185 laborantem:
1681 4142 1766 4185 ex
1807 4122 2044 4204 quibus
2087 4124 2349 4206 qualem
2389 4130 2597 4213 aegri-

639 4199 858 4266 tudini
909 4220 1094 4268 meae
1133 4202 1527 4270 levationem
1571 4226 1805 4289 capere
1855 4210 2035 4289 potui
2053 4260 2067 4285 ,
2125 4219 2283 4293 puto
2337 4218 2405 4277 te
2464 4235 2595 4281 non

640 4293 903 4351 tantum
946 4285 1311 4371 intelligere
1355 4311 1552 4368 nunc,
1597 4291 1713 4357 sed
1757 4292 1957 4357 etiam
2001 4314 2199 4377 quum
2241 4296 2391 4363 illas
2435 4302 2595 4364 scri·

641 4372 833 4438 beres
874 4371 1184 4470 perfacile
1239 4375 1605 4457 persentire
1661 4378 1948 4458 potuisse
1964 4430 1978 4456 ‚
2038 4384 2430 4462 praesertim
2481 4385 2595 4469 qui

634 4455 1140 4536 observantiam,
1184 4479 1318 4542 qua
1359 4468 1424 4525 te
1464 4481 1725 4545 semper
1765 4483 1885 4546 pro
1930 4484 2008 4530 eo
2047 4487 2123 4531 ac
2159 4466 2352 4533 debui
2389 4468 2594 4538 hono-

635 4540 1125 4607 rificentissime
1167 4542 1355 4622 colui,
1416 4546 1684 4612 minime
1727 4549 2085 4633 ignorares,
2129 4552 2444 4638 cuiusque
2487 4576 2591 4621 so-

635 4625 768 4690 lius
820 4646 1049 4703 causa,
1104 4627 1160 4693 si
1216 4628 1372 4711 qnid
1429 4637 1765 4712 peccatum
1825 4642 2028 4711 esset,
2088 4636 2464 4718 condonari,
2519 4651 2596 4707 ιιι

638 4711 942 4789 arbitror,
1002 4732 1137 4777 non
1195 4712 1434 4780 iniuria
1488 4723 1764 4798 poterat.
1865 4719 2097 4805 Neque
2153 4724 2327 4789 enim
2386 4728 2459 4791 in
2516 4747 2594 4792 eo

636 4797 833 4880 culpa
876 4802 976 4863 est
1020 4817 1222 4881 quum
1261 4798 1637 4867 tarditatem
1671 4803 1922 4889 ingenii
1957 4808 2087 4872 mei
2123 4829 2373 4890 accuso,
2420 4812 2593 4895 quod

635 4902 866 4950 omnes
907 4890 1055 4950 tuas
1089 4881 1523 4969 cogitationes
1562 4907 1697 4953 non
1732 4891 2044 4958 continuo
2080 4914 2407 4977 assequor.
2478 4896 2593 4965 Sic

638 4969 820 5034 enim
863 4976 933 5033 et
971 4969 1312 5052 scripsisse
1367 4989 1472 5034 me
1529 4979 1597 5035 et
1638 4976 1950 5056 sensisse,
2004 4978 2171 5043 mihi
2211 4980 2412 5060 Deus,
2474 4984 2593 5048 tibi

639 5121 694 5130 ...-

899 5124 1051 5132 ὲ...-

844 5202 908 5270 3)
942 5203 1036 5260 Aa
1070 5206 1197 5261 dos.-
1232 5206 1414 5262 Recen
1448 5208 1500 5261 le
1534 5207 1618 5263 28.
1656 5211 1966 5267 Novembre
2003 5215 2051 5267 1.
2072 5218 2121 5271 5.
2136 5215 2188 5273 4.
2209 5216 2257 5271 7.
2314 5219 2406 5275 La
2440 5221 2588 5276 trad.

636 5271 890 5342 malain
919 5273 976 5327 la
1010 5280 1114 5330 met
1145 5290 1221 5328 aa
1261 5275 1340 5329 19.
1379 5274 1667 5335 decembre.

844 5338 908 5408 4)
946 5341 1098 5397 L’ed.
1132 5341 1361 5400 d’Amst.
1394 5351 1446 5402 et
1483 5347 1567 5403 M.
1603 5347 1819 5405 Boo-net
1851 5356 1947 5407 ont
1979 5351 2059 5407 lu:
2100 5354 2304 5411 Varan.

2198 451 2727 521 EPIS'POLAE
2775 457 3114 520 967-970

4524 457 4637 520 620

2695 661 2854 707 vero
2896 639 3173 725 epistola
3215 661 3364 707 mea
3378 693 3395 721 ,
3451 641 3642 708 testis
3685 663 3829 709 esse
3872 643 4131 727 poterit.
4221 641 4454 794 Nque
4496 663 4643 709 vero

2696 749 2782 792 ex
2824 727 3089 812 cognati
3132 727 3259 794 scri
3309 735 3375 792 to
3415 727 3549 794 nisi
3591 749 3678 793 ex
3710 728 3881 794 libro
3920 735 4152 795 contra
4185 728 4339 794 Ana
4423 727 4643 812 ptistas

2698 810 3053 896 quidquam
3097 814 3237 879 inte
3289 833 3573 878 exeram.
3646 812 3864 891 Nulla,
3909 815 4201 898 inquam,
4245 814 4318 880 in
4353 835 4433 880 eo
4466 814 4568 879 cul

2698 904 2820 977 est,
2866 917 2998 963 non
3043 899 3257 983 magis
3300 919 3499 982 quam
3532 898 3605 964 in
3645 899 3964 966 Cicerone
4008 919 4213 983 quum
4249 898 4556 984 Thucydi

2699 983 3060 1049 sententias
3104 1004 3306 1067 quum
3361 984 3688 1051 brevitate
3739 994 3883 1051 tum
3937 984 4141 1051 nimio
4183 985 4489 1054 acumine
4530 984 4648 1051 sibi

2698 1090 2832 1134 non
2874 1069 3037 1135 satis
3072 1076 3354 1153 apertas,
3391 1069 3534 1136 sine
3567 1069 3705 1136 ulla
3738 1071 4242 1155 vituperatione,
4279 1091 4428 1138 esse
4462 1069 4648 1136 dixit:

2699 1161 2818 1219 aut
2878 1154 2950 1219 in
3015 1154 3323 1221 omnibus
3386 1156 3541 1238 piis,
3609 1178 3814 1239 quum
3876 1157 4234 1307 ffiphetas
4287 1163 4409 1223 aut
4461 1155 4649 1222 Pauli

2700 1239 2947 1323 scripta
3003 1240 3296 1305 fatentur
3351 1242 3494 1307 sine
3561 1262 3820 1307 summa
3925 1242 3938 1256 ‘
4017 1242 4261 1308 cultate
4325 1263 4367 1308 a
4430 1241 4652 1307 multis

2698 1325 2979 1409 intelligi
3025 1326 3140 1390 vix
3187 1346 3390 1410 posse.
3480 1326 3655 1391 Nam
3712 1326 3887 1411 quod
3945 1335 4011 1393 te
4069 1328 4142 1393 in
4195 1347 4348 1393 aere
4408 1327 4654 1394 versari

2699 1411 3018 1493 scriptum
3052 1430 3194 1477 esse
3229 1433 3270 1476 a
3304 1433 3427 1491 me,
3465 1412 3836 1497 significare
3871 1433 4031 1478 sane
4066 1410 4331 1494 videris,
4366 1414 4655 1498 primum

2701 1516 2967 1561 arcem
3005 1496 3260 1579 scripsi,
3297 1518 3430 1561 non
3471 1518 3753 1577 aerem,
3792 1496 4028 1564 deinde
4062 1497 4361 1565 editam
4396 1517 4655 1564 aerem

2702 1581 2916 1646 dicere
2959 1602 3091 1647 non
3136 1582 3339 1665 potui,
3398 1580 3678 1666 denique
3722 1582 4151 1650 translatione
4194 1591 4262 1650 et
4302 1585 4557 1650 usitata
4594 1588 4657 1648 et

2700 1666 3037 1752 apposita,
3098 1675 3165 1732 et
3228 1674 3304 1732 ut
3361 1668 3651 1751 oportuit
3714 1667 4043 1751 modesta,
4102 1669 4202 1735 uti
4253 1669 4420 1735 mihi
4480 1668 4656 1735 visus

2703 1772 2871 1819 sum.
2960 1752 3105 1819 Arx
3149 1761 3366 1819 autem
3382 1804 3399 1833 ,
3459 1754 3585 1820 etsi
3642 1776 3772 1820 non
3825 1762 3930 1821 est
3968 1753 4230 1834 fundus,
4285 1762 4515 1822 tamen
4561 1774 4657 1820 so-

2702 1838 2842 1904 lum
2908 1844 3026 1902 est.
3117 1836 3344 1919 Quare
3406 1839 3480 1903 in
3544 1838 3752 1906 solido
3816 1839 4051 1925 pedem
4115 1842 4163 1905 fi
4246 1862 4322 1906 rc
4374 1848 4448 1906 te
4503 1838 4656 1918 dixi,

2703 1943 2857 2001 non,
2902 1933 2977 1988 ut-
3020 1920 3322 2001 disceres,
3367 1923 3652 1990 scribere
3682 1925 3825 1991 sine
3868 1946 4129 1993 summa
4215 1926 4508 1993 ementia
4549 1945 4659 2009 po-

2705 2008 2823 2073 tui.
2912 2007 3097 2075 Haec
3154 2029 3358 2091 quum
3412 2009 3509 2074 ita
3559 2009 3728 2090 sint,
3787 2018 3858 2076 et
3912 2018 3988 2076 tu
4042 2012 4318 2077 fortasse
4368 2011 4467 2076 ita
4522 2031 4661 2077 esse

2706 2093 2969 2172 sentias,
3010 2103 3252 2174 tamen,
3296 2094 3354 2161 si
3396 2094 3656 2161 cuidam
3707 2095 4010 2163 credatur
4064 2095 4146 2163 de
4187 2117 4315 2181 quo
4356 2094 4660 2183 equidem

2706 2189 2924 2246 tacere
2965 2179 3182 2246 iussus
3227 2201 3393 2259 sum,
3440 2201 3764 2264 quemque
3798 2181 3990 2247 facile
4031 2191 4192 2265 puto
4234 2182 4462 2249 literas
4498 2189 4658 2260 tuas,

2707 2263 2954 2331 multas
2988 2274 3068 2330 ut
3101 2264 3263 2331 alias
3299 2285 3424 2345 res,
3471 2286 3606 2331 non
3639 2265 3807 2333 bene
3841 2266 4226 2352 intelligere,
4272 2267 4663 2334 Hotomanus

2708 2349 2795 2414 D.
2845 2347 3102 2416 Calvini
3155 2348 3680 2423 benevolentiam
3739 2352 3862 2418 sibi
3919 2352 4063 2436 ipse
4117 2373 4239 2420 sua
4292 2353 4662 2420 temeritate

2708 2434 2969 2501 ademit.
3036 2432 3186 2516 Quo
3227 2436 3383 2534 quid
3429 2438 3698 2520 gravius
3743 2437 4246 2504 accideremihi
4283 2459 4477 2522 posse
4518 2460 4662 2506 cen·

2707 2519 2856 2586 ses?
2945 2521 3346 2586 Praesertim
3390 2543 3594 2604 quum
3650 2545 3841 2589 nemo
3885 2531 3951 2589 te
3994 2523 4378 2590 mortalium
4421 2524 4663 2591 maiore

2705 2607 3128 2672 observantia
3142 2657 3159 2684 ,
3225 2628 3302 2673 ac
3366 2608 3588 2690 potius
3654 2610 3925 2692 pietate,
3992 2609 4311 2677 hactenus
4369 2609 4659 2678 coluerit.

2708 2689 2846 2756 Sed
2889 2712 3023 2756 non
3063 2692 3469 2759 committam
3506 2702 3582 2758 ut
3615 2693 3697 2757 ad
3737 2692 3982 2760 multas
4018 2695 4226 2760 animi
4267 2702 4336 2762 et
4376 2697 4662 2780 corporis

2706 2775 3039 2842 molestias
3080 2776 3243 2843 haec
3285 2779 3817 2846 commemoratio
3850 2779 4169 2846 maiorem
4208 2781 4413 2848 etiam
4452 2782 4661 2866 aegri·

2707 2860 2955 2928 tudinis
2990 2863 3431 2929 accessionem
3465 2864 3682 2931 faciat.
3750 2866 4043 2932 Tantum
4079 2866 4279 2932 orabo
4298 2866 4659 2933 Dominum

2706 2954 2779 3011 ut
2845 2949 3034 3013 testis
3113 2950 3199 3013 sit
3262 2949 3681 3017 innocentiae
3754 2959 3822 3016 et
3892 2951 4100 3016 animi
4161 2973 4322 3037 erga
4382 2960 4452 3017 te
4516 2952 4656 3018 mei.

2707 3031 2923 3114 Quem
2970 3035 3025 3100 si
3066 3034 3519 3119 incorruptum
3564 3056 3709 3104 esse
3759 3036 4136 3118 existimas,
4192 3056 4438 3122 quaeso
4497 3059 4538 3105 a
4576 3044 4657 3118 te,

2707 3120 2798 3182 mi
2843 3128 3032 3203 pater
3074 3130 3142 3186 et
3185 3119 3449 3187 domine
3492 3121 4086 3190 observandissime
4101 3175 4118 3202 ,
4176 3145 4263 3189 ne
4316 3123 4499 3191 hunc
4557 3124 4661 3190 ob-

2705 3206 3284 3288 sequentissimum
3347 3207 3469 3273 tibi
3524 3208 3739 3273 filium
3790 3229 4016 3275 amore
4075 3216 4190 3274 tuo
4248 3230 4325 3277 ac
4376 3209 4657 3277 benevo-

2704 3290 2912 3356 lentia
2944 3291 3294 3376 indignum
3329 3314 3474 3359 esse
3509 3314 3790 3360 censeas.
3851 3295 4004 3359 Etsi
4037 3294 4216 3360 enim
4250 3316 4388 3361 non
4424 3317 4492 3362 m

2705 3376 2909 3441 stoico
2952 3376 3206 3442 homini
3250 3379 3506 3446 timoris
3542 3399 3739 3446 causa
3773 3400 3918 3447 esse
3952 3382 4176 3465 possit,
4217 3389 4443 3447 tamen
4491 3383 4513 3445 i
4560 3401 4655 3446 em

2703 3462 2870 3527 mihi
2917 3462 3012 3540 (id
3055 3462 3229 3546 quod
3270 3464 3338 3529 in
3375 3464 3663 3531 amicitia
3697 3465 3929 3531 Oicero
3963 3466 4269 3550 requirit)
4306 3487 4433 3533 usu
4479 3466 4659 3532 venit

2704 3547 2877 3629 quod
2899 3547 3233 3633 zelotypis,
3259 3550 3368 3632 qui
3386 3550 3585 3614 etiam
3607 3571 3714 3617 res
3736 3570 3929 3634 quam
3953 3550 4326 3617 levissimas
4346 3552 4657 3637 suspicio-

2703 3632 2961 3698 sissimo
3003 3653 3476 3717 saepenumero
3518 3636 3863 3719 accipiunt.
3952 3636 4143 3714 Vale,
4188 3637 4281 3701 mi
4314 3645 4507 3720 pater
4547 3656 4657 3720 op-

2705 3718 2865 3783 time
2909 3726 2977 3783 et
3016 3720 3448 3786 sanctissime.
3513 3721 3839 3788 Dominus
3869 3722 4058 3788 Iesus
4100 3741 4299 3805 quam
4341 3722 4656 3807 plurimos

2704 3802 2806 3868 tui
2850 3804 3098 3870 similes
3141 3804 3450 3871 ecclesiae
3493 3827 3651 3872 suae
3685 3806 4058 3887 exsuscitet,
4105 3816 4172 3873 te
4214 3816 4445 3877 autem
4473 3806 4656 3875 bonis

2703 3888 3007 3955 omnibus
3091 3910 3286 3973 quam
3377 3890 3742 3958 diutissime
3827 3892 4219 3960 incolumem
4296 3901 4653 3961 conservet.

2702 3974 3101 4040 Lausannae
3146 3979 3245 4041 23.
3292 3976 3459 4045 Nov.
3514 3982 3694 4043 1547.

3578 4116 3975 4183 Franciscus
4017 4116 4433 4183 Hotomanus

3392 4218 3491 4284 tui
3533 4239 3619 4283 ex
3664 4217 3885 4283 animo
3928 4218 4571 4285 observantissimus.

2872 4387 3112 4452 Visum
3176 4394 3277 4453 est
3340 4387 3424 4452 D.
3501 4387 3712 4453 Vireto
3767 4396 3837 4454 et

2697 4471 2865 4536 mihi
2911 4470 2992 4537 de
3036 4475 3181 4539 rufo
3225 4473 3339 4538 illo
3385 4472 3588 4539 nobili
3627 4472 3828 4539 Gallo

2700 4557 2813 4639 qui
2878 4568 2978 4622 est
3056 4558 3231 4643 apud
3296 4559 3694 4643 Villemong.
3765 4567 3831 4625 te

2699 4644 3279 4712 commonefacere.
