<?xml version="1.0" encoding="UTF-8"?>
<!DOCTYPE html PUBLIC "-//W3C//DTD XHTML 1.0 Transitional//EN"
    "http://www.w3.org/TR/xhtml1/DTD/xhtml1-transitional.dtd">
<html xmlns="http://www.w3.org/1999/xhtml" xml:lang="en" lang="en">
 <head>
  <title>
</title>
<meta http-equiv="Content-Type" content="text/html;charset=utf-8" />
  <meta name='ocr-system' content='tesseract 3.04.00' />
  <meta name='ocr-capabilities' content='ocr_page ocr_carea ocr_par ocr_line ocrx_word'/>
</head>
<body>
  <div class='ocr_page' id='page_1' title='image "./ioanniscalvinio10unkngoog_0421.png"; bbox 0 0 4825 6175; ppageno 0'>
   <div class='ocr_carea' id='block_1_1' title="bbox 321 428 448 492">
    <p class='ocr_par' dir='ltr' id='par_1_1' title="bbox 321 428 448 492">
     <span class='ocr_line' id='line_1_1' title="bbox 321 428 448 492; baseline 0.008 -1"><span class='ocrx_word' id='word_1_1' title='bbox 321 428 448 492; x_wconf 82' lang='lat'><strong>⁷29</strong></span> 
     </span>
    </p>
   </div>
   <div class='ocr_carea' id='block_1_2' title="bbox 307 609 2273 3440">
    <p class='ocr_par' dir='ltr' id='par_1_2' title="bbox 318 609 2273 1295">
     <span class='ocr_line' id='line_1_2' title="bbox 318 609 2273 699; baseline -0.003 -19"><span class='ocrx_word' id='word_1_2' title='bbox 318 612 837 699; x_wconf 78' lang='lat' dir='ltr'>perstringimur</span> <span class='ocrx_word' id='word_1_3' title='bbox 897 612 1085 695; x_wconf 90' lang='lat' dir='ltr'><strong>quasi</strong></span> <span class='ocrx_word' id='word_1_4' title='bbox 1139 632 1180 677; x_wconf 98' lang='lat' dir='ltr'><strong>a</strong></span> <span class='ocrx_word' id='word_1_5' title='bbox 1244 609 1525 694; x_wconf 75' lang='lat' dir='ltr'>simplici</span> <span class='ocrx_word' id='word_1_6' title='bbox 1589 631 1881 695; x_wconf 89' lang='lat' dir='ltr'><strong>puraque</strong></span> <span class='ocrx_word' id='word_1_7' title='bbox 1941 610 2273 696; x_wconf 88' lang='lat' dir='ltr'><strong>evangelii</strong></span> 
     </span>
     <span class='ocr_line' id='line_1_3' title="bbox 322 695 2271 780; baseline -0.003 -13"><span class='ocrx_word' id='word_1_8' title='bbox 322 700 623 767; x_wconf 85' lang='lat' dir='ltr'><strong>doctrina</strong></span> <span class='ocrx_word' id='word_1_9' title='bbox 667 698 1148 766; x_wconf 84' lang='lat' dir='ltr'><strong>desciverimus.</strong></span> <span class='ocrx_word' id='word_1_10' title='bbox 1236 697 1444 780; x_wconf 84' lang='lat' dir='ltr'><strong>Atqui</strong></span> <span class='ocrx_word' id='word_1_11' title='bbox 1495 695 1695 762; x_wconf 90' lang='lat' dir='ltr'><strong>velim</strong></span> <span class='ocrx_word' id='word_1_12' title='bbox 1737 697 1904 763; x_wconf 91' lang='lat' dir='ltr'><strong>scire</strong></span> <span class='ocrx_word' id='word_1_13' title='bbox 1945 717 2271 780; x_wconf 79' lang='lat' dir='ltr'><strong>quaenam</strong></span> 
     </span>
     <span class='ocr_line' id='line_1_4' title="bbox 321 781 2270 869; baseline -0.004 -16"><span class='ocrx_word' id='word_1_14' title='bbox 321 787 413 852; x_wconf 87' lang='lat' dir='ltr'><strong>sit</strong></span> <span class='ocrx_word' id='word_1_15' title='bbox 469 786 598 853; x_wconf 88' lang='lat' dir='ltr'><strong>ista</strong></span> <span class='ocrx_word' id='word_1_16' title='bbox 652 783 1036 869; x_wconf 68' lang='lat' dir='ltr'><strong>simplicitas</strong></span> <span class='ocrx_word' id='word_1_17' title='bbox 1108 781 1191 848; x_wconf 88' lang='lat' dir='ltr'><strong>ad</strong></span> <span class='ocrx_word' id='word_1_18' title='bbox 1301 803 1455 849; x_wconf 91' lang='lat' dir='ltr'><strong>uam</strong></span> <span class='ocrx_word' id='word_1_19' title='bbox 1521 802 1751 848; x_wconf 90' lang='lat' dir='ltr'><strong>sumus</strong></span> <span class='ocrx_word' id='word_1_20' title='bbox 1814 782 2180 848; x_wconf 86' lang='lat' dir='ltr'><strong>revocandi.</strong></span> <span class='ocrx_word' id='word_1_21' title='bbox 2208 785 2270 860; x_wconf 73' lang='lat'><strong>²³)</strong></span> 
     </span>
     <span class='ocr_line' id='line_1_5' title="bbox 319 866 2271 955; baseline -0.004 -16"><span class='ocrx_word' id='word_1_22' title='bbox 319 873 554 955; x_wconf 80' lang='lat' dir='ltr'>Nuper</span> <span class='ocrx_word' id='word_1_23' title='bbox 595 891 798 954; x_wconf 91' lang='lat' dir='ltr'><strong>quum</strong></span> <span class='ocrx_word' id='word_1_24' title='bbox 857 890 1066 937; x_wconf 87' lang='lat' dir='ltr'><strong>essem</strong></span> <span class='ocrx_word' id='word_1_25' title='bbox 1118 888 1249 952; x_wconf 90' lang='lat' dir='ltr'><strong>apu</strong></span> <span class='ocrx_word' id='word_1_26' title='bbox 1347 888 1463 935; x_wconf 89' lang='lat' dir='ltr'><strong>vos</strong></span> <span class='ocrx_word' id='word_1_27' title='bbox 1515 866 1692 934; x_wconf 92' lang='lat' dir='ltr'><strong>idem</strong></span> <span class='ocrx_word' id='word_1_28' title='bbox 1749 867 2064 953; x_wconf 79' lang='lat' dir='ltr'><strong>urgebam</strong></span> <span class='ocrx_word' id='word_1_29' title='bbox 2082 920 2098 948; x_wconf 97' lang='lat'><strong>,</strong></span> <span class='ocrx_word' id='word_1_30' title='bbox 2156 868 2271 933; x_wconf 85' lang='lat' dir='ltr'><strong>sed</strong></span> 
     </span>
     <span class='ocr_line' id='line_1_6' title="bbox 319 953 2269 1040; baseline -0.003 -17"><span class='ocrx_word' id='word_1_31' title='bbox 319 958 496 1024; x_wconf 82' lang='lat' dir='ltr'><strong>nihil</strong></span> <span class='ocrx_word' id='word_1_32' title='bbox 527 962 914 1040; x_wconf 85' lang='lat' dir='ltr'><strong>responsum</strong></span> <span class='ocrx_word' id='word_1_33' title='bbox 948 955 1153 1022; x_wconf 84' lang='lat' dir='ltr'><strong>fuisse</strong></span> <span class='ocrx_word' id='word_1_34' title='bbox 1185 953 1504 1019; x_wconf 91' lang='lat' dir='ltr'><strong>memoria</strong></span> <span class='ocrx_word' id='word_1_35' title='bbox 1537 962 1741 1033; x_wconf 91' lang='lat' dir='ltr'><strong>tenes,</strong></span> <span class='ocrx_word' id='word_1_36' title='bbox 1786 962 1863 1020; x_wconf 91' lang='lat' dir='ltr'><strong>ut</strong></span> <span class='ocrx_word' id='word_1_37' title='bbox 1896 954 2195 1020; x_wconf 80' lang='lat' dir='ltr'><strong>arbitror.</strong></span> <span class='ocrx_word' id='word_1_38' title='bbox 2213 958 2269 1031; x_wconf 80' lang='lat'><strong>⁹)</strong></span> 
     </span>
     <span class='ocr_line' id='line_1_7' title="bbox 321 1038 2268 1127; baseline -0.003 -18"><span class='ocrx_word' id='word_1_39' title='bbox 321 1044 553 1127; x_wconf 81' lang='lat' dir='ltr'><strong>Neque</strong></span> <span class='ocrx_word' id='word_1_40' title='bbox 605 1042 731 1109; x_wconf 89' lang='lat' dir='ltr'><strong>hoc</strong></span> <span class='ocrx_word' id='word_1_41' title='bbox 783 1049 920 1107; x_wconf 91' lang='lat' dir='ltr'><strong>tam</strong></span> <span class='ocrx_word' id='word_1_42' title='bbox 977 1038 1440 1125; x_wconf 87' lang='lat' dir='ltr'><strong>expostulandi</strong></span> <span class='ocrx_word' id='word_1_43' title='bbox 1504 1059 1704 1106; x_wconf 86' lang='lat' dir='ltr'><strong>causa</strong></span> <span class='ocrx_word' id='word_1_44' title='bbox 1758 1059 1799 1104; x_wconf 98' lang='lat' dir='ltr'><strong>a</strong></span> <span class='ocrx_word' id='word_1_45' title='bbox 1853 1060 1962 1104; x_wconf 91' lang='lat' dir='ltr'><strong>me</strong></span> <span class='ocrx_word' id='word_1_46' title='bbox 2011 1039 2268 1118; x_wconf 91' lang='lat' dir='ltr'><strong>dicitur,</strong></span> 
     </span>
     <span class='ocr_line' id='line_1_8' title="bbox 325 1122 2266 1215; baseline -0.003 -20"><span class='ocrx_word' id='word_1_47' title='bbox 325 1149 526 1215; x_wconf 89' lang='lat' dir='ltr'><strong>quam</strong></span> <span class='ocrx_word' id='word_1_48' title='bbox 570 1136 642 1194; x_wconf 90' lang='lat' dir='ltr'><strong>ut</strong></span> <span class='ocrx_word' id='word_1_49' title='bbox 682 1134 996 1193; x_wconf 87' lang='lat' dir='ltr'><strong>testatum</strong></span> <span class='ocrx_word' id='word_1_50' title='bbox 1037 1126 1270 1192; x_wconf 84' lang='lat' dir='ltr'><strong>faciam</strong></span> <span class='ocrx_word' id='word_1_51' title='bbox 1311 1146 1432 1190; x_wconf 92' lang='lat' dir='ltr'><strong>nos</strong></span> <span class='ocrx_word' id='word_1_52' title='bbox 1487 1122 1568 1190; x_wconf 91' lang='lat' dir='ltr'><strong>de</strong></span> <span class='ocrx_word' id='word_1_53' title='bbox 1623 1125 1830 1191; x_wconf 84' lang='lat' dir='ltr'><strong>nihilo</strong></span> <span class='ocrx_word' id='word_1_54' title='bbox 1881 1124 2266 1208; x_wconf 89' lang='lat' dir='ltr'><strong>quibusdam</strong></span> 
     </span>
     <span class='ocr_line' id='line_1_9' title="bbox 324 1213 1414 1295; baseline -0.005 -14"><span class='ocrx_word' id='word_1_55' title='bbox 324 1215 513 1281; x_wconf 89' lang='lat' dir='ltr'><strong>bonis</strong></span> <span class='ocrx_word' id='word_1_56' title='bbox 553 1213 717 1279; x_wconf 90' lang='lat' dir='ltr'><strong>viris</strong></span> <span class='ocrx_word' id='word_1_57' title='bbox 749 1215 807 1253; x_wconf 87' lang='lat'><strong>¹⁰</strong></span> <span class='ocrx_word' id='word_1_58' title='bbox 877 1218 1215 1295; x_wconf 90' lang='lat' dir='ltr'><strong>suspectos</strong></span> <span class='ocrx_word' id='word_1_59' title='bbox 1258 1231 1414 1277; x_wconf 90' lang='lat' dir='ltr'><strong>esse.</strong></span> 
     </span>
    </p>

    <p class='ocr_par' dir='ltr' id='par_1_3' title="bbox 307 1294 2271 3440">
     <span class='ocr_line' id='line_1_10' title="bbox 498 1294 2270 1382; baseline -0.001 -19"><span class='ocrx_word' id='word_1_60' title='bbox 498 1298 678 1380; x_wconf 76' lang='lat' dir='ltr'><strong>Quin</strong></span> <span class='ocrx_word' id='word_1_61' title='bbox 736 1305 936 1364; x_wconf 79' lang='lat' dir='ltr'><strong>etiam</strong></span> <span class='ocrx_word' id='word_1_62' title='bbox 1000 1294 1438 1363; x_wconf 90' lang='lat' dir='ltr'><strong>animadverti</strong></span> <span class='ocrx_word' id='word_1_63' title='bbox 1503 1295 1758 1379; x_wconf 79' lang='lat' dir='ltr'><strong>pridem</strong></span> <span class='ocrx_word' id='word_1_64' title='bbox 1822 1298 2084 1382; x_wconf 83' lang='lat' dir='ltr'><strong>gravari</strong></span> <span class='ocrx_word' id='word_1_65' title='bbox 2149 1318 2270 1362; x_wconf 92' lang='lat' dir='ltr'><strong>nos</strong></span> 
     </span>
     <span class='ocr_line' id='line_1_11' title="bbox 323 1382 2269 1465; baseline -0.001 -17"><span class='ocrx_word' id='word_1_66' title='bbox 323 1404 403 1448; x_wconf 90' lang='lat' dir='ltr'><strong>ea</strong></span> <span class='ocrx_word' id='word_1_67' title='bbox 460 1384 1052 1452; x_wconf 90' lang='lat' dir='ltr'><strong>communicatione</strong></span> <span class='ocrx_word' id='word_1_68' title='bbox 1083 1384 1172 1461; x_wconf 86' lang='lat'><strong>¹¹)</strong></span> <span class='ocrx_word' id='word_1_69' title='bbox 1226 1403 1393 1465; x_wconf 90' lang='lat' dir='ltr'><strong>quae</strong></span> <span class='ocrx_word' id='word_1_70' title='bbox 1444 1382 1633 1448; x_wconf 92' lang='lat' dir='ltr'><strong>nobis</strong></span> <span class='ocrx_word' id='word_1_71' title='bbox 1685 1403 1835 1448; x_wconf 89' lang='lat' dir='ltr'><strong>cum</strong></span> <span class='ocrx_word' id='word_1_72' title='bbox 1877 1382 2124 1449; x_wconf 80' lang='lat' dir='ltr'><strong>Buoero</strong></span> <span class='ocrx_word' id='word_1_73' title='bbox 2166 1383 2269 1447; x_wconf 90' lang='lat' dir='ltr'><strong>in-</strong></span> 
     </span>
     <span class='ocr_line' id='line_1_12' title="bbox 319 1467 2270 1552; baseline -0.003 -14"><span class='ocrx_word' id='word_1_74' title='bbox 319 1469 614 1538; x_wconf 72' lang='lat' dir='ltr'><strong>tercedit.</strong></span> <span class='ocrx_word' id='word_1_75' title='bbox 704 1468 838 1537; x_wconf 77' lang='lat' dir='ltr'><strong>Sed</strong></span> <span class='ocrx_word' id='word_1_76' title='bbox 893 1467 1157 1535; x_wconf 90' lang='lat' dir='ltr'><strong>obsecro</strong></span> <span class='ocrx_word' id='word_1_77' title='bbox 1203 1475 1302 1548; x_wconf 92' lang='lat' dir='ltr'><strong>te,</strong></span> <span class='ocrx_word' id='word_1_78' title='bbox 1357 1470 1449 1533; x_wconf 93' lang='lat' dir='ltr'><strong>mi</strong></span> <span class='ocrx_word' id='word_1_79' title='bbox 1493 1468 1886 1552; x_wconf 71' lang='lat' dir='ltr'><strong>Bumnyere,</strong></span> <span class='ocrx_word' id='word_1_80' title='bbox 1943 1489 2069 1552; x_wconf 89' lang='lat' dir='ltr'><strong>quo</strong></span> <span class='ocrx_word' id='word_1_81' title='bbox 2125 1469 2270 1533; x_wconf 91' lang='lat' dir='ltr'><strong>iure</strong></span> 
     </span>
     <span class='ocr_line' id='line_1_13' title="bbox 322 1554 2269 1637; baseline -0.003 -14"><span class='ocrx_word' id='word_1_82' title='bbox 322 1577 445 1623; x_wconf 90' lang='lat' dir='ltr'><strong>nos</strong></span> <span class='ocrx_word' id='word_1_83' title='bbox 489 1577 530 1622; x_wconf 97' lang='lat' dir='ltr'><strong>a</strong></span> <span class='ocrx_word' id='word_1_84' title='bbox 573 1556 819 1622; x_wconf 73' lang='lat' dir='ltr'><strong>Buoero</strong></span> <span class='ocrx_word' id='word_1_85' title='bbox 860 1555 1325 1631; x_wconf 88' lang='lat' dir='ltr'><strong>alienaremus,</strong></span> <span class='ocrx_word' id='word_1_86' title='bbox 1366 1576 1567 1637; x_wconf 91' lang='lat' dir='ltr'><strong>quum</strong></span> <span class='ocrx_word' id='word_1_87' title='bbox 1613 1554 1767 1619; x_wconf 92' lang='lat' dir='ltr'><strong>huic</strong></span> <span class='ocrx_word' id='word_1_88' title='bbox 1811 1562 2071 1620; x_wconf 88' lang='lat' dir='ltr'><strong>nostrae</strong></span> <span class='ocrx_word' id='word_1_89' title='bbox 2115 1574 2269 1618; x_wconf 91' lang='lat' dir='ltr'><strong>con-</strong></span> 
     </span>
     <span class='ocr_line' id='line_1_14' title="bbox 321 1639 2271 1726; baseline -0.003 -17"><span class='ocrx_word' id='word_1_90' title='bbox 321 1643 590 1709; x_wconf 83' lang='lat' dir='ltr'><strong>fessioni</strong></span> <span class='ocrx_word' id='word_1_91' title='bbox 643 1661 838 1725; x_wconf 91' lang='lat' dir='ltr'><strong>quam</strong></span> <span class='ocrx_word' id='word_1_92' title='bbox 896 1641 1083 1726; x_wconf 91' lang='lat' dir='ltr'><strong>posui</strong></span> <span class='ocrx_word' id='word_1_93' title='bbox 1150 1639 1559 1707; x_wconf 84' lang='lat' dir='ltr'><strong>subscribat?</strong></span> <span class='ocrx_word' id='word_1_94' title='bbox 1662 1640 1810 1725; x_wconf 84' lang='lat' dir='ltr'><strong>Ego</strong></span> <span class='ocrx_word' id='word_1_95' title='bbox 1864 1641 2145 1705; x_wconf 90' lang='lat' dir='ltr'><strong>virtutes</strong></span> <span class='ocrx_word' id='word_1_96' title='bbox 2203 1645 2271 1704; x_wconf 92' lang='lat' dir='ltr'><strong>et</strong></span> 
     </span>
     <span class='ocr_line' id='line_1_15' title="bbox 319 1724 2268 1811; baseline -0.003 -16"><span class='ocrx_word' id='word_1_97' title='bbox 319 1749 508 1795; x_wconf 89' lang='lat' dir='ltr'><strong>raras</strong></span> <span class='ocrx_word' id='word_1_98' title='bbox 542 1734 610 1795; x_wconf 93' lang='lat' dir='ltr'><strong>et</strong></span> <span class='ocrx_word' id='word_1_99' title='bbox 641 1726 1021 1811; x_wconf 77' lang='lat' dir='ltr'><strong>permultae,</strong></span> <span class='ocrx_word' id='word_1_100' title='bbox 1065 1726 1301 1809; x_wconf 91' lang='lat' dir='ltr'><strong>quibus</strong></span> <span class='ocrx_word' id='word_1_101' title='bbox 1342 1727 1449 1791; x_wconf 92' lang='lat' dir='ltr'><strong>vir</strong></span> <span class='ocrx_word' id='word_1_102' title='bbox 1491 1724 1604 1790; x_wconf 92' lang='lat' dir='ltr'><strong>ille</strong></span> <span class='ocrx_word' id='word_1_103' title='bbox 1637 1725 1919 1805; x_wconf 87' lang='lat' dir='ltr'><strong>excellit,</strong></span> <span class='ocrx_word' id='word_1_104' title='bbox 1963 1726 2034 1790; x_wconf 90' lang='lat' dir='ltr'><strong>in</strong></span> <span class='ocrx_word' id='word_1_105' title='bbox 2078 1745 2268 1807; x_wconf 88' lang='lat' dir='ltr'><strong>prae-</strong></span> 
     </span>
     <span class='ocr_line' id='line_1_16' title="bbox 321 1810 2269 1896; baseline -0.003 -16"><span class='ocrx_word' id='word_1_106' title='bbox 321 1815 539 1881; x_wconf 90' lang='lat' dir='ltr'><strong>sentia</strong></span> <span class='ocrx_word' id='word_1_107' title='bbox 581 1834 713 1879; x_wconf 91' lang='lat' dir='ltr'><strong>non</strong></span> <span class='ocrx_word' id='word_1_108' title='bbox 753 1810 1157 1896; x_wconf 75' lang='lat' dir='ltr'><strong>praedicabo,</strong></span> <span class='ocrx_word' id='word_1_109' title='bbox 1238 1810 1518 1876; x_wconf 89' lang='lat' dir='ltr'><strong>Tantum</strong></span> <span class='ocrx_word' id='word_1_110' title='bbox 1555 1810 1768 1877; x_wconf 91' lang='lat' dir='ltr'><strong>dicam</strong></span> <span class='ocrx_word' id='word_1_111' title='bbox 1810 1832 1917 1876; x_wconf 93' lang='lat' dir='ltr'><strong>me</strong></span> <span class='ocrx_word' id='word_1_112' title='bbox 1960 1811 2269 1878; x_wconf 88' lang='lat' dir='ltr'><strong>ecclesiae</strong></span> 
     </span>
     <span class='ocr_line' id='line_1_17' title="bbox 320 1894 2269 1984; baseline -0.003 -18"><span class='ocrx_word' id='word_1_113' title='bbox 320 1900 452 1966; x_wconf 92' lang='lat' dir='ltr'><strong>Dei</strong></span> <span class='ocrx_word' id='word_1_114' title='bbox 494 1919 767 1984; x_wconf 86' lang='lat' dir='ltr'><strong>gravem</strong></span> <span class='ocrx_word' id='word_1_115' title='bbox 809 1898 1120 1963; x_wconf 86' lang='lat' dir='ltr'><strong>iniuriam</strong></span> <span class='ocrx_word' id='word_1_116' title='bbox 1164 1898 1506 1975; x_wconf 90' lang='lat' dir='ltr'><strong>facturum,</strong></span> <span class='ocrx_word' id='word_1_117' title='bbox 1552 1898 1611 1962; x_wconf 91' lang='lat' dir='ltr'><strong>si</strong></span> <span class='ocrx_word' id='word_1_118' title='bbox 1656 1896 1832 1964; x_wconf 90' lang='lat' dir='ltr'><strong>hunc</strong></span> <span class='ocrx_word' id='word_1_119' title='bbox 1875 1896 1985 1962; x_wconf 91' lang='lat' dir='ltr'><strong>vel</strong></span> <span class='ocrx_word' id='word_1_120' title='bbox 2019 1894 2269 1963; x_wconf 84' lang='lat' dir='ltr'><strong>oderim</strong></span> 
     </span>
     <span class='ocr_line' id='line_1_18' title="bbox 325 1981 2268 2066; baseline -0.003 -13"><span class='ocrx_word' id='word_1_121' title='bbox 325 1986 432 2054; x_wconf 91' lang='lat' dir='ltr'><strong>vel</strong></span> <span class='ocrx_word' id='word_1_122' title='bbox 475 1993 908 2051; x_wconf 87' lang='lat' dir='ltr'><strong>contemnam.</strong></span> <span class='ocrx_word' id='word_1_123' title='bbox 997 1984 1208 2050; x_wconf 76' lang='lat' dir='ltr'><strong>Taceo</strong></span> <span class='ocrx_word' id='word_1_124' title='bbox 1264 1990 1338 2048; x_wconf 91' lang='lat' dir='ltr'><strong>ut</strong></span> <span class='ocrx_word' id='word_1_125' title='bbox 1385 1981 1466 2048; x_wconf 92' lang='lat' dir='ltr'><strong>de</strong></span> <span class='ocrx_word' id='word_1_126' title='bbox 1509 2003 1615 2048; x_wconf 92' lang='lat' dir='ltr'><strong>me</strong></span> <span class='ocrx_word' id='word_1_127' title='bbox 1648 1983 1960 2066; x_wconf 90' lang='lat' dir='ltr'><strong>privatim</strong></span> <span class='ocrx_word' id='word_1_128' title='bbox 2004 1984 2091 2049; x_wconf 88' lang='lat' dir='ltr'><strong>sit</strong></span> <span class='ocrx_word' id='word_1_129' title='bbox 2130 2003 2268 2047; x_wconf 93' lang='lat' dir='ltr'><strong>me-</strong></span> 
     </span>
     <span class='ocr_line' id='line_1_19' title="bbox 319 2067 2268 2146; baseline -0.003 -8"><span class='ocrx_word' id='word_1_130' title='bbox 319 2071 511 2138; x_wconf 89' lang='lat' dir='ltr'><strong>ritus.</strong></span> <span class='ocrx_word' id='word_1_131' title='bbox 600 2070 694 2136; x_wconf 83' lang='lat' dir='ltr'><strong>Et</strong></span> <span class='ocrx_word' id='word_1_132' title='bbox 744 2078 967 2134; x_wconf 89' lang='lat' dir='ltr'><strong>tamen</strong></span> <span class='ocrx_word' id='word_1_133' title='bbox 1027 2069 1120 2135; x_wconf 90' lang='lat' dir='ltr'><strong>sic</strong></span> <span class='ocrx_word' id='word_1_134' title='bbox 1174 2089 1324 2134; x_wconf 92' lang='lat' dir='ltr'><strong>eum</strong></span> <span class='ocrx_word' id='word_1_135' title='bbox 1379 2089 1527 2133; x_wconf 92' lang='lat' dir='ltr'><strong>amo</strong></span> <span class='ocrx_word' id='word_1_136' title='bbox 1582 2076 1649 2134; x_wconf 93' lang='lat' dir='ltr'><strong>et</strong></span> <span class='ocrx_word' id='word_1_137' title='bbox 1705 2069 1846 2136; x_wconf 92' lang='lat' dir='ltr'><strong>colo</strong></span> <span class='ocrx_word' id='word_1_138' title='bbox 1861 2120 1875 2146; x_wconf 94' lang='lat'><strong>,</strong></span> <span class='ocrx_word' id='word_1_139' title='bbox 1936 2075 2014 2134; x_wconf 91' lang='lat' dir='ltr'><strong>ut</strong></span> <span class='ocrx_word' id='word_1_140' title='bbox 2065 2067 2268 2133; x_wconf 90' lang='lat' dir='ltr'><strong>libere</strong></span> 
     </span>
     <span class='ocr_line' id='line_1_20' title="bbox 321 2153 2268 2241; baseline -0.002 -19"><span class='ocrx_word' id='word_1_141' title='bbox 321 2158 575 2241; x_wconf 90' lang='lat' dir='ltr'><strong>quoties</strong></span> <span class='ocrx_word' id='word_1_142' title='bbox 616 2156 833 2222; x_wconf 90' lang='lat' dir='ltr'><strong>visum</strong></span> <span class='ocrx_word' id='word_1_143' title='bbox 869 2162 982 2220; x_wconf 88' lang='lat' dir='ltr'><strong>est·</strong></span> <span class='ocrx_word' id='word_1_144' title='bbox 1010 2173 1327 2219; x_wconf 88' lang='lat' dir='ltr'><strong>moneam.</strong></span> <span class='ocrx_word' id='word_1_145' title='bbox 1465 2162 1667 2220; x_wconf 88' lang='lat' dir='ltr'><strong>uanto</strong></span> <span class='ocrx_word' id='word_1_146' title='bbox 1707 2155 1917 2237; x_wconf 91' lang='lat' dir='ltr'><strong>ipsius</strong></span> <span class='ocrx_word' id='word_1_147' title='bbox 1959 2154 2039 2220; x_wconf 90' lang='lat' dir='ltr'><strong>de</strong></span> <span class='ocrx_word' id='word_1_148' title='bbox 2081 2153 2268 2221; x_wconf 91' lang='lat' dir='ltr'><strong>vobis</strong></span> 
     </span>
     <span class='ocr_line' id='line_1_21' title="bbox 320 2239 2271 2327; baseline -0.004 -17"><span class='ocrx_word' id='word_1_149' title='bbox 320 2242 727 2327; x_wconf 90' lang='lat' dir='ltr'><strong>querimonia</strong></span> <span class='ocrx_word' id='word_1_150' title='bbox 767 2241 1002 2307; x_wconf 91' lang='lat' dir='ltr'><strong>iustior</strong></span> <span class='ocrx_word' id='word_1_151' title='bbox 1044 2240 1417 2306; x_wconf 78' lang='lat' dir='ltr'><strong>censebitur</strong></span> <span class='ocrx_word' id='word_1_152' title='bbox 1531 2239 1702 2305; x_wconf 89' lang='lat' dir='ltr'><strong>Nam</strong></span> <span class='ocrx_word' id='word_1_153' title='bbox 1739 2239 2086 2323; x_wconf 86' lang='lat' dir='ltr'><strong>aliquando</strong></span> <span class='ocrx_word' id='word_1_154' title='bbox 2120 2261 2271 2306; x_wconf 92' lang='lat' dir='ltr'><strong>con-</strong></span> 
     </span>
     <span class='ocr_line' id='line_1_22' title="bbox 317 2324 2267 2413; baseline -0.003 -17"><span class='ocrx_word' id='word_1_155' title='bbox 317 2337 589 2413; x_wconf 75' lang='lat' dir='ltr'><strong>questus</strong></span> <span class='ocrx_word' id='word_1_156' title='bbox 622 2335 723 2393; x_wconf 92' lang='lat' dir='ltr'><strong>est</strong></span> <span class='ocrx_word' id='word_1_157' title='bbox 753 2347 875 2393; x_wconf 90' lang='lat' dir='ltr'><strong>vos</strong></span> <span class='ocrx_word' id='word_1_158' title='bbox 907 2324 1432 2391; x_wconf 84' lang='lat' dir='ltr'><strong>adulescentibus</strong></span> <span class='ocrx_word' id='word_1_159' title='bbox 1465 2325 1818 2409; x_wconf 71' lang='lat' dir='ltr'><strong>Tigurinis,</strong></span> <span class='ocrx_word' id='word_1_160' title='bbox 1863 2326 1974 2409; x_wconf 89' lang='lat' dir='ltr'><strong>qui</strong></span> <span class='ocrx_word' id='word_1_161' title='bbox 2008 2327 2267 2409; x_wconf 87' lang='lat' dir='ltr'><strong>Argen-</strong></span> 
     </span>
     <span class='ocr_line' id='line_1_23' title="bbox 316 2411 2269 2496; baseline -0.003 -16"><span class='ocrx_word' id='word_1_162' title='bbox 316 2416 501 2480; x_wconf 89' lang='lat' dir='ltr'><strong>tinae</strong></span> <span class='ocrx_word' id='word_1_163' title='bbox 550 2412 859 2496; x_wconf 84' lang='lat' dir='ltr'><strong>agebant,</strong></span> <span class='ocrx_word' id='word_1_164' title='bbox 917 2431 1111 2477; x_wconf 87' lang='lat' dir='ltr'><strong>usum</strong></span> <span class='ocrx_word' id='word_1_165' title='bbox 1166 2429 1389 2478; x_wconf 88' lang='lat' dir='ltr'><strong>sacrae</strong></span> <span class='ocrx_word' id='word_1_166' title='bbox 1446 2431 1686 2478; x_wconf 90' lang='lat' dir='ltr'><strong>coenae</strong></span> <span class='ocrx_word' id='word_1_167' title='bbox 1738 2412 1807 2476; x_wconf 92' lang='lat' dir='ltr'><strong>in</strong></span> <span class='ocrx_word' id='word_1_168' title='bbox 1864 2427 1942 2477; x_wconf 84' lang='lat' dir='ltr'><strong>ea</strong></span> <span class='ocrx_word' id='word_1_169' title='bbox 1995 2411 2269 2478; x_wconf 89' lang='lat' dir='ltr'><strong>ecclesia</strong></span> 
     </span>
     <span class='ocr_line' id='line_1_24' title="bbox 317 2496 2268 2582; baseline -0.002 -18"><span class='ocrx_word' id='word_1_170' title='bbox 317 2499 754 2579; x_wconf 79' lang='lat' dir='ltr'><strong>interdixisse,</strong></span> <span class='ocrx_word' id='word_1_171' title='bbox 798 2518 998 2582; x_wconf 91' lang='lat' dir='ltr'><strong>quum</strong></span> <span class='ocrx_word' id='word_1_172' title='bbox 1034 2505 1255 2562; x_wconf 92' lang='lat' dir='ltr'><strong>tamen</strong></span> <span class='ocrx_word' id='word_1_173' title='bbox 1291 2518 1424 2562; x_wconf 91' lang='lat' dir='ltr'><strong>non</strong></span> <span class='ocrx_word' id='word_1_174' title='bbox 1460 2496 1590 2563; x_wconf 89' lang='lat' dir='ltr'><strong>alia</strong></span> <span class='ocrx_word' id='word_1_175' title='bbox 1624 2496 1705 2562; x_wconf 90' lang='lat' dir='ltr'><strong>ab</strong></span> <span class='ocrx_word' id='word_1_176' title='bbox 1748 2498 1908 2580; x_wconf 90' lang='lat' dir='ltr'><strong>ipsis</strong></span> <span class='ocrx_word' id='word_1_177' title='bbox 1942 2496 2268 2563; x_wconf 86' lang='lat' dir='ltr'><strong>confessio</strong></span> 
     </span>
     <span class='ocr_line' id='line_1_25' title="bbox 319 2580 2266 2669; baseline -0.002 -19"><span class='ocrx_word' id='word_1_178' title='bbox 319 2606 511 2669; x_wconf 90' lang='lat' dir='ltr'><strong>quam</strong></span> <span class='ocrx_word' id='word_1_179' title='bbox 579 2592 798 2652; x_wconf 87' lang='lat' dir='ltr'><strong>vestra</strong></span> <span class='ocrx_word' id='word_1_180' title='bbox 850 2584 953 2649; x_wconf 82' lang='lat' dir='ltr'><strong>ex‘</strong></span> <span class='ocrx_word' id='word_1_181' title='bbox 1004 2590 1243 2648; x_wconf 88' lang='lat' dir='ltr'><strong>eretur.</strong></span> <span class='ocrx_word' id='word_1_182' title='bbox 1278 2580 1380 2667; x_wconf 75' lang='grc'><strong>12)-</strong></span> <span class='ocrx_word' id='word_1_183' title='bbox 1450 2583 1597 2667; x_wconf 80' lang='lat' dir='ltr'><strong>Ego</strong></span> <span class='ocrx_word' id='word_1_184' title='bbox 1655 2584 1814 2648; x_wconf 89' lang='lat' dir='ltr'><strong>sane</strong></span> <span class='ocrx_word' id='word_1_185' title='bbox 1867 2603 2135 2650; x_wconf 89' lang='lat' dir='ltr'><strong>causam</strong></span> <span class='ocrx_word' id='word_1_186' title='bbox 2193 2583 2266 2667; x_wconf 89' lang='lat' dir='ltr'><strong>in</strong></span> 
     </span>
     <span class='ocr_line' id='line_1_26' title="bbox 316 2667 2265 2754; baseline 0 -20"><span class='ocrx_word' id='word_1_187' title='bbox 316 2670 442 2736; x_wconf 87' lang='lat' dir='ltr'><strong>hac</strong></span> <span class='ocrx_word' id='word_1_188' title='bbox 484 2678 668 2754; x_wconf 91' lang='lat' dir='ltr'><strong>parte</strong></span> <span class='ocrx_word' id='word_1_189' title='bbox 711 2691 844 2736; x_wconf 90' lang='lat' dir='ltr'><strong>non</strong></span> <span class='ocrx_word' id='word_1_190' title='bbox 888 2669 956 2736; x_wconf 90' lang='lat' dir='ltr'><strong>vi</strong></span> <span class='ocrx_word' id='word_1_191' title='bbox 1002 2689 1080 2733; x_wconf 91' lang='lat' dir='ltr'><strong>eo</strong></span> <span class='ocrx_word' id='word_1_192' title='bbox 1115 2689 1233 2734; x_wconf 93' lang='lat' dir='ltr'><strong>cur</strong></span> <span class='ocrx_word' id='word_1_193' title='bbox 1265 2668 1361 2733; x_wconf 88' lang='lat' dir='ltr'><strong>ita</strong></span> <span class='ocrx_word' id='word_1_194' title='bbox 1394 2667 1779 2737; x_wconf 82' lang='lat' dir='ltr'><strong>scindantur</strong></span> <span class='ocrx_word' id='word_1_195' title='bbox 1813 2669 2141 2736; x_wconf 90' lang='lat' dir='ltr'><strong>ecclesiae.</strong></span> <span class='ocrx_word' id='word_1_196' title='bbox 2177 2668 2265 2752; x_wconf 74' lang='lat'><strong>¹²³)</strong></span> 
     </span>
     <span class='ocr_line' id='line_1_27' title="bbox 313 2754 2264 2838; baseline -0.002 -16"><span class='ocrx_word' id='word_1_197' title='bbox 313 2754 494 2838; x_wconf 78' lang='lat' dir='ltr'><strong>Quid</strong></span> <span class='ocrx_word' id='word_1_198' title='bbox 550 2764 771 2822; x_wconf 90' lang='lat' dir='ltr'><strong>autem</strong></span> <span class='ocrx_word' id='word_1_199' title='bbox 828 2763 927 2820; x_wconf 89' lang='lat' dir='ltr'><strong>est</strong></span> <span class='ocrx_word' id='word_1_200' title='bbox 981 2774 1216 2819; x_wconf 91' lang='lat' dir='ltr'><strong>causae</strong></span> <span class='ocrx_word' id='word_1_201' title='bbox 1270 2774 1388 2819; x_wconf 92' lang='lat' dir='ltr'><strong>cur</strong></span> <span class='ocrx_word' id='word_1_202' title='bbox 1439 2754 1628 2820; x_wconf 90' lang='lat' dir='ltr'><strong>nobis</strong></span> <span class='ocrx_word' id='word_1_203' title='bbox 1682 2763 2110 2821; x_wconf 84' lang='lat' dir='ltr'><strong>succenseant</strong></span> <span class='ocrx_word' id='word_1_204' title='bbox 2171 2754 2264 2838; x_wconf 90' lang='lat' dir='ltr'><strong>pii</strong></span> 
     </span>
     <span class='ocr_line' id='line_1_28' title="bbox 312 2838 2263 2920; baseline -0.001 -14"><span class='ocrx_word' id='word_1_205' title='bbox 312 2841 644 2917; x_wconf 84' lang='lat' dir='ltr'><strong>homines,</strong></span> <span class='ocrx_word' id='word_1_206' title='bbox 700 2841 759 2906; x_wconf 87' lang='lat' dir='ltr'><strong>si</strong></span> <span class='ocrx_word' id='word_1_207' title='bbox 809 2839 1163 2905; x_wconf 85' lang='lat' dir='ltr'><strong>amicitiam</strong></span> <span class='ocrx_word' id='word_1_208' title='bbox 1218 2839 1489 2905; x_wconf 90' lang='lat' dir='ltr'><strong>colimus</strong></span> <span class='ocrx_word' id='word_1_209' title='bbox 1546 2859 1693 2904; x_wconf 89' lang='lat' dir='ltr'><strong>cum</strong></span> <span class='ocrx_word' id='word_1_210' title='bbox 1751 2860 1828 2904; x_wconf 91' lang='lat' dir='ltr'><strong>eo</strong></span> <span class='ocrx_word' id='word_1_211' title='bbox 1877 2838 2144 2905; x_wconf 88' lang='lat' dir='ltr'><strong>homine</strong></span> <span class='ocrx_word' id='word_1_212' title='bbox 2179 2844 2263 2920; x_wconf 85' lang='lat'><strong>¹⁴)</strong></span> 
     </span>
     <span class='ocr_line' id='line_1_29' title="bbox 310 2924 2261 3010; baseline 0.001 -19"><span class='ocrx_word' id='word_1_213' title='bbox 310 2927 424 3010; x_wconf 90' lang='lat' dir='ltr'><strong>qui</strong></span> <span class='ocrx_word' id='word_1_214' title='bbox 468 2946 589 3009; x_wconf 91' lang='lat' dir='ltr'><strong>per</strong></span> <span class='ocrx_word' id='word_1_215' title='bbox 631 2946 703 2991; x_wconf 87' lang='lat' dir='ltr'><strong>se</strong></span> <span class='ocrx_word' id='word_1_216' title='bbox 744 2924 1014 2990; x_wconf 91' lang='lat' dir='ltr'><strong>minime</strong></span> <span class='ocrx_word' id='word_1_217' title='bbox 1056 2933 1228 2990; x_wconf 90' lang='lat' dir='ltr'><strong>stare</strong></span> <span class='ocrx_word' id='word_1_218' title='bbox 1271 2927 1615 3009; x_wconf 89' lang='lat' dir='ltr'><strong>profitetur</strong></span> <span class='ocrx_word' id='word_1_219' title='bbox 1658 2946 1784 3009; x_wconf 89' lang='lat' dir='ltr'><strong>quo</strong></span> <span class='ocrx_word' id='word_1_220' title='bbox 1819 2926 2037 2991; x_wconf 91' lang='lat' dir='ltr'><strong>minus</strong></span> <span class='ocrx_word' id='word_1_221' title='bbox 2071 2925 2261 2992; x_wconf 88' lang='lat' dir='ltr'><strong>vobis</strong></span> 
     </span>
     <span class='ocr_line' id='line_1_30' title="bbox 310 3008 2259 3095; baseline 0 -19"><span class='ocrx_word' id='word_1_222' title='bbox 310 3012 563 3077; x_wconf 88' lang='lat' dir='ltr'><strong>amicus</strong></span> <span class='ocrx_word' id='word_1_223' title='bbox 615 3010 701 3076; x_wconf 87' lang='lat' dir='ltr'><strong>sit</strong></span> <span class='ocrx_word' id='word_1_224' title='bbox 754 3017 822 3075; x_wconf 93' lang='lat' dir='ltr'><strong>et</strong></span> <span class='ocrx_word' id='word_1_225' title='bbox 873 3009 1122 3076; x_wconf 80' lang='lat' dir='ltr'><strong>frater?</strong></span> <span class='ocrx_word' id='word_1_226' title='bbox 1211 3008 1348 3075; x_wconf 81' lang='lat' dir='ltr'><strong>Sed</strong></span> <span class='ocrx_word' id='word_1_227' title='bbox 1398 3011 1705 3095; x_wconf 90' lang='lat' dir='ltr'><strong>quoniam</strong></span> <span class='ocrx_word' id='word_1_228' title='bbox 1757 3012 1828 3074; x_wconf 91' lang='lat' dir='ltr'><strong>in</strong></span> <span class='ocrx_word' id='word_1_229' title='bbox 1885 3011 2007 3077; x_wconf 91' lang='lat' dir='ltr'><strong>hoc</strong></span> <span class='ocrx_word' id='word_1_230' title='bbox 2063 3010 2259 3077; x_wconf 90' lang='lat' dir='ltr'><strong>cardo</strong></span> 
     </span>
     <span class='ocr_line' id='line_1_31' title="bbox 307 3095 2259 3180; baseline -0.001 -15"><span class='ocrx_word' id='word_1_231' title='bbox 307 3099 610 3178; x_wconf 80' lang='lat' dir='ltr'><strong>vertitur,</strong></span> <span class='ocrx_word' id='word_1_232' title='bbox 655 3095 993 3175; x_wconf 85' lang='lat' dir='ltr'><strong>ostendite,</strong></span> <span class='ocrx_word' id='word_1_233' title='bbox 1039 3099 1096 3163; x_wconf 91' lang='lat' dir='ltr'><strong>si</strong></span> <span class='ocrx_word' id='word_1_234' title='bbox 1138 3098 1427 3180; x_wconf 88' lang='lat' dir='ltr'><strong>potestis,</strong></span> <span class='ocrx_word' id='word_1_235' title='bbox 1470 3118 1578 3163; x_wconf 92' lang='lat' dir='ltr'><strong>me</strong></span> <span class='ocrx_word' id='word_1_236' title='bbox 1620 3097 1860 3164; x_wconf 77' lang='lat' dir='ltr'><strong>Buceri</strong></span> <span class='ocrx_word' id='word_1_237' title='bbox 1901 3099 2259 3164; x_wconf 90' lang='lat' dir='ltr'><strong>necessitu-</strong></span> 
     </span>
     <span class='ocr_line' id='line_1_32' title="bbox 310 3180 2257 3267; baseline 0.001 -18"><span class='ocrx_word' id='word_1_238' title='bbox 310 3184 463 3250; x_wconf 90' lang='lat' dir='ltr'><strong>dine</strong></span> <span class='ocrx_word' id='word_1_239' title='bbox 505 3181 809 3266; x_wconf 87' lang='lat' dir='ltr'><strong>impediri</strong></span> <span class='ocrx_word' id='word_1_240' title='bbox 855 3182 1204 3266; x_wconf 89' lang='lat' dir='ltr'><strong>quominus</strong></span> <span class='ocrx_word' id='word_1_241' title='bbox 1242 3180 1446 3250; x_wconf 91' lang='lat' dir='ltr'><strong>libere</strong></span> <span class='ocrx_word' id='word_1_242' title='bbox 1479 3181 1653 3267; x_wconf 92' lang='lat' dir='ltr'><strong>quod</strong></span> <span class='ocrx_word' id='word_1_243' title='bbox 1687 3184 1895 3249; x_wconf 88' lang='lat' dir='ltr'><strong>sentio</strong></span> <span class='ocrx_word' id='word_1_244' title='bbox 1931 3185 2257 3267; x_wconf 88' lang='lat' dir='ltr'><strong>profitear.</strong></span> 
     </span>
     <span class='ocr_line' id='line_1_33' title="bbox 308 3267 2256 3351; baseline 0.001 -18"><span class='ocrx_word' id='word_1_245' title='bbox 308 3268 557 3336; x_wconf 82' lang='lat' dir='ltr'><strong>Videor</strong></span> <span class='ocrx_word' id='word_1_246' title='bbox 596 3271 849 3350; x_wconf 82' lang='lat' dir='ltr'><strong>forsan3</strong></span> <span class='ocrx_word' id='word_1_247' title='bbox 895 3267 1013 3335; x_wconf 91' lang='lat' dir='ltr'><strong>sed</strong></span> <span class='ocrx_word' id='word_1_248' title='bbox 1055 3289 1196 3335; x_wconf 92' lang='lat' dir='ltr'><strong>rem</strong></span> <span class='ocrx_word' id='word_1_249' title='bbox 1235 3269 1449 3351; x_wconf 84' lang='lat' dir='ltr'><strong>ipsam</strong></span> <span class='ocrx_word' id='word_1_250' title='bbox 1492 3279 1729 3335; x_wconf 90' lang='lat' dir='ltr'><strong>testem</strong></span> <span class='ocrx_word' id='word_1_251' title='bbox 1772 3269 1954 3336; x_wconf 90' lang='lat' dir='ltr'><strong>facio.</strong></span> <span class='ocrx_word' id='word_1_252' title='bbox 2035 3268 2256 3351; x_wconf 78' lang='lat' dir='ltr'><strong>Quare</strong></span> 
     </span>
     <span class='ocr_line' id='line_1_34' title="bbox 310 3353 1973 3440; baseline 0.001 -22"><span class='ocrx_word' id='word_1_253' title='bbox 310 3374 396 3419; x_wconf 92' lang='lat' dir='ltr'><strong>ne</strong></span> <span class='ocrx_word' id='word_1_254' title='bbox 437 3364 573 3421; x_wconf 87' lang='lat' dir='ltr'><strong>tam</strong></span> <span class='ocrx_word' id='word_1_255' title='bbox 616 3353 956 3439; x_wconf 90' lang='lat' dir='ltr'><strong>suspiciosi</strong></span> <span class='ocrx_word' id='word_1_256' title='bbox 994 3355 1109 3421; x_wconf 92' lang='lat' dir='ltr'><strong>ubi</strong></span> <span class='ocrx_word' id='word_1_257' title='bbox 1151 3376 1284 3420; x_wconf 90' lang='lat' dir='ltr'><strong>non</strong></span> <span class='ocrx_word' id='word_1_258' title='bbox 1328 3361 1588 3439; x_wconf 89' lang='lat' dir='ltr'><strong>oportet</strong></span> <span class='ocrx_word' id='word_1_259' title='bbox 1629 3356 1850 3422; x_wconf 90' lang='lat' dir='ltr'><strong>simus.</strong></span> <span class='ocrx_word' id='word_1_260' title='bbox 1887 3356 1973 3440; x_wconf 76' lang='lat'><strong>¹⁵)</strong></span> 
     </span>
    </p>
   </div>
   <div class='ocr_carea' id='block_1_3' title="bbox 311 3496 714 3504">
    <p class='ocr_par' dir='ltr' id='par_1_4' title="bbox 311 3496 714 3504">
     <span class='ocr_line' id='line_1_35' title="bbox 311 3496 714 3504; baseline 0 2671"><span class='ocrx_word' id='word_1_261' title='bbox 311 3496 714 3504; x_wconf 95' lang='lat' dir='ltr'><strong> </strong></span> 
     </span>
    </p>
   </div>
   <div class='ocr_carea' id='block_1_4' title="bbox 304 3558 2257 4096">
    <p class='ocr_par' dir='ltr' id='par_1_5' title="bbox 304 3558 2257 3887">
     <span class='ocr_line' id='line_1_36' title="bbox 512 3558 2253 3642; baseline 0.002 -29"><span class='ocrx_word' id='word_1_262' title='bbox 512 3558 572 3628; x_wconf 84' lang='lat'><strong>8)</strong></span> <span class='ocrx_word' id='word_1_263' title='bbox 606 3561 676 3614; x_wconf 83' lang='lat' dir='ltr'><strong>ad</strong></span> <span class='ocrx_word' id='word_1_264' title='bbox 711 3576 872 3642; x_wconf 79' lang='lat' dir='ltr'><strong>quam</strong></span> <span class='ocrx_word' id='word_1_265' title='bbox 917 3576 1018 3614; x_wconf 89' lang='lat' dir='ltr'><strong>nos</strong></span> <span class='ocrx_word' id='word_1_266' title='bbox 1064 3565 1322 3614; x_wconf 80' lang='lat' dir='ltr'><strong>revocant</strong></span> <span class='ocrx_word' id='word_1_267' title='bbox 1368 3561 1460 3630; x_wconf 90' lang='lat' dir='ltr'><strong>qui</strong></span> <span class='ocrx_word' id='word_1_268' title='bbox 1507 3560 1588 3614; x_wconf 86' lang='lat' dir='ltr'><strong>ita</strong></span> <span class='ocrx_word' id='word_1_269' title='bbox 1634 3561 1948 3631; x_wconf 86' lang='lat' dir='ltr'><strong>loquuntur.</strong></span> <span class='ocrx_word' id='word_1_270' title='bbox 2017 3560 2086 3614; x_wconf 90' lang='lat' dir='ltr'><strong>H.</strong></span> <span class='ocrx_word' id='word_1_271' title='bbox 2124 3560 2253 3616; x_wconf 75' lang='lat' dir='ltr'><strong>Pri·</strong></span> 
     </span>
     <span class='ocr_line' id='line_1_37' title="bbox 304 3629 2255 3698; baseline 0.002 -16"><span class='ocrx_word' id='word_1_272' title='bbox 304 3643 451 3682; x_wconf 72' lang='lat' dir='ltr'><strong>nmm</strong></span> <span class='ocrx_word' id='word_1_273' title='bbox 484 3630 599 3684; x_wconf 74' lang='lat' dir='ltr'><strong>scil.</strong></span> <span class='ocrx_word' id='word_1_274' title='bbox 634 3636 957 3698; x_wconf 69' lang='lat' dir='ltr'><strong>empserat.-</strong></span> <span class='ocrx_word' id='word_1_275' title='bbox 992 3635 1216 3683; x_wconf 75' lang='lat' dir='ltr'><strong>revocst</strong></span> <span class='ocrx_word' id='word_1_276' title='bbox 1251 3630 1464 3698; x_wconf 67' lang='lat' dir='ltr'><strong>(nempe</strong></span> <span class='ocrx_word' id='word_1_277' title='bbox 1834 3630 1882 3697; x_wconf 88' lang='lat'><strong>),</strong></span> <span class='ocrx_word' id='word_1_278' title='bbox 1930 3629 2126 3685; x_wconf 71' lang='lat' dir='ltr'><strong>deinde</strong></span> <span class='ocrx_word' id='word_1_279' title='bbox 2158 3646 2255 3685; x_wconf 77' lang='lat' dir='ltr'><strong>no-</strong></span> 
     </span>
     <span class='ocr_line' id='line_1_38' title="bbox 307 3697 2257 3768; baseline 0.001 -16"><span class='ocrx_word' id='word_1_280' title='bbox 307 3699 453 3752; x_wconf 70' lang='lat' dir='ltr'><strong>mine</strong></span> <span class='ocrx_word' id='word_1_281' title='bbox 483 3699 546 3751; x_wconf 76' lang='lat' dir='ltr'><strong>in</strong></span> <span class='ocrx_word' id='word_1_282' title='bbox 573 3697 1022 3767; x_wconf 66' lang='lat' dir='ltr'><strong>praecedentibus</strong></span> <span class='ocrx_word' id='word_1_283' title='bbox 1054 3713 1350 3766; x_wconf 73' lang='lat' dir='ltr'><strong>suppresso</strong></span> <span class='ocrx_word' id='word_1_284' title='bbox 1392 3714 1459 3753; x_wconf 77' lang='lat' dir='ltr'><strong>ea</strong></span> <span class='ocrx_word' id='word_1_285' title='bbox 1486 3700 1675 3766; x_wconf 68' lang='lat' dir='ltr'><strong>posuit</strong></span> <span class='ocrx_word' id='word_1_286' title='bbox 1707 3715 1849 3768; x_wconf 70' lang='lat' dir='ltr'><strong>quae</strong></span> <span class='ocrx_word' id='word_1_287' title='bbox 1879 3714 1947 3754; x_wconf 70' lang='lat' dir='ltr'><strong>ex</strong></span> <span class='ocrx_word' id='word_1_288' title='bbox 1989 3698 2118 3754; x_wconf 78' lang='lat' dir='ltr'><strong>God.</strong></span> <span class='ocrx_word' id='word_1_289' title='bbox 2156 3697 2257 3754; x_wconf 98' lang='grc'><strong>106</strong></span> 
     </span>
     <span class='ocr_line' id='line_1_39' title="bbox 305 3765 2256 3887; baseline 0.001 -67"><span class='ocrx_word' id='word_1_290' title='bbox 305 3767 370 3820; x_wconf 70' lang='lat' dir='ltr'><strong>ia</strong></span> <span class='ocrx_word' id='word_1_291' title='bbox 404 3781 595 3887; x_wconf 64' lang='lat' dir='ltr'><strong>apogr.</strong></span> <span class='ocrx_word' id='word_1_292' title='bbox 628 3769 750 3822; x_wconf 74' lang='lat' dir='ltr'><strong>eius</strong></span> <span class='ocrx_word' id='word_1_293' title='bbox 782 3767 1135 3822; x_wconf 68' lang='lat' dir='ltr'><strong>transimmt.</strong></span> <span class='ocrx_word' id='word_1_294' title='bbox 1190 3766 1314 3821; x_wconf 80' lang='lat' dir='ltr'><strong>Noe</strong></span> <span class='ocrx_word' id='word_1_295' title='bbox 1342 3765 1632 3823; x_wconf 66' lang='grc' dir='ltr'><strong>Ίὶινίοεηεο</strong></span> <span class='ocrx_word' id='word_1_296' title='bbox 1665 3769 1940 3836; x_wconf 69' lang='grc' dir='ltr'><strong>οωαηρῑαν</strong></span> <span class='ocrx_word' id='word_1_297' title='bbox 1961 3770 2256 3839; x_wconf 66' lang='lat' dir='ltr'><strong>sequimur.</strong></span> 
     </span>
    </p>

    <p class='ocr_par' dir='ltr' id='par_1_6' title="bbox 307 3835 2255 4096">
     <span class='ocr_line' id='line_1_40' title="bbox 551 3835 2255 3905; baseline 0.001 -16"><span class='ocrx_word' id='word_1_298' title='bbox 551 3837 575 3901; x_wconf 88' lang='lat'>)</span> <span class='ocrx_word' id='word_1_299' title='bbox 605 3835 724 3890; x_wconf 74' lang='lat' dir='ltr'><strong>Hic</strong></span> <span class='ocrx_word' id='word_1_300' title='bbox 747 3837 992 3905; x_wconf 72' lang='lat' dir='ltr'><strong>primum</strong></span> <span class='ocrx_word' id='word_1_301' title='bbox 1024 3836 1320 3903; x_wconf 71' lang='lat' dir='ltr'><strong>scripserat</strong></span> <span class='ocrx_word' id='word_1_302' title='bbox 1333 3857 1348 3887; x_wconf 87' lang='lat'><strong>.-</strong></span> <span class='ocrx_word' id='word_1_303' title='bbox 1383 3836 1473 3889; x_wconf 87' lang='lat' dir='ltr'><strong>Me</strong></span> <span class='ocrx_word' id='word_1_304' title='bbox 1509 3853 1639 3889; x_wconf 85' lang='lat' dir='ltr'><strong>vero</strong></span> <span class='ocrx_word' id='word_1_305' title='bbox 1673 3836 1891 3905; x_wconf 83' lang='lat' dir='ltr'><strong>proprie</strong></span> <span class='ocrx_word' id='word_1_306' title='bbox 1927 3836 2255 3890; x_wconf 81' lang='lat' dir='ltr'><strong>Gualtherus</strong></span> 
     </span>
     <span class='ocr_line' id='line_1_41' title="bbox 307 3902 2250 3973; baseline 0.001 -16"><span class='ocrx_word' id='word_1_307' title='bbox 307 3902 633 3973; x_wconf 83' lang='lat' dir='ltr'><strong>perstringit</strong></span> <span class='ocrx_word' id='word_1_308' title='bbox 666 3921 830 3973; x_wconf 89' lang='lat' dir='ltr'><strong>quum</strong></span> <span class='ocrx_word' id='word_1_309' title='bbox 865 3905 1035 3958; x_wconf 89' lang='lat' dir='ltr'><strong>libros</strong></span> <span class='ocrx_word' id='word_1_310' title='bbox 1070 3903 1325 3958; x_wconf 80' lang='lat' dir='ltr'><strong>Geuevae</strong></span> <span class='ocrx_word' id='word_1_311' title='bbox 1347 3905 1535 3959; x_wconf 47' lang='lat' dir='ltr'><strong>*editos</strong></span> <span class='ocrx_word' id='word_1_312' title='bbox 1569 3905 1736 3958; x_wconf 88' lang='lat' dir='ltr'><strong>fuisse</strong></span> <span class='ocrx_word' id='word_1_313' title='bbox 1769 3914 2158 3960; x_wconf 89' lang='lat' dir='ltr'><strong>commemorat</strong></span> <span class='ocrx_word' id='word_1_314' title='bbox 2191 3907 2250 3958; x_wconf 88' lang='lat' dir='ltr'><strong>in</strong></span> 
     </span>
     <span class='ocr_line' id='line_1_42' title="bbox 310 3973 2252 4096; baseline 0.002 -71"><span class='ocrx_word' id='word_1_315' title='bbox 310 3973 506 4042; x_wconf 87' lang='lat' dir='ltr'><strong>quibus</strong></span> <span class='ocrx_word' id='word_1_316' title='bbox 543 4012 555 4024; x_wconf 92' lang='lat'><strong>.</strong></span> <span class='ocrx_word' id='word_1_317' title='bbox 594 4012 607 4025; x_wconf 96' lang='lat'><strong>.</strong></span> <span class='ocrx_word' id='word_1_318' title='bbox 646 4014 657 4025; x_wconf 93' lang='lat'><strong>.</strong></span> <span class='ocrx_word' id='word_1_319' title='bbox 806 3975 929 4029; x_wconf 75' lang='lat' dir='ltr'><strong>ibus</strong></span> <span class='ocrx_word' id='word_1_320' title='bbox 962 3973 1149 4028; x_wconf 69' lang='lat' dir='ltr'><strong>deletio</strong></span> <span class='ocrx_word' id='word_1_321' title='bbox 1169 3975 1580 4043; x_wconf 60' lang='lat' dir='ltr'><strong>suporsoffpsite</strong></span> <span class='ocrx_word' id='word_1_322' title='bbox 1613 3976 1857 4096; x_wconf 60' lang='grc' dir='ltr'><strong>Δωιῆρι·</strong></span> <span class='ocrx_word' id='word_1_323' title='bbox 1889 3975 2054 4027; x_wconf 85' lang='lat' dir='ltr'><strong>etiam</strong></span> <span class='ocrx_word' id='word_1_324' title='bbox 2090 3991 2252 4044; x_wconf 89' lang='lat' dir='ltr'><strong>prop-</strong></span> 
     </span>
    </p>
   </div>
   <div class='ocr_carea' id='block_1_5' title="bbox 306 4039 2252 4250">
    <p class='ocr_par' dir='ltr' id='par_1_7' title="bbox 306 4039 2252 4250">
     <span class='ocr_line' id='line_1_43' title="bbox 306 4039 2252 4111; baseline 0.002 -17"><span class='ocrx_word' id='word_1_325' title='bbox 306 4039 713 4110; x_wconf 73' lang='lat' dir='ltr'><strong>tereaquodli</strong></span> <span class='ocrx_word' id='word_1_326' title='bbox 917 4042 1663 4111; x_wconf 84' lang='lat' dir='ltr'><strong>edideriminquo.....</strong></span> <span class='ocrx_word' id='word_1_327' title='bbox 1796 4057 1848 4096; x_wconf 69' lang='lat' dir='ltr'><strong>ss</strong></span> <span class='ocrx_word' id='word_1_328' title='bbox 2124 4058 2252 4097; x_wconf 79' lang='lat' dir='ltr'><strong>can-</strong></span> 
     </span>
     <span class='ocr_line' id='line_1_44' title="bbox 307 4107 2251 4180; baseline -0.001 -14"><span class='ocrx_word' id='word_1_329' title='bbox 307 4107 512 4166; x_wconf 63' lang='lat' dir='ltr'><strong>conatis</strong></span> <span class='ocrx_word' id='word_1_330' title='bbox 683 4111 754 4165; x_wconf 76' lang='lat' dir='ltr'><strong>it:</strong></span> <span class='ocrx_word' id='word_1_331' title='bbox 800 4110 1134 4166; x_wconf 84' lang='lat' dir='ltr'><strong>Nominatim</strong></span> <span class='ocrx_word' id='word_1_332' title='bbox 1176 4116 1436 4166; x_wconf 85' lang='lat' dir='ltr'><strong>taxantur</strong></span> <span class='ocrx_word' id='word_1_333' title='bbox 1479 4111 1758 4180; x_wconf 83' lang='lat' dir='ltr'><strong>zuinglius</strong></span> <span class='ocrx_word' id='word_1_334' title='bbox 1811 4116 1868 4164; x_wconf 90' lang='lat' dir='ltr'><strong>et</strong></span> <span class='ocrx_word' id='word_1_335' title='bbox 1903 4111 2251 4180; x_wconf 79' lang='lat' dir='ltr'><strong>oecolampa-</strong></span> 
     </span>
     <span class='ocr_line' id='line_1_45' title="bbox 309 4177 2251 4250; baseline 0.002 -19"><span class='ocrx_word' id='word_1_336' title='bbox 309 4177 445 4232; x_wconf 84' lang='lat' dir='ltr'><strong>dius.</strong></span> <span class='ocrx_word' id='word_1_337' title='bbox 684 4184 833 4234; x_wconf 88' lang='lat' dir='ltr'><strong>certe</strong></span> <span class='ocrx_word' id='word_1_338' title='bbox 876 4198 1149 4250; x_wconf 83' lang='lat' dir='ltr'><strong>nunquam</strong></span> <span class='ocrx_word' id='word_1_339' title='bbox 1192 4180 1380 4246; x_wconf 88' lang='lat' dir='ltr'><strong>putavi</strong></span> <span class='ocrx_word' id='word_1_340' title='bbox 1424 4181 1482 4233; x_wconf 88' lang='lat' dir='ltr'><strong>id</strong></span> <span class='ocrx_word' id='word_1_341' title='bbox 1533 4179 1667 4232; x_wconf 88' lang='lat' dir='ltr'><strong>mihi</strong></span> <span class='ocrx_word' id='word_1_342' title='bbox 1712 4197 1746 4232; x_wconf 90' lang='lat' dir='ltr'><strong>a</strong></span> <span class='ocrx_word' id='word_1_343' title='bbox 1779 4181 1936 4233; x_wconf 78' lang='lat' dir='ltr'><strong>vobis</strong></span> <span class='ocrx_word' id='word_1_344' title='bbox 1985 4182 2072 4245; x_wconf 71' lang='lat' dir='ltr'><strong>(in</strong></span> <span class='ocrx_word' id='word_1_345' title='bbox 2105 4196 2251 4234; x_wconf 80' lang='lat' dir='ltr'><strong>mar·</strong></span> 
     </span>
    </p>
   </div>
   <div class='ocr_carea' id='block_1_6' title="bbox 305 4247 2251 4318">
    <p class='ocr_par' dir='ltr' id='par_1_8' title="bbox 305 4247 2251 4318">
     <span class='ocr_line' id='line_1_46' title="bbox 305 4247 2251 4318; baseline -0.001 -15"><span class='ocrx_word' id='word_1_346' title='bbox 305 4247 457 4316; x_wconf 66' lang='lat' dir='ltr'><strong>qim:</strong></span> <span class='ocrx_word' id='word_1_347' title='bbox 495 4247 563 4302; x_wconf 86' lang='lat' dir='ltr'><strong>ab</strong></span> <span class='ocrx_word' id='word_1_348' title='bbox 596 4263 784 4301; x_wconf 88' lang='lat' dir='ltr'><strong>eorum</strong></span> <span class='ocrx_word' id='word_1_349' title='bbox 817 4249 1098 4316; x_wconf 86' lang='lat' dir='ltr'><strong>studiosis)</strong></span> <span class='ocrx_word' id='word_1_350' title='bbox 1133 4250 1402 4304; x_wconf 85' lang='lat' dir='ltr'><strong>obiectum</strong></span> <span class='ocrx_word' id='word_1_351' title='bbox 1436 4249 1507 4303; x_wconf 89' lang='lat' dir='ltr'><strong>iri</strong></span> <span class='ocrx_word' id='word_1_352' title='bbox 1540 4266 1794 4318; x_wconf 90' lang='lat' dir='ltr'><strong>unquam.</strong></span> <span class='ocrx_word' id='word_1_353' title='bbox 1848 4249 1965 4303; x_wconf 88' lang='lat' dir='ltr'><strong>Illic</strong></span> <span class='ocrx_word' id='word_1_354' title='bbox 1999 4250 2069 4302; x_wconf 86' lang='lat' dir='ltr'><strong>de</strong></span> <span class='ocrx_word' id='word_1_355' title='bbox 2104 4255 2251 4303; x_wconf 87' lang='lat' dir='ltr'><strong>utro-</strong></span> 
     </span>
    </p>
   </div>
   <div class='ocr_carea' id='block_1_7' title="bbox 346 4315 2354 4387">
    <p class='ocr_par' dir='ltr' id='par_1_9' title="bbox 346 4315 2354 4387">
     <span class='ocr_line' id='line_1_47' title="bbox 346 4315 2354 4387; baseline 0.001 -18"><span class='ocrx_word' id='word_1_356' title='bbox 346 4332 416 4370; x_wconf 90' lang='lat' dir='ltr'><strong>ue</strong></span> <span class='ocrx_word' id='word_1_357' title='bbox 450 4315 645 4384; x_wconf 87' lang='lat' dir='ltr'><strong>loquor</strong></span> <span class='ocrx_word' id='word_1_358' title='bbox 678 4322 740 4370; x_wconf 91' lang='lat' dir='ltr'><strong>ut</strong></span> <span class='ocrx_word' id='word_1_359' title='bbox 772 4318 842 4371; x_wconf 89' lang='lat' dir='ltr'><strong>de</strong></span> <span class='ocrx_word' id='word_1_360' title='bbox 876 4319 1169 4387; x_wconf 78' lang='lat' dir='ltr'><strong>praeclaris</strong></span> <span class='ocrx_word' id='word_1_361' title='bbox 1219 4324 1276 4372; x_wconf 91' lang='lat' dir='ltr'><strong>et</strong></span> <span class='ocrx_word' id='word_1_362' title='bbox 1307 4317 1478 4371; x_wconf 85' lang='lat' dir='ltr'><strong>felicis</strong></span> <span class='ocrx_word' id='word_1_363' title='bbox 1512 4318 1805 4372; x_wconf 82' lang='lat' dir='ltr'><strong>memoriae</strong></span> <span class='ocrx_word' id='word_1_364' title='bbox 1841 4317 2045 4371; x_wconf 76' lang='lat' dir='ltr'><strong>Christi</strong></span> <span class='ocrx_word' id='word_1_365' title='bbox 2079 4319 2252 4372; x_wconf 85' lang='lat' dir='ltr'><strong>servis</strong></span> <span class='ocrx_word' id='word_1_366' title='bbox 2350 4323 2354 4328; x_wconf 79' lang='grc'><strong><em>’</em></strong></span> 
     </span>
    </p>
   </div>
   <div class='ocr_carea' id='block_1_8' title="bbox 307 4384 2252 5209">
    <p class='ocr_par' dir='ltr' id='par_1_10' title="bbox 307 4384 2252 5209">
     <span class='ocr_line' id='line_1_48' title="bbox 345 4384 2252 4458; baseline 0.002 -20"><span class='ocrx_word' id='word_1_367' title='bbox 345 4384 464 4438; x_wconf 86' lang='lat' dir='ltr'><strong>ecui</strong></span> <span class='ocrx_word' id='word_1_368' title='bbox 493 4425 507 4439; x_wconf 98' lang='lat'><strong>.</strong></span> <span class='ocrx_word' id='word_1_369' title='bbox 576 4385 861 4440; x_wconf 75' lang='lat' dir='ltr'><strong>Caeterum</strong></span> <span class='ocrx_word' id='word_1_370' title='bbox 908 4403 1017 4441; x_wconf 89' lang='lat' dir='ltr'><strong>nou</strong></span> <span class='ocrx_word' id='word_1_371' title='bbox 1061 4388 1216 4457; x_wconf 85' lang='lat' dir='ltr'><strong>potui</strong></span> <span class='ocrx_word' id='word_1_372' title='bbox 1229 4427 1243 4453; x_wconf 96' lang='lat'><strong>,</strong></span> <span class='ocrx_word' id='word_1_373' title='bbox 1287 4386 1394 4440; x_wconf 85' lang='lat' dir='ltr'><strong>nisi</strong></span> <span class='ocrx_word' id='word_1_374' title='bbox 1438 4387 1810 4456; x_wconf 86' lang='lat' dir='ltr'><strong>impudenter,</strong></span> <span class='ocrx_word' id='word_1_375' title='bbox 1857 4402 2058 4458; x_wconf 83' lang='lat' dir='ltr'><strong>negare</strong></span> <span class='ocrx_word' id='word_1_376' title='bbox 2106 4387 2252 4456; x_wconf 91' lang='lat' dir='ltr'><strong>quod</strong></span> 
     </span>
     <span class='ocr_line' id='line_1_49' title="bbox 307 4454 2251 4525; baseline 0.001 -17"><span class='ocrx_word' id='word_1_377' title='bbox 307 4454 558 4508; x_wconf 87' lang='lat' dir='ltr'><strong>omnibus</strong></span> <span class='ocrx_word' id='word_1_378' title='bbox 593 4459 782 4508; x_wconf 88' lang='lat' dir='ltr'><strong>notum</strong></span> <span class='ocrx_word' id='word_1_379' title='bbox 817 4461 952 4520; x_wconf 86' lang='lat' dir='ltr'><strong>erat,</strong></span> <span class='ocrx_word' id='word_1_380' title='bbox 999 4455 1128 4509; x_wconf 91' lang='lat' dir='ltr'><strong>dum</strong></span> <span class='ocrx_word' id='word_1_381' title='bbox 1174 4456 1244 4509; x_wconf 84' lang='lat' dir='ltr'><strong>ad</strong></span> <span class='ocrx_word' id='word_1_382' title='bbox 1278 4455 1671 4524; x_wconf 77' lang='lat' dir='ltr'><strong>coarguendam</strong></span> <span class='ocrx_word' id='word_1_383' title='bbox 1707 4455 2073 4509; x_wconf 81' lang='lat' dir='ltr'><strong>idololatriam</strong></span> <span class='ocrx_word' id='word_1_384' title='bbox 2110 4473 2251 4525; x_wconf 86' lang='lat' dir='ltr'><strong>quae</strong></span> 
     </span>
     <span class='ocr_line' id='line_1_50' title="bbox 309 4523 2249 4595; baseline 0.002 -20"><span class='ocrx_word' id='word_1_385' title='bbox 309 4523 615 4576; x_wconf 84' lang='lat' dir='ltr'><strong>invaluerat</strong></span> <span class='ocrx_word' id='word_1_386' title='bbox 657 4523 1087 4593; x_wconf 72' lang='lat' dir='ltr'><strong>refellendasque</strong></span> <span class='ocrx_word' id='word_1_387' title='bbox 1132 4540 1338 4578; x_wconf 86' lang='lat' dir='ltr'><strong>crassas</strong></span> <span class='ocrx_word' id='word_1_388' title='bbox 1383 4525 1800 4595; x_wconf 83' lang='lat' dir='ltr'><strong>superstitiones</strong></span> <span class='ocrx_word' id='word_1_389' title='bbox 1844 4525 1949 4578; x_wconf 89' lang='lat' dir='ltr'><strong>toti</strong></span> <span class='ocrx_word' id='word_1_390' title='bbox 1996 4532 2126 4577; x_wconf 89' lang='lat' dir='ltr'><strong>sunt</strong></span> <span class='ocrx_word' id='word_1_391' title='bbox 2169 4526 2249 4578; x_wconf 89' lang='lat' dir='ltr'><strong>in·</strong></span> 
     </span>
     <span class='ocr_line' id='line_1_51' title="bbox 312 4592 2250 4663; baseline 0.002 -20"><span class='ocrx_word' id='word_1_392' title='bbox 312 4592 467 4658; x_wconf 90' lang='lat' dir='ltr'><strong>tenti,</strong></span> <span class='ocrx_word' id='word_1_393' title='bbox 498 4592 676 4645; x_wconf 89' lang='lat' dir='ltr'><strong>minus</strong></span> <span class='ocrx_word' id='word_1_394' title='bbox 710 4593 780 4646; x_wconf 84' lang='lat' dir='ltr'><strong>ad</strong></span> <span class='ocrx_word' id='word_1_395' title='bbox 814 4594 1035 4661; x_wconf 89' lang='lat' dir='ltr'><strong>plenum</strong></span> <span class='ocrx_word' id='word_1_396' title='bbox 1068 4594 1137 4647; x_wconf 90' lang='lat' dir='ltr'><strong>de</strong></span> <span class='ocrx_word' id='word_1_397' title='bbox 1172 4595 1544 4648; x_wconf 87' lang='lat' dir='ltr'><strong>commuuione</strong></span> <span class='ocrx_word' id='word_1_398' title='bbox 1587 4610 1748 4663; x_wconf 83' lang='lat' dir='ltr'><strong>quam</strong></span> <span class='ocrx_word' id='word_1_399' title='bbox 1783 4595 1941 4648; x_wconf 87' lang='lat' dir='ltr'><strong>nobis</strong></span> <span class='ocrx_word' id='word_1_400' title='bbox 1976 4609 2155 4647; x_wconf 90' lang='lat' dir='ltr'><strong>secum</strong></span> <span class='ocrx_word' id='word_1_401' title='bbox 2192 4594 2250 4646; x_wconf 88' lang='lat' dir='ltr'><strong>in</strong></span> 
     </span>
     <span class='ocr_line' id='line_1_52' title="bbox 313 4660 2251 4744; baseline 0.003 -32"><span class='ocrx_word' id='word_1_402' title='bbox 313 4674 477 4712; x_wconf 86' lang='lat' dir='ltr'><strong>coena</strong></span> <span class='ocrx_word' id='word_1_403' title='bbox 517 4660 764 4715; x_wconf 86' lang='lat' dir='ltr'><strong>Christus</strong></span> <span class='ocrx_word' id='word_1_404' title='bbox 810 4667 1056 4744; x_wconf 82' lang='lat' dir='ltr'><strong>praestat</strong></span> <span class='ocrx_word' id='word_1_405' title='bbox 1099 4661 1433 4717; x_wconf 86' lang='lat' dir='ltr'><strong>disseruisse.</strong></span> <span class='ocrx_word' id='word_1_406' title='bbox 1519 4662 1722 4717; x_wconf 71' lang='lat' dir='ltr'><strong>onmia</strong></span> <span class='ocrx_word' id='word_1_407' title='bbox 1762 4662 1894 4717; x_wconf 75' lang='lat' dir='ltr'><strong>haec</strong></span> <span class='ocrx_word' id='word_1_408' title='bbox 1938 4663 2140 4717; x_wconf 60' lang='lat' dir='ltr'><strong>absum</strong></span> <span class='ocrx_word' id='word_1_409' title='bbox 2181 4663 2251 4718; x_wconf 79' lang='lat' dir='ltr'><strong>ab</strong></span> 
     </span>
     <span class='ocr_line' id='line_1_53' title="bbox 309 4728 2252 4854; baseline 0.002 -71"><span class='ocrx_word' id='word_1_410' title='bbox 309 4735 505 4852; x_wconf 53' lang='lat' dir='ltr'><strong>rwabit</strong></span> <span class='ocrx_word' id='word_1_411' title='bbox 504 4745 671 4852; x_wconf 58' lang='lat' dir='ltr'><strong>am</strong></span> <span class='ocrx_word' id='word_1_412' title='bbox 694 4728 991 4854; x_wconf 59' lang='lat' dir='ltr'><strong>imensaN</strong></span> <span class='ocrx_word' id='word_1_413' title='bbox 932 4728 1347 4852; x_wconf 41' lang='lat' dir='ltr'><strong>misam·</strong></span> <span class='ocrx_word' id='word_1_414' title='bbox 1382 4732 1578 4787; x_wconf 72' lang='lat' dir='ltr'><strong>ham</strong></span> <span class='ocrx_word' id='word_1_415' title='bbox 1611 4732 1952 4786; x_wconf 58' lang='lat' dir='ltr'><strong>emendatum</strong></span> <span class='ocrx_word' id='word_1_416' title='bbox 1951 4747 2045 4786; x_wconf 69' lang='lat' dir='ltr'><strong>um</strong></span> <span class='ocrx_word' id='word_1_417' title='bbox 2079 4730 2252 4786; x_wconf 77' lang='lat' dir='ltr'><strong>decla·</strong></span> 
     </span>
     <span class='ocr_line' id='line_1_54' title="bbox 480 4813 2245 4938; baseline 0.002 -21"><span class='ocrx_word' id='word_1_418' title='bbox 480 4865 574 4933; x_wconf 93' lang='grc'>10)</span> <span class='ocrx_word' id='word_1_419' title='bbox 611 4813 766 4921; x_wconf 55' lang='grc' dir='ltr'><strong>Ρηξξ</strong></span> <span class='ocrx_word' id='word_1_420' title='bbox 788 4839 1112 4936; x_wconf 82' lang='lat' dir='ltr'><strong>quibusdam</strong></span> <span class='ocrx_word' id='word_1_421' title='bbox 1131 4868 1288 4922; x_wconf 88' lang='lat' dir='ltr'><strong>bouis</strong></span> <span class='ocrx_word' id='word_1_422' title='bbox 1306 4867 1440 4921; x_wconf 90' lang='lat' dir='ltr'><strong>viris</strong></span> <span class='ocrx_word' id='word_1_423' title='bbox 1457 4869 1697 4937; x_wconf 69' lang='lat' dir='ltr'><strong>prinum</strong></span> <span class='ocrx_word' id='word_1_424' title='bbox 1718 4868 2013 4938; x_wconf 69' lang='lat' dir='ltr'><strong>scripserat</strong></span> <span class='ocrx_word' id='word_1_425' title='bbox 2025 4887 2043 4922; x_wconf 91' lang='lat'><strong>.·</strong></span> <span class='ocrx_word' id='word_1_426' title='bbox 2077 4869 2245 4924; x_wconf 88' lang='lat' dir='ltr'><strong>vobis.</strong></span> 
     </span>
     <span class='ocr_line' id='line_1_55' title="bbox 485 4934 2247 5007; baseline 0.003 -22"><span class='ocrx_word' id='word_1_427' title='bbox 485 4934 576 4998; x_wconf 89' lang='grc'>11)</span> <span class='ocrx_word' id='word_1_428' title='bbox 611 4937 691 4989; x_wconf 81' lang='lat' dir='ltr'><strong>At</strong></span> <span class='ocrx_word' id='word_1_429' title='bbox 724 4952 824 4989; x_wconf 88' lang='lat' dir='ltr'><strong>nos</strong></span> <span class='ocrx_word' id='word_1_430' title='bbox 857 4937 998 4991; x_wconf 85' lang='lat' dir='ltr'><strong>forte</strong></span> <span class='ocrx_word' id='word_1_431' title='bbox 1030 4941 1225 5007; x_wconf 84' lang='lat' dir='ltr'><strong>gravat</strong></span> <span class='ocrx_word' id='word_1_432' title='bbox 1258 4938 1669 4992; x_wconf 84' lang='lat' dir='ltr'><strong>communicatio</strong></span> <span class='ocrx_word' id='word_1_433' title='bbox 1697 4936 2070 4992; x_wconf 78' lang='lat' dir='ltr'><strong>00d.106.111</strong></span> <span class='ocrx_word' id='word_1_434' title='bbox 2101 4937 2161 4992; x_wconf 89' lang='lat' dir='ltr'><strong>B.</strong></span> <span class='ocrx_word' id='word_1_435' title='bbox 2181 4937 2247 4992; x_wconf 82' lang='lat' dir='ltr'><strong>H.</strong></span> 
     </span>
     <span class='ocr_line' id='line_1_56' title="bbox 479 5001 1686 5075; baseline 0.002 -20"><span class='ocrx_word' id='word_1_436' title='bbox 479 5001 569 5070; x_wconf 81' lang='lat'><strong>12)</strong></span> <span class='ocrx_word' id='word_1_437' title='bbox 607 5002 698 5056; x_wconf 84' lang='lat' dir='ltr'><strong>De</strong></span> <span class='ocrx_word' id='word_1_438' title='bbox 729 5004 830 5060; x_wconf 73' lang='lat' dir='ltr'><strong>hoc</strong></span> <span class='ocrx_word' id='word_1_439' title='bbox 861 5009 1077 5075; x_wconf 60' lang='lat' dir='ltr'><strong>neuntio</strong></span> <span class='ocrx_word' id='word_1_440' title='bbox 1110 5022 1159 5060; x_wconf 82' lang='lat' dir='ltr'><strong>v.</strong></span> <span class='ocrx_word' id='word_1_441' title='bbox 1189 5004 1269 5062; x_wconf 79' lang='lat' dir='ltr'><strong>N.</strong></span> <span class='ocrx_word' id='word_1_442' title='bbox 1300 5003 1423 5059; x_wconf 79' lang='lat'><strong>836.</strong></span> <span class='ocrx_word' id='word_1_443' title='bbox 1457 5005 1562 5060; x_wconf 90' lang='grc'><strong>860</strong></span> <span class='ocrx_word' id='word_1_444' title='bbox 1594 5012 1686 5062; x_wconf 79' lang='lat' dir='ltr'><strong>etc.</strong></span> 
     </span>
     <span class='ocr_line' id='line_1_57' title="bbox 480 5071 1461 5138; baseline 0.007 -14"><span class='ocrx_word' id='word_1_445' title='bbox 480 5071 573 5138; x_wconf 84' lang='grc'>13)</span> <span class='ocrx_word' id='word_1_446' title='bbox 607 5073 914 5128; x_wconf 84' lang='lat' dir='ltr'><strong>scindamus</strong></span> <span class='ocrx_word' id='word_1_447' title='bbox 947 5075 1198 5129; x_wconf 84' lang='lat' dir='ltr'><strong>ecclesias</strong></span> <span class='ocrx_word' id='word_1_448' title='bbox 1234 5072 1336 5127; x_wconf 88' lang='grc'><strong>106</strong></span> <span class='ocrx_word' id='word_1_449' title='bbox 1366 5080 1461 5131; x_wconf 68' lang='lat' dir='ltr'><strong>dc.</strong></span> 
     </span>
     <span class='ocr_line' id='line_1_58' title="bbox 479 5139 1169 5209; baseline 0.009 -17"><span class='ocrx_word' id='word_1_450' title='bbox 479 5139 570 5209; x_wconf 69' lang='lat'><strong>14)</strong></span> <span class='ocrx_word' id='word_1_451' title='bbox 603 5140 822 5197; x_wconf 88' lang='lat' dir='ltr'><strong>homine</strong></span> <span class='ocrx_word' id='word_1_452' title='bbox 854 5159 956 5198; x_wconf 72' lang='lat' dir='ltr'><strong>ons.</strong></span> <span class='ocrx_word' id='word_1_453' title='bbox 986 5142 1169 5198; x_wconf 65' lang='lat' dir='ltr'><strong>iidem.</strong></span> 
     </span>
    </p>
   </div>
   <div class='ocr_carea' id='block_1_9' title="bbox 481 5208 2443 5282">
    <p class='ocr_par' dir='ltr' id='par_1_11' title="bbox 481 5208 2443 5282">
     <span class='ocr_line' id='line_1_59' title="bbox 481 5208 2443 5282; baseline 0.001 -20"><span class='ocrx_word' id='word_1_454' title='bbox 481 5208 576 5273; x_wconf 83' lang='lat'><strong>15)</strong></span> <span class='ocrx_word' id='word_1_455' title='bbox 614 5211 768 5275; x_wconf 86' lang='lat' dir='ltr'><strong>Quod</strong></span> <span class='ocrx_word' id='word_1_456' title='bbox 800 5213 848 5265; x_wconf 89' lang='lat' dir='ltr'><strong>si</strong></span> <span class='ocrx_word' id='word_1_457' title='bbox 883 5213 1095 5282; x_wconf 78' lang='lat' dir='ltr'><strong>vigeret</strong></span> <span class='ocrx_word' id='word_1_458' title='bbox 1138 5211 1283 5280; x_wconf 85' lang='lat' dir='ltr'><strong>apud</strong></span> <span class='ocrx_word' id='word_1_459' title='bbox 1327 5228 1427 5266; x_wconf 88' lang='lat' dir='ltr'><strong>uos</strong></span> <span class='ocrx_word' id='word_1_460' title='bbox 1474 5229 1612 5282; x_wconf 79' lang='lat' dir='ltr'><strong>quae</strong></span> <span class='ocrx_word' id='word_1_461' title='bbox 1655 5213 1823 5267; x_wconf 89' lang='lat' dir='ltr'><strong>debet</strong></span> <span class='ocrx_word' id='word_1_462' title='bbox 1864 5211 2088 5276; x_wconf 81' lang='lat' dir='ltr'><strong>caritas,</strong></span> <span class='ocrx_word' id='word_1_463' title='bbox 2136 5227 2246 5264; x_wconf 88' lang='lat' dir='ltr'><strong>nou</strong></span> <span class='ocrx_word' id='word_1_464' title='bbox 2348 5215 2443 5264; x_wconf 75' lang='lat' dir='ltr'><strong>tur</strong></span> 
     </span>
    </p>
   </div>
   <div class='ocr_carea' id='block_1_10' title="bbox 307 5280 2244 5419">
    <p class='ocr_par' dir='ltr' id='par_1_12' title="bbox 307 5280 2244 5419">
     <span class='ocr_line' id='line_1_60' title="bbox 309 5280 2244 5350; baseline 0.001 -17"><span class='ocrx_word' id='word_1_465' title='bbox 309 5287 419 5333; x_wconf 75' lang='lat' dir='ltr'><strong>tam</strong></span> <span class='ocrx_word' id='word_1_466' title='bbox 457 5280 756 5348; x_wconf 84' lang='lat' dir='ltr'><strong>suspiciosi,</strong></span> <span class='ocrx_word' id='word_1_467' title='bbox 790 5282 884 5335; x_wconf 88' lang='lat' dir='ltr'><strong>ubi</strong></span> <span class='ocrx_word' id='word_1_468' title='bbox 918 5297 1027 5336; x_wconf 87' lang='lat' dir='ltr'><strong>non</strong></span> <span class='ocrx_word' id='word_1_469' title='bbox 1073 5286 1319 5350; x_wconf 86' lang='lat' dir='ltr'><strong>oportet,</strong></span> <span class='ocrx_word' id='word_1_470' title='bbox 1366 5295 1606 5335; x_wconf 79' lang='lat' dir='ltr'><strong>essemus</strong></span> <span class='ocrx_word' id='word_1_471' title='bbox 1641 5280 1743 5335; x_wconf 91' lang='grc'><strong>106</strong></span> <span class='ocrx_word' id='word_1_472' title='bbox 1776 5287 1872 5337; x_wconf 79' lang='lat' dir='ltr'><strong>etc.</strong></span> <span class='ocrx_word' id='word_1_473' title='bbox 1944 5280 2129 5335; x_wconf 69' lang='lat' dir='ltr'><strong>Locus</strong></span> <span class='ocrx_word' id='word_1_474' title='bbox 2164 5286 2244 5335; x_wconf 75' lang='lat' dir='ltr'><strong>ta·</strong></span> 
     </span>
     <span class='ocr_line' id='line_1_61' title="bbox 307 5350 1415 5419; baseline -0.002 -15"><span class='ocrx_word' id='word_1_475' title='bbox 307 5366 427 5404; x_wconf 71' lang='lat' dir='ltr'><strong>men</strong></span> <span class='ocrx_word' id='word_1_476' title='bbox 460 5351 521 5402; x_wconf 74' lang='lat' dir='ltr'><strong>in</strong></span> <span class='ocrx_word' id='word_1_477' title='bbox 556 5350 895 5419; x_wconf 69' lang='lat' dir='ltr'><strong>apoyraphaezs</strong></span> <span class='ocrx_word' id='word_1_478' title='bbox 923 5351 1082 5406; x_wconf 77' lang='lat' dir='ltr'><strong>varis</strong></span> <span class='ocrx_word' id='word_1_479' title='bbox 1110 5355 1415 5418; x_wconf 60' lang='lat' dir='ltr'><strong>corruptum.</strong></span> 
     </span>
    </p>
   </div>
   <div class='ocr_carea' id='block_1_11' title="bbox 2117 422 2507 489">
    <p class='ocr_par' dir='ltr' id='par_1_13' title="bbox 2117 422 2507 489">
     <span class='ocr_line' id='line_1_62' title="bbox 2117 422 2507 489; baseline 0.005 -2"><span class='ocrx_word' id='word_1_480' title='bbox 2117 427 2278 488; x_wconf 82' lang='lat'>1548</span> <span class='ocrx_word' id='word_1_481' title='bbox 2320 422 2507 489; x_wconf 75' lang='lat' dir='ltr'><strong>I‘UN.</strong></span> 
     </span>
    </p>
   </div>
   <div class='ocr_carea' id='block_1_12' title="bbox 2299 614 2334 5382">
    <p class='ocr_par' dir='ltr' id='par_1_14' title="bbox 2299 614 2334 5382">
     <span class='ocr_line' id='line_1_63' title="bbox 2299 614 2334 5382; baseline 0 0"><span class='ocrx_word' id='word_1_482' title='bbox 2299 614 2334 5382; x_wconf 95' lang='lat' dir='ltr'><strong> </strong></span> 
     </span>
    </p>
   </div>
   <div class='ocr_carea' id='block_1_13' title="bbox 2361 429 4322 3266">
    <p class='ocr_par' dir='ltr' id='par_1_15' title="bbox 2361 429 4322 3266">
     <span class='ocr_line' id='line_1_64' title="bbox 4195 429 4321 492; baseline 0.032 -4"><span class='ocrx_word' id='word_1_483' title='bbox 4195 429 4321 492; x_wconf 81' lang='lat'><strong>730</strong></span> 
     </span>
     <span class='ocr_line' id='line_1_65' title="bbox 2548 609 4322 696; baseline 0.003 -20"><span class='ocrx_word' id='word_1_484' title='bbox 2548 609 2895 677; x_wconf 79' lang='lat' dir='ltr'><strong>Caeterum</strong></span> <span class='ocrx_word' id='word_1_485' title='bbox 2918 611 3344 678; x_wconf 87' lang='lat' dir='ltr'><strong>Lausannam</strong></span> <span class='ocrx_word' id='word_1_486' title='bbox 3377 633 3577 696; x_wconf 91' lang='lat' dir='ltr'><strong>quum</strong></span> <span class='ocrx_word' id='word_1_487' title='bbox 3601 614 3948 696; x_wconf 83' lang='lat' dir='ltr'><strong>venissem,</strong></span> <span class='ocrx_word' id='word_1_488' title='bbox 3976 614 4322 681; x_wconf 90' lang='lat' dir='ltr'><strong>consilium</strong></span> 
     </span>
     <span class='ocr_line' id='line_1_66' title="bbox 2374 695 4320 781; baseline 0.002 -20"><span class='ocrx_word' id='word_1_489' title='bbox 2374 695 2524 761; x_wconf 91' lang='lat' dir='ltr'><strong>dedi</strong></span> <span class='ocrx_word' id='word_1_490' title='bbox 2559 696 2871 762; x_wconf 86' lang='lat' dir='ltr'><strong>fratribus</strong></span> <span class='ocrx_word' id='word_1_491' title='bbox 2904 705 2980 762; x_wconf 89' lang='lat' dir='ltr'><strong>ut</strong></span> <span class='ocrx_word' id='word_1_492' title='bbox 3014 697 3222 780; x_wconf 92' lang='lat' dir='ltr'><strong>primo</strong></span> <span class='ocrx_word' id='word_1_493' title='bbox 3256 719 3515 781; x_wconf 91' lang='lat' dir='ltr'><strong>quoque</strong></span> <span class='ocrx_word' id='word_1_494' title='bbox 3549 710 3841 781; x_wconf 85' lang='lat' dir='ltr'><strong>tempore</strong></span> <span class='ocrx_word' id='word_1_495' title='bbox 3877 697 3959 763; x_wconf 83' lang='lat' dir='ltr'><strong>ad</strong></span> <span class='ocrx_word' id='word_1_496' title='bbox 3986 698 4320 765; x_wconf 68' lang='lat' dir='ltr'><strong>Hellen-um</strong></span> 
     </span>
     <span class='ocr_line' id='line_1_67' title="bbox 2373 783 4319 867; baseline 0.003 -21"><span class='ocrx_word' id='word_1_497' title='bbox 2373 783 2745 848; x_wconf 90' lang='lat' dir='ltr'><strong>mitterent:</strong></span> <span class='ocrx_word' id='word_1_498' title='bbox 2822 802 2931 848; x_wconf 93' lang='lat' dir='ltr'><strong>me</strong></span> <span class='ocrx_word' id='word_1_499' title='bbox 2990 785 3165 848; x_wconf 89' lang='lat' dir='ltr'><strong>enim</strong></span> <span class='ocrx_word' id='word_1_500' title='bbox 3233 804 3494 867; x_wconf 89' lang='lat' dir='ltr'><strong>sperare</strong></span> <span class='ocrx_word' id='word_1_501' title='bbox 3556 805 3763 867; x_wconf 89' lang='lat' dir='ltr'><strong>aequa</strong></span> <span class='ocrx_word' id='word_1_502' title='bbox 3825 787 4045 850; x_wconf 89' lang='lat' dir='ltr'><strong>omnia</strong></span> <span class='ocrx_word' id='word_1_503' title='bbox 4097 784 4177 849; x_wconf 90' lang='lat' dir='ltr'><strong>ab</strong></span> <span class='ocrx_word' id='word_1_504' title='bbox 4243 806 4319 851; x_wconf 91' lang='lat' dir='ltr'><strong>eo</strong></span> 
     </span>
     <span class='ocr_line' id='line_1_68' title="bbox 2374 867 4319 953; baseline 0.004 -23"><span class='ocrx_word' id='word_1_505' title='bbox 2374 869 2855 949; x_wconf 89' lang='lat' dir='ltr'><strong>impetraturos.</strong></span> <span class='ocrx_word' id='word_1_506' title='bbox 2928 869 3018 932; x_wconf 84' lang='lat' dir='ltr'><strong>Et</strong></span> <span class='ocrx_word' id='word_1_507' title='bbox 3042 867 3344 935; x_wconf 69' lang='lat' dir='ltr'><strong>Halteras</strong></span> <span class='ocrx_word' id='word_1_508' title='bbox 3374 868 3635 953; x_wconf 89' lang='lat' dir='ltr'><strong>quidem</strong></span> <span class='ocrx_word' id='word_1_509' title='bbox 3675 891 3857 953; x_wconf 88' lang='lat' dir='ltr'><strong>spem</strong></span> <span class='ocrx_word' id='word_1_510' title='bbox 3892 890 3933 935; x_wconf 85' lang='lat' dir='ltr'><strong>a</strong></span> <span class='ocrx_word' id='word_1_511' title='bbox 3957 892 4063 936; x_wconf 91' lang='lat' dir='ltr'><strong>me</strong></span> <span class='ocrx_word' id='word_1_512' title='bbox 4098 871 4319 937; x_wconf 85' lang='lat' dir='ltr'><strong>datam</strong></span> 
     </span>
     <span class='ocr_line' id='line_1_69' title="bbox 2373 953 4321 1039; baseline 0.003 -23"><span class='ocrx_word' id='word_1_513' title='bbox 2373 972 2509 1019; x_wconf 91' lang='lat' dir='ltr'><strong>non</strong></span> <span class='ocrx_word' id='word_1_514' title='bbox 2542 953 2787 1019; x_wconf 85' lang='lat' dir='ltr'><strong>fefellit.</strong></span> <span class='ocrx_word' id='word_1_515' title='bbox 2879 953 3143 1020; x_wconf 79' lang='lat' dir='ltr'><strong>lodocus</strong></span> <span class='ocrx_word' id='word_1_516' title='bbox 3185 963 3407 1021; x_wconf 89' lang='lat' dir='ltr'><strong>autem</strong></span> <span class='ocrx_word' id='word_1_517' title='bbox 3441 964 3508 1020; x_wconf 93' lang='lat' dir='ltr'><strong>et</strong></span> <span class='ocrx_word' id='word_1_518' title='bbox 3540 953 3876 1023; x_wconf 78' lang='lat' dir='ltr'><strong>Ebrardus</strong></span> <span class='ocrx_word' id='word_1_519' title='bbox 3916 957 4132 1023; x_wconf 86' lang='lat' dir='ltr'><strong>nescio</strong></span> <span class='ocrx_word' id='word_1_520' title='bbox 4174 958 4321 1039; x_wconf 90' lang='lat' dir='ltr'><strong>quis</strong></span> 
     </span>
     <span class='ocr_line' id='line_1_70' title="bbox 2374 1040 4319 1124; baseline 0.002 -21"><span class='ocrx_word' id='word_1_521' title='bbox 2374 1040 2718 1123; x_wconf 86' lang='lat' dir='ltr'><strong>gigantum</strong></span> <span class='ocrx_word' id='word_1_522' title='bbox 2775 1040 2978 1105; x_wconf 85' lang='lat' dir='ltr'><strong>frater</strong></span> <span class='ocrx_word' id='word_1_523' title='bbox 3031 1040 3191 1104; x_wconf 91' lang='lat' dir='ltr'><strong>adeo</strong></span> <span class='ocrx_word' id='word_1_524' title='bbox 3250 1042 3361 1124; x_wconf 92' lang='lat' dir='ltr'><strong>qui</strong></span> <span class='ocrx_word' id='word_1_525' title='bbox 3404 1042 3587 1108; x_wconf 90' lang='lat' dir='ltr'><strong>missi</strong></span> <span class='ocrx_word' id='word_1_526' title='bbox 3633 1052 3822 1117; x_wconf 77' lang='lat' dir='ltr'><strong>erant</strong></span> <span class='ocrx_word' id='word_1_527' title='bbox 3865 1044 4171 1109; x_wconf 89' lang='lat' dir='ltr'><strong>atrociter</strong></span> <span class='ocrx_word' id='word_1_528' title='bbox 4213 1043 4319 1106; x_wconf 91' lang='lat' dir='ltr'><strong>in-</strong></span> 
     </span>
     <span class='ocr_line' id='line_1_71' title="bbox 2374 1127 4318 1210; baseline 0.001 -19"><span class='ocrx_word' id='word_1_529' title='bbox 2374 1127 2606 1191; x_wconf 88' lang='lat' dir='ltr'><strong>sectati</strong></span> <span class='ocrx_word' id='word_1_530' title='bbox 2665 1134 2851 1202; x_wconf 90' lang='lat' dir='ltr'><strong>sunt,</strong></span> <span class='ocrx_word' id='word_1_531' title='bbox 2908 1135 2983 1190; x_wconf 91' lang='lat' dir='ltr'><strong>ut</strong></span> <span class='ocrx_word' id='word_1_532' title='bbox 3027 1146 3181 1190; x_wconf 91' lang='lat' dir='ltr'><strong>mox</strong></span> <span class='ocrx_word' id='word_1_533' title='bbox 3225 1148 3295 1192; x_wconf 92' lang='lat' dir='ltr'><strong>se</strong></span> <span class='ocrx_word' id='word_1_534' title='bbox 3337 1130 3623 1210; x_wconf 90' lang='lat' dir='ltr'><strong>recipere</strong></span> <span class='ocrx_word' id='word_1_535' title='bbox 3667 1129 3872 1194; x_wconf 89' lang='lat' dir='ltr'><strong>coacti</strong></span> <span class='ocrx_word' id='word_1_536' title='bbox 3936 1129 4198 1192; x_wconf 85' lang='lat' dir='ltr'><strong>fuerint.</strong></span> <span class='ocrx_word' id='word_1_537' title='bbox 4236 1132 4318 1204; x_wconf 79' lang='lat'><strong>¹⁶)</strong></span> 
     </span>
     <span class='ocr_line' id='line_1_72' title="bbox 2372 1209 4320 1297; baseline 0.002 -23"><span class='ocrx_word' id='word_1_538' title='bbox 2372 1209 2562 1276; x_wconf 86' lang='lat' dir='ltr'><strong>Haec</strong></span> <span class='ocrx_word' id='word_1_539' title='bbox 2621 1219 2840 1277; x_wconf 89' lang='lat' dir='ltr'><strong>tantae</strong></span> <span class='ocrx_word' id='word_1_540' title='bbox 2896 1210 3272 1276; x_wconf 84' lang='lat' dir='ltr'><strong>iracundiae</strong></span> <span class='ocrx_word' id='word_1_541' title='bbox 3325 1233 3523 1279; x_wconf 92' lang='lat' dir='ltr'><strong>causa</strong></span> <span class='ocrx_word' id='word_1_542' title='bbox 3580 1220 3722 1278; x_wconf 88' lang='lat' dir='ltr'><strong>erat</strong></span> <span class='ocrx_word' id='word_1_543' title='bbox 3778 1213 3950 1297; x_wconf 92' lang='lat' dir='ltr'><strong>quod</strong></span> <span class='ocrx_word' id='word_1_544' title='bbox 3994 1214 4320 1297; x_wconf 76' lang='lat' dir='ltr'><strong>&#39;Figuram</strong></span> 
     </span>
     <span class='ocr_line' id='line_1_73' title="bbox 2372 1294 4319 1381; baseline 0.002 -21"><span class='ocrx_word' id='word_1_545' title='bbox 2372 1297 2699 1378; x_wconf 87' lang='lat' dir='ltr'><strong>profectus</strong></span> <span class='ocrx_word' id='word_1_546' title='bbox 2742 1316 2970 1362; x_wconf 86' lang='lat' dir='ltr'><strong>essem.</strong></span> <span class='ocrx_word' id='word_1_547' title='bbox 3044 1294 3254 1377; x_wconf 77' lang='lat' dir='ltr'><strong>Quasi</strong></span> <span class='ocrx_word' id='word_1_548' title='bbox 3296 1318 3456 1362; x_wconf 92' lang='lat' dir='ltr'><strong>vero</strong></span> <span class='ocrx_word' id='word_1_549' title='bbox 3496 1298 3675 1381; x_wconf 23' lang='lat' dir='ltr'><strong>mihi,</strong></span> <span class='ocrx_word' id='word_1_550' title='bbox 3706 1321 3838 1365; x_wconf 92' lang='lat' dir='ltr'><strong>non</strong></span> <span class='ocrx_word' id='word_1_551' title='bbox 3881 1299 4140 1366; x_wconf 88' lang='lat' dir='ltr'><strong>licuerit</strong></span> <span class='ocrx_word' id='word_1_552' title='bbox 4181 1308 4319 1364; x_wconf 89' lang='lat' dir='ltr'><strong>tam</strong></span> 
     </span>
     <span class='ocr_line' id='line_1_74' title="bbox 2374 1382 4319 1467; baseline 0.002 -21"><span class='ocrx_word' id='word_1_553' title='bbox 2374 1382 2631 1448; x_wconf 90' lang='lat' dir='ltr'><strong>vicinae</strong></span> <span class='ocrx_word' id='word_1_554' title='bbox 2674 1382 2982 1448; x_wconf 88' lang='lat' dir='ltr'><strong>ecclesiae</strong></span> <span class='ocrx_word' id='word_1_555' title='bbox 3019 1382 3305 1465; x_wconf 90' lang='lat' dir='ltr'><strong>periculo</strong></span> <span class='ocrx_word' id='word_1_556' title='bbox 3341 1386 3735 1450; x_wconf 84' lang='lat' dir='ltr'><strong>commoveri</strong></span> <span class='ocrx_word' id='word_1_557' title='bbox 3772 1394 3838 1448; x_wconf 88' lang='lat' dir='ltr'><strong>et</strong></span> <span class='ocrx_word' id='word_1_558' title='bbox 3871 1383 4043 1467; x_wconf 92' lang='lat' dir='ltr'><strong>apud</strong></span> <span class='ocrx_word' id='word_1_559' title='bbox 4082 1385 4319 1450; x_wconf 70' lang='lat' dir='ltr'><strong>iratres</strong></span> 
     </span>
     <span class='ocr_line' id='line_1_75' title="bbox 2370 1466 4317 1551; baseline 0.002 -20"><span class='ocrx_word' id='word_1_560' title='bbox 2370 1478 2815 1550; x_wconf 91' lang='lat' dir='ltr'><strong>opportunum</strong></span> <span class='ocrx_word' id='word_1_561' title='bbox 2858 1466 3218 1532; x_wconf 88' lang='lat' dir='ltr'><strong>remedium</strong></span> <span class='ocrx_word' id='word_1_562' title='bbox 3255 1489 3583 1551; x_wconf 90' lang='lat' dir='ltr'><strong>quaerere.</strong></span> <span class='ocrx_word' id='word_1_563' title='bbox 3655 1470 4007 1535; x_wconf 85' lang='lat' dir='ltr'><strong>Minaciter</strong></span> <span class='ocrx_word' id='word_1_564' title='bbox 4043 1471 4214 1534; x_wconf 90' lang='lat' dir='ltr'><strong>dixit</strong></span> <span class='ocrx_word' id='word_1_565' title='bbox 4247 1490 4317 1535; x_wconf 90' lang='lat' dir='ltr'><strong>se</strong></span> 
     </span>
     <span class='ocr_line' id='line_1_76' title="bbox 2372 1553 4318 1639; baseline 0.002 -22"><span class='ocrx_word' id='word_1_566' title='bbox 2372 1553 2540 1618; x_wconf 89' lang='lat' dir='ltr'><strong>scire</strong></span> <span class='ocrx_word' id='word_1_567' title='bbox 2586 1554 2878 1633; x_wconf 67' lang='lat' dir='ltr'><strong>IodoouS,</strong></span> <span class='ocrx_word' id='word_1_568' title='bbox 2936 1553 3091 1636; x_wconf 89' lang='lat' dir='ltr'><strong>quid</strong></span> <span class='ocrx_word' id='word_1_569' title='bbox 3142 1555 3420 1635; x_wconf 86' lang='lat' dir='ltr'><strong>egissem</strong></span> <span class='ocrx_word' id='word_1_570' title='bbox 3465 1554 3634 1637; x_wconf 91' lang='lat' dir='ltr'><strong>apud</strong></span> <span class='ocrx_word' id='word_1_571' title='bbox 3681 1576 3814 1621; x_wconf 88' lang='lat' dir='ltr'><strong>vos.</strong></span> <span class='ocrx_word' id='word_1_572' title='bbox 3904 1556 4106 1639; x_wconf 87' lang='lat' dir='ltr'><strong>Atqui</strong></span> <span class='ocrx_word' id='word_1_573' title='bbox 4148 1555 4318 1621; x_wconf 90' lang='lat' dir='ltr'><strong>nihil</strong></span> 
     </span>
     <span class='ocr_line' id='line_1_77' title="bbox 2374 1637 4318 1725; baseline 0.002 -22"><span class='ocrx_word' id='word_1_574' title='bbox 2374 1639 2584 1722; x_wconf 86' lang='lat' dir='ltr'><strong>egisse</strong></span> <span class='ocrx_word' id='word_1_575' title='bbox 2651 1660 2753 1705; x_wconf 83' lang='lat' dir='ltr'><strong>me</strong></span> <span class='ocrx_word' id='word_1_576' title='bbox 2820 1639 3145 1723; x_wconf 85' lang='lat' dir='ltr'><strong>gloriabor</strong></span> <span class='ocrx_word' id='word_1_577' title='bbox 3209 1637 3383 1722; x_wconf 92' lang='lat' dir='ltr'><strong>quod</strong></span> <span class='ocrx_word' id='word_1_578' title='bbox 3447 1660 3579 1705; x_wconf 90' lang='lat' dir='ltr'><strong>non</strong></span> <span class='ocrx_word' id='word_1_579' title='bbox 3644 1640 3773 1705; x_wconf 87' lang='lat' dir='ltr'><strong>fide</strong></span> <span class='ocrx_word' id='word_1_580' title='bbox 3837 1662 3984 1706; x_wconf 91' lang='lat' dir='ltr'><strong>mea</strong></span> <span class='ocrx_word' id='word_1_581' title='bbox 4048 1639 4318 1725; x_wconf 88' lang='lat' dir='ltr'><strong>dignum</strong></span> 
     </span>
     <span class='ocr_line' id='line_1_78' title="bbox 2372 1722 4317 1809; baseline 0.002 -21"><span class='ocrx_word' id='word_1_582' title='bbox 2372 1732 2562 1788; x_wconf 86' lang='lat' dir='ltr'><strong>esset.</strong></span> <span class='ocrx_word' id='word_1_583' title='bbox 2653 1722 2788 1790; x_wconf 79' lang='lat' dir='ltr'><strong>Sed</strong></span> <span class='ocrx_word' id='word_1_584' title='bbox 2841 1723 2996 1808; x_wconf 89' lang='lat' dir='ltr'><strong>quid</strong></span> <span class='ocrx_word' id='word_1_585' title='bbox 3050 1726 3448 1808; x_wconf 86' lang='lat' dir='ltr'><strong>proterviam</strong></span> <span class='ocrx_word' id='word_1_586' title='bbox 3505 1734 3573 1791; x_wconf 89' lang='lat' dir='ltr'><strong>et</strong></span> <span class='ocrx_word' id='word_1_587' title='bbox 3635 1727 3928 1792; x_wconf 88' lang='lat' dir='ltr'><strong>convicia</strong></span> <span class='ocrx_word' id='word_1_588' title='bbox 3982 1728 4317 1809; x_wconf 90' lang='lat' dir='ltr'><strong>utriusque</strong></span> 
     </span>
     <span class='ocr_line' id='line_1_79' title="bbox 2370 1808 4318 1896; baseline 0.002 -23"><span class='ocrx_word' id='word_1_589' title='bbox 2370 1808 2560 1874; x_wconf 88' lang='lat' dir='ltr'><strong>vobis</strong></span> <span class='ocrx_word' id='word_1_590' title='bbox 2601 1829 2972 1876; x_wconf 91' lang='lat' dir='ltr'><strong>recenseam</strong></span> <span class='ocrx_word' id='word_1_591' title='bbox 2987 1810 3020 1873; x_wconf 75' lang='lat'><strong>⁴?</strong></span> <span class='ocrx_word' id='word_1_592' title='bbox 3093 1808 3206 1876; x_wconf 81' lang='lat' dir='ltr'><strong>Sic</strong></span> <span class='ocrx_word' id='word_1_593' title='bbox 3249 1811 3321 1875; x_wconf 90' lang='lat' dir='ltr'><strong>in</strong></span> <span class='ocrx_word' id='word_1_594' title='bbox 3364 1832 3623 1876; x_wconf 89' lang='lat' dir='ltr'><strong>summa</strong></span> <span class='ocrx_word' id='word_1_595' title='bbox 3663 1810 3927 1877; x_wconf 87' lang='lat' dir='ltr'><strong>habete:</strong></span> <span class='ocrx_word' id='word_1_596' title='bbox 3975 1812 4134 1877; x_wconf 89' lang='lat' dir='ltr'><strong>adeo</strong></span> <span class='ocrx_word' id='word_1_597' title='bbox 4171 1832 4318 1896; x_wconf 89' lang='lat' dir='ltr'><strong>per-</strong></span> 
     </span>
     <span class='ocr_line' id='line_1_80' title="bbox 2373 1894 4317 1980; baseline 0.001 -20"><span class='ocrx_word' id='word_1_598' title='bbox 2373 1894 2586 1960; x_wconf 85' lang='lat' dir='ltr'><strong>culsos</strong></span> <span class='ocrx_word' id='word_1_599' title='bbox 2651 1896 2854 1961; x_wconf 87' lang='lat' dir='ltr'><strong>fuisse</strong></span> <span class='ocrx_word' id='word_1_600' title='bbox 2914 1895 3075 1962; x_wconf 92' lang='lat' dir='ltr'><strong>duos</strong></span> <span class='ocrx_word' id='word_1_601' title='bbox 3139 1897 3403 1973; x_wconf 84' lang='lat' dir='ltr'><strong>fratres,</strong></span> <span class='ocrx_word' id='word_1_602' title='bbox 3479 1904 3547 1962; x_wconf 90' lang='lat' dir='ltr'><strong>et</strong></span> <span class='ocrx_word' id='word_1_603' title='bbox 3612 1898 3909 1980; x_wconf 89' lang='lat' dir='ltr'><strong>apprime</strong></span> <span class='ocrx_word' id='word_1_604' title='bbox 3966 1897 4186 1965; x_wconf 78' lang='lat' dir='ltr'><strong>doctos</strong></span> <span class='ocrx_word' id='word_1_605' title='bbox 4250 1904 4317 1963; x_wconf 89' lang='lat' dir='ltr'><strong>et</strong></span> 
     </span>
     <span class='ocr_line' id='line_1_81' title="bbox 2372 1980 4314 2066; baseline 0.001 -19"><span class='ocrx_word' id='word_1_606' title='bbox 2372 2001 2612 2066; x_wconf 84' lang='lat' dir='ltr'><strong>graves</strong></span> <span class='ocrx_word' id='word_1_607' title='bbox 2681 1990 2749 2046; x_wconf 92' lang='lat' dir='ltr'><strong>et</strong></span> <span class='ocrx_word' id='word_1_608' title='bbox 2810 1980 3109 2048; x_wconf 91' lang='lat' dir='ltr'><strong>cordatos</strong></span> <span class='ocrx_word' id='word_1_609' title='bbox 3123 2033 3139 2060; x_wconf 95' lang='lat'><strong>,</strong></span> <span class='ocrx_word' id='word_1_610' title='bbox 3205 1989 3280 2046; x_wconf 90' lang='lat' dir='ltr'><strong>ut</strong></span> <span class='ocrx_word' id='word_1_611' title='bbox 3342 1991 3599 2048; x_wconf 90' lang='lat' dir='ltr'><strong>mature</strong></span> <span class='ocrx_word' id='word_1_612' title='bbox 3665 1982 4125 2049; x_wconf 88' lang='lat' dir='ltr'><strong>discedendum</strong></span> <span class='ocrx_word' id='word_1_613' title='bbox 4191 1983 4314 2049; x_wconf 89' lang='lat' dir='ltr'><strong>sibi</strong></span> 
     </span>
     <span class='ocr_line' id='line_1_82' title="bbox 2370 2067 4316 2149; baseline 0.003 -19"><span class='ocrx_word' id='word_1_614' title='bbox 2370 2067 2767 2149; x_wconf 89' lang='lat' dir='ltr'><strong>putaverint.</strong></span> <span class='ocrx_word' id='word_1_615' title='bbox 2855 2067 2960 2131; x_wconf 85' lang='lat' dir='ltr'><strong>En</strong></span> <span class='ocrx_word' id='word_1_616' title='bbox 3020 2068 3314 2132; x_wconf 88' lang='lat' dir='ltr'><strong>fraterna</strong></span> <span class='ocrx_word' id='word_1_617' title='bbox 3368 2068 3819 2134; x_wconf 87' lang='lat' dir='ltr'><strong>mansuetudo.</strong></span> <span class='ocrx_word' id='word_1_618' title='bbox 3910 2067 4158 2135; x_wconf 88' lang='lat' dir='ltr'><strong>Paucas</strong></span> <span class='ocrx_word' id='word_1_619' title='bbox 4215 2079 4316 2134; x_wconf 90' lang='lat' dir='ltr'><strong>ta-</strong></span> 
     </span>
     <span class='ocr_line' id='line_1_83' title="bbox 2372 2153 4317 2236; baseline 0.003 -20"><span class='ocrx_word' id='word_1_620' title='bbox 2372 2172 2524 2216; x_wconf 92' lang='lat' dir='ltr'><strong>men</strong></span> <span class='ocrx_word' id='word_1_621' title='bbox 2572 2173 2764 2219; x_wconf 89' lang='lat' dir='ltr'><strong>voces</strong></span> <span class='ocrx_word' id='word_1_622' title='bbox 2799 2173 3035 2236; x_wconf 85' lang='lat' dir='ltr'><strong>operae</strong></span> <span class='ocrx_word' id='word_1_623' title='bbox 3068 2155 3351 2236; x_wconf 86' lang='lat' dir='ltr'><strong>pretium</strong></span> <span class='ocrx_word' id='word_1_624' title='bbox 3386 2162 3488 2219; x_wconf 91' lang='lat' dir='ltr'><strong>est</strong></span> <span class='ocrx_word' id='word_1_625' title='bbox 3529 2155 3790 2234; x_wconf 86' lang='lat' dir='ltr'><strong>referre,</strong></span> <span class='ocrx_word' id='word_1_626' title='bbox 3837 2153 4012 2220; x_wconf 92' lang='lat' dir='ltr'><strong>unde</strong></span> <span class='ocrx_word' id='word_1_627' title='bbox 4054 2155 4317 2221; x_wconf 91' lang='lat' dir='ltr'><strong>initium</strong></span> 
     </span>
     <span class='ocr_line' id='line_1_84' title="bbox 2372 2238 4316 2324; baseline 0.002 -22"><span class='ocrx_word' id='word_1_628' title='bbox 2372 2248 2441 2302; x_wconf 90' lang='lat' dir='ltr'><strong>et</strong></span> <span class='ocrx_word' id='word_1_629' title='bbox 2480 2238 2683 2303; x_wconf 92' lang='lat' dir='ltr'><strong>finem</strong></span> <span class='ocrx_word' id='word_1_630' title='bbox 2724 2240 3046 2303; x_wconf 89' lang='lat' dir='ltr'><strong>aestimes.</strong></span> <span class='ocrx_word' id='word_1_631' title='bbox 3135 2239 3362 2304; x_wconf 90' lang='lat' dir='ltr'><strong>Primo</strong></span> <span class='ocrx_word' id='word_1_632' title='bbox 3406 2241 3630 2305; x_wconf 83' lang='lat' dir='ltr'><strong>statim</strong></span> <span class='ocrx_word' id='word_1_633' title='bbox 3675 2261 4027 2324; x_wconf 82' lang='lat' dir='ltr'><strong>congressu</strong></span> <span class='ocrx_word' id='word_1_634' title='bbox 4070 2240 4316 2306; x_wconf 89' lang='lat' dir='ltr'><strong>saluta-</strong></span> 
     </span>
     <span class='ocr_line' id='line_1_85' title="bbox 2372 2321 4315 2411; baseline 0.002 -24"><span class='ocrx_word' id='word_1_635' title='bbox 2372 2325 2573 2389; x_wconf 89' lang='lat' dir='ltr'><strong>tionis</strong></span> <span class='ocrx_word' id='word_1_636' title='bbox 2635 2324 2808 2390; x_wconf 88' lang='lat' dir='ltr'><strong>loco:</strong></span> <span class='ocrx_word' id='word_1_637' title='bbox 2891 2321 3060 2404; x_wconf 78' lang='lat' dir='ltr'><strong>Quis</strong></span> <span class='ocrx_word' id='word_1_638' title='bbox 3125 2325 3336 2390; x_wconf 91' lang='lat' dir='ltr'><strong>movit</strong></span> <span class='ocrx_word' id='word_1_639' title='bbox 3414 2325 3535 2390; x_wconf 88' lang='lat' dir='ltr'><strong>has</strong></span> <span class='ocrx_word' id='word_1_640' title='bbox 3602 2324 4019 2411; x_wconf 83' lang='lat' dir='ltr'><strong>tragoedias?</strong></span> <span class='ocrx_word' id='word_1_641' title='bbox 4087 2324 4315 2407; x_wconf 77' lang='lat' dir='ltr'><strong>Quum</strong></span> 
     </span>
     <span class='ocr_line' id='line_1_86' title="bbox 2371 2409 4314 2494; baseline 0.002 -20"><span class='ocrx_word' id='word_1_642' title='bbox 2371 2430 2478 2474; x_wconf 91' lang='lat' dir='ltr'><strong>res</strong></span> <span class='ocrx_word' id='word_1_643' title='bbox 2524 2430 2758 2475; x_wconf 92' lang='lat' dir='ltr'><strong>onsum</strong></span> <span class='ocrx_word' id='word_1_644' title='bbox 2815 2416 3004 2488; x_wconf 89' lang='lat' dir='ltr'><strong>esset,</strong></span> <span class='ocrx_word' id='word_1_645' title='bbox 3068 2430 3107 2474; x_wconf 90' lang='lat' dir='ltr'><strong>a</strong></span> <span class='ocrx_word' id='word_1_646' title='bbox 3165 2409 3478 2477; x_wconf 78' lang='lat' dir='ltr'><strong>Zebedaeo</strong></span> <span class='ocrx_word' id='word_1_647' title='bbox 3535 2413 3687 2478; x_wconf 90' lang='lat' dir='ltr'><strong>sciri</strong></span> <span class='ocrx_word' id='word_1_648' title='bbox 3759 2413 4098 2494; x_wconf 90' lang='lat' dir='ltr'><strong>profectas,</strong></span> <span class='ocrx_word' id='word_1_649' title='bbox 4156 2422 4314 2478; x_wconf 91' lang='lat' dir='ltr'><strong>tunc</strong></span> 
     </span>
     <span class='ocr_line' id='line_1_87' title="bbox 2371 2494 4314 2580; baseline 0.001 -21"><span class='ocrx_word' id='word_1_650' title='bbox 2371 2496 2479 2561; x_wconf 91' lang='lat' dir='ltr'><strong>inc</strong></span> <span class='ocrx_word' id='word_1_651' title='bbox 2506 2502 2682 2561; x_wconf 86' lang='lat' dir='ltr'><strong>amat</strong></span> <span class='ocrx_word' id='word_1_652' title='bbox 2716 2494 3081 2560; x_wconf 76' lang='lat' dir='ltr'><strong>Ebrardus:</strong></span> <span class='ocrx_word' id='word_1_653' title='bbox 3152 2495 3295 2563; x_wconf 93' lang='lat' dir='ltr'><strong>Imo</strong></span> <span class='ocrx_word' id='word_1_654' title='bbox 3354 2496 3561 2562; x_wconf 89' lang='lat' dir='ltr'><strong>bonus</strong></span> <span class='ocrx_word' id='word_1_655' title='bbox 3625 2496 3740 2561; x_wconf 90' lang='lat' dir='ltr'><strong>ille</strong></span> <span class='ocrx_word' id='word_1_656' title='bbox 3798 2497 3949 2577; x_wconf 86' lang='lat' dir='ltr'><strong>vir,‘</strong></span> <span class='ocrx_word' id='word_1_657' title='bbox 3988 2498 4137 2580; x_wconf 89' lang='lat' dir='ltr'><strong>quia</strong></span> <span class='ocrx_word' id='word_1_658' title='bbox 4201 2496 4314 2561; x_wconf 92' lang='lat' dir='ltr'><strong>de·</strong></span> 
     </span>
     <span class='ocr_line' id='line_1_88' title="bbox 2369 2580 4310 2668; baseline 0.001 -23"><span class='ocrx_word' id='word_1_659' title='bbox 2369 2582 2541 2645; x_wconf 89' lang='lat' dir='ltr'><strong>texit</strong></span> <span class='ocrx_word' id='word_1_660' title='bbox 2581 2589 2840 2648; x_wconf 87' lang='lat' dir='ltr'><strong>vestras</strong></span> <span class='ocrx_word' id='word_1_661' title='bbox 2894 2580 3215 2660; x_wconf 84' lang='lat' dir='ltr'><strong>fallacias,</strong></span> <span class='ocrx_word' id='word_1_662' title='bbox 3271 2581 3542 2668; x_wconf 86' lang='lat' dir='ltr'><strong>indigne</strong></span> <span class='ocrx_word' id='word_1_663' title='bbox 3602 2603 3642 2648; x_wconf 87' lang='lat' dir='ltr'><strong>a</strong></span> <span class='ocrx_word' id='word_1_664' title='bbox 3698 2583 3882 2648; x_wconf 92' lang='lat' dir='ltr'><strong>vobis</strong></span> <span class='ocrx_word' id='word_1_665' title='bbox 3926 2582 4310 2647; x_wconf 86' lang='lat' dir='ltr'><strong>traducitur.</strong></span> 
     </span>
     <span class='ocr_line' id='line_1_89' title="bbox 2370 2664 4311 2752; baseline 0.002 -21"><span class='ocrx_word' id='word_1_666' title='bbox 2370 2664 2597 2747; x_wconf 80' lang='lat' dir='ltr'><strong>Quum</strong></span> <span class='ocrx_word' id='word_1_667' title='bbox 2656 2667 2776 2733; x_wconf 91' lang='lat' dir='ltr'><strong>sibi</strong></span> <span class='ocrx_word' id='word_1_668' title='bbox 2825 2666 3112 2732; x_wconf 90' lang='lat' dir='ltr'><strong>fallacias</strong></span> <span class='ocrx_word' id='word_1_669' title='bbox 3166 2668 3326 2732; x_wconf 88' lang='lat' dir='ltr'><strong>istas</strong></span> <span class='ocrx_word' id='word_1_670' title='bbox 3378 2666 3632 2733; x_wconf 88' lang='lat' dir='ltr'><strong>ostendi</strong></span> <span class='ocrx_word' id='word_1_671' title='bbox 3689 2676 3986 2752; x_wconf 89' lang='lat' dir='ltr'><strong>peterent</strong></span> <span class='ocrx_word' id='word_1_672' title='bbox 4042 2666 4311 2734; x_wconf 71' lang='lat' dir='ltr'><strong>fratres:</strong></span> 
     </span>
     <span class='ocr_line' id='line_1_90' title="bbox 2368 2750 4310 2836; baseline 0.001 -20"><span class='ocrx_word' id='word_1_673' title='bbox 2368 2750 2731 2831; x_wconf 89' lang='lat' dir='ltr'><strong>Habemus,</strong></span> <span class='ocrx_word' id='word_1_674' title='bbox 2775 2753 2987 2836; x_wconf 82' lang='lat' dir='ltr'><strong>inquit-</strong></span> <span class='ocrx_word' id='word_1_675' title='bbox 3028 2753 3158 2832; x_wconf 91' lang='lat' dir='ltr'><strong>ille,</strong></span> <span class='ocrx_word' id='word_1_676' title='bbox 3204 2750 3715 2836; x_wconf 83' lang='lat' dir='ltr'><strong>disputationem</strong></span> <span class='ocrx_word' id='word_1_677' title='bbox 3760 2755 4187 2832; x_wconf 87' lang='lat' dir='ltr'><strong>Beruensem,</strong></span> <span class='ocrx_word' id='word_1_678' title='bbox 4227 2774 4310 2818; x_wconf 91' lang='lat' dir='ltr'><strong>ex</strong></span> 
     </span>
     <span class='ocr_line' id='line_1_91' title="bbox 2367 2837 4311 2921; baseline -0.001 -17"><span class='ocrx_word' id='word_1_679' title='bbox 2367 2858 2497 2921; x_wconf 88' lang='lat' dir='ltr'><strong>qua</strong></span> <span class='ocrx_word' id='word_1_680' title='bbox 2555 2860 2670 2904; x_wconf 92' lang='lat' dir='ltr'><strong>vos</strong></span> <span class='ocrx_word' id='word_1_681' title='bbox 2735 2847 2803 2904; x_wconf 92' lang='lat' dir='ltr'><strong>et</strong></span> <span class='ocrx_word' id='word_1_682' title='bbox 2860 2847 3079 2904; x_wconf 89' lang='lat' dir='ltr'><strong>vestra</strong></span> <span class='ocrx_word' id='word_1_683' title='bbox 3142 2839 3363 2904; x_wconf 88' lang='lat' dir='ltr'><strong>omnia</strong></span> <span class='ocrx_word' id='word_1_684' title='bbox 3427 2840 3804 2906; x_wconf 86' lang='lat' dir='ltr'><strong>iudicamus.</strong></span> <span class='ocrx_word' id='word_1_685' title='bbox 3895 2837 4183 2904; x_wconf 88' lang='lat' dir='ltr'><strong>Obsecro</strong></span> <span class='ocrx_word' id='word_1_686' title='bbox 4226 2850 4311 2919; x_wconf 91' lang='lat' dir='ltr'><strong>te,</strong></span> 
     </span>
     <span class='ocr_line' id='line_1_92' title="bbox 2364 2923 4311 3010; baseline 0.003 -24"><span class='ocrx_word' id='word_1_687' title='bbox 2364 2925 2457 2987; x_wconf 91' lang='lat' dir='ltr'><strong>mi</strong></span> <span class='ocrx_word' id='word_1_688' title='bbox 2500 2923 2889 3008; x_wconf 75' lang='lat' dir='ltr'><strong>Bullinyere,</strong></span> <span class='ocrx_word' id='word_1_689' title='bbox 2936 2926 2991 2989; x_wconf 92' lang='lat' dir='ltr'><strong>si</strong></span> <span class='ocrx_word' id='word_1_690' title='bbox 3035 2925 3130 2990; x_wconf 91' lang='lat' dir='ltr'><strong>ita</strong></span> <span class='ocrx_word' id='word_1_691' title='bbox 3174 2923 3503 3010; x_wconf 89' lang='lat' dir='ltr'><strong>agendum</strong></span> <span class='ocrx_word' id='word_1_692' title='bbox 3548 2933 3668 3003; x_wconf 90' lang='lat' dir='ltr'><strong>est,</strong></span> <span class='ocrx_word' id='word_1_693' title='bbox 3713 2924 3873 3009; x_wconf 90' lang='lat' dir='ltr'><strong>quid</strong></span> <span class='ocrx_word' id='word_1_694' title='bbox 3914 2924 4311 3008; x_wconf 85' lang='lat' dir='ltr'><strong>profecimus</strong></span> 
     </span>
     <span class='ocr_line' id='line_1_93' title="bbox 2365 3008 4313 3096; baseline 0.001 -23"><span class='ocrx_word' id='word_1_695' title='bbox 2365 3008 2716 3094; x_wconf 81' lang='lat' dir='ltr'><strong>tyrannide</strong></span> <span class='ocrx_word' id='word_1_696' title='bbox 2757 3030 2968 3094; x_wconf 87' lang='lat' dir='ltr'><strong>papae</strong></span> <span class='ocrx_word' id='word_1_697' title='bbox 3004 3010 3324 3076; x_wconf 80' lang='lat' dir='ltr'><strong>excussa?</strong></span> <span class='ocrx_word' id='word_1_698' title='bbox 3354 3014 3436 3081; x_wconf 82' lang='lat'><strong>¹⁷)</strong></span> <span class='ocrx_word' id='word_1_699' title='bbox 3532 3013 3834 3096; x_wconf 84' lang='lat' dir='ltr'><strong>Agnosce</strong></span> <span class='ocrx_word' id='word_1_700' title='bbox 3884 3012 4080 3075; x_wconf 89' lang='lat' dir='ltr'><strong>etiam</strong></span> <span class='ocrx_word' id='word_1_701' title='bbox 4117 3031 4313 3096; x_wconf 89' lang='lat' dir='ltr'><strong>quam</strong></span> 
     </span>
     <span class='ocr_line' id='line_1_94' title="bbox 2363 3097 4313 3182; baseline 0.001 -21"><span class='ocrx_word' id='word_1_702' title='bbox 2363 3103 2518 3179; x_wconf 91' lang='lat' dir='ltr'><strong>apta</strong></span> <span class='ocrx_word' id='word_1_703' title='bbox 2559 3098 2757 3162; x_wconf 86' lang='lat' dir='ltr'><strong>fuerit</strong></span> <span class='ocrx_word' id='word_1_704' title='bbox 2792 3097 3006 3163; x_wconf 75' lang='lat' dir='ltr'><strong>Iodoci</strong></span> <span class='ocrx_word' id='word_1_705' title='bbox 3044 3097 3502 3182; x_wconf 87' lang='lat' dir='ltr'><strong>interrogatio:</strong></span> <span class='ocrx_word' id='word_1_706' title='bbox 3548 3099 3694 3181; x_wconf 89' lang='lat' dir='ltr'><strong>quis</strong></span> <span class='ocrx_word' id='word_1_707' title='bbox 3752 3119 3859 3162; x_wconf 92' lang='lat' dir='ltr'><strong>me</strong></span> <span class='ocrx_word' id='word_1_708' title='bbox 3901 3109 4194 3164; x_wconf 90' lang='lat' dir='ltr'><strong>vocasset</strong></span> <span class='ocrx_word' id='word_1_709' title='bbox 4238 3105 4313 3162; x_wconf 88' lang='lat' dir='ltr'><strong>ut</strong></span> 
     </span>
     <span class='ocr_line' id='line_1_95' title="bbox 2361 3182 4313 3266; baseline 0.001 -19"><span class='ocrx_word' id='word_1_710' title='bbox 2361 3183 2761 3248; x_wconf 88' lang='lat' dir='ltr'><strong>Lausannae</strong></span> <span class='ocrx_word' id='word_1_711' title='bbox 2803 3182 3268 3248; x_wconf 79' lang='lat' dir='ltr'><strong>concionarer?</strong></span> <span class='ocrx_word' id='word_1_712' title='bbox 3335 3183 3651 3264; x_wconf 77' lang='lat' dir='ltr'><strong>Tandem,</strong></span> <span class='ocrx_word' id='word_1_713' title='bbox 3695 3192 3772 3248; x_wconf 92' lang='lat' dir='ltr'><strong>ut</strong></span> <span class='ocrx_word' id='word_1_714' title='bbox 3813 3184 4043 3266; x_wconf 92' lang='lat' dir='ltr'><strong>primis</strong></span> <span class='ocrx_word' id='word_1_715' title='bbox 4077 3182 4313 3249; x_wconf 91' lang='lat' dir='ltr'><strong>ultima</strong></span> 
     </span>
    </p>
   </div>
   <div class='ocr_carea' id='block_1_14' title="bbox 2361 3267 4428 3352">
    <p class='ocr_par' dir='ltr' id='par_1_16' title="bbox 2361 3267 4428 3352">
     <span class='ocr_line' id='line_1_96' title="bbox 2361 3267 4428 3352; baseline 0.002 -21"><span class='ocrx_word' id='word_1_716' title='bbox 2361 3267 2851 3352; x_wconf 89' lang='lat' dir='ltr'><strong>responderent,</strong></span> <span class='ocrx_word' id='word_1_717' title='bbox 2918 3267 3079 3334; x_wconf 90' lang='lat' dir='ltr'><strong>iussi</strong></span> <span class='ocrx_word' id='word_1_718' title='bbox 3131 3276 3287 3333; x_wconf 88' lang='lat' dir='ltr'><strong>sunt</strong></span> <span class='ocrx_word' id='word_1_719' title='bbox 3350 3271 3587 3335; x_wconf 82' lang='lat' dir='ltr'><strong>fratres</strong></span> <span class='ocrx_word' id='word_1_720' title='bbox 3643 3270 3823 3335; x_wconf 91' lang='lat' dir='ltr'><strong>abire</strong></span> <span class='ocrx_word' id='word_1_721' title='bbox 3880 3278 3948 3335; x_wconf 88' lang='lat' dir='ltr'><strong>et</strong></span> <span class='ocrx_word' id='word_1_722' title='bbox 3991 3270 4309 3335; x_wconf 89' lang='lat' dir='ltr'><strong>facessere</strong></span> <span class='ocrx_word' id='word_1_723' title='bbox 4418 3279 4428 3288; x_wconf 90' lang='grc'><em>“</em></span> 
     </span>
    </p>
   </div>
   <div class='ocr_carea' id='block_1_15' title="bbox 2353 3352 4309 4469">
    <p class='ocr_par' dir='ltr' id='par_1_17' title="bbox 2353 3352 4309 4295">
     <span class='ocr_line' id='line_1_97' title="bbox 2362 3352 4309 3422; baseline 0.001 -4"><span class='ocrx_word' id='word_1_724' title='bbox 2362 3374 2512 3419; x_wconf 92' lang='lat' dir='ltr'><strong>cum</strong></span> <span class='ocrx_word' id='word_1_725' title='bbox 2590 3375 2708 3418; x_wconf 89' lang='lat' dir='ltr'><strong>suo</strong></span> <span class='ocrx_word' id='word_1_726' title='bbox 2786 3352 3192 3421; x_wconf 85' lang='lat' dir='ltr'><strong>Oalvinismo</strong></span> <span class='ocrx_word' id='word_1_727' title='bbox 3271 3361 3338 3419; x_wconf 91' lang='lat' dir='ltr'><strong>et</strong></span> <span class='ocrx_word' id='word_1_728' title='bbox 3400 3355 3887 3422; x_wconf 86' lang='lat' dir='ltr'><strong>Buoeranismo.</strong></span> <span class='ocrx_word' id='word_1_729' title='bbox 3992 3355 4083 3420; x_wconf 85' lang='lat' dir='ltr'><strong>Et</strong></span> <span class='ocrx_word' id='word_1_730' title='bbox 4147 3354 4309 3420; x_wconf 91' lang='lat' dir='ltr'><strong>haec</strong></span> 
     </span>
     <span class='ocr_line' id='line_1_98' title="bbox 2361 3440 4305 3525; baseline 0.001 -21"><span class='ocrx_word' id='word_1_731' title='bbox 2361 3441 2582 3505; x_wconf 89' lang='lat' dir='ltr'><strong>omnia</strong></span> <span class='ocrx_word' id='word_1_732' title='bbox 2634 3440 2883 3505; x_wconf 83' lang='lat' dir='ltr'><strong>furioso</strong></span> <span class='ocrx_word' id='word_1_733' title='bbox 2935 3461 3140 3524; x_wconf 90' lang='lat' dir='ltr'><strong>prope</strong></span> <span class='ocrx_word' id='word_1_734' title='bbox 3197 3440 3446 3525; x_wconf 91' lang='lat' dir='ltr'><strong>impetu</strong></span> <span class='ocrx_word' id='word_1_735' title='bbox 3490 3449 3557 3507; x_wconf 92' lang='lat' dir='ltr'><strong>et</strong></span> <span class='ocrx_word' id='word_1_736' title='bbox 3598 3442 3852 3507; x_wconf 90' lang='lat' dir='ltr'><strong>insanis</strong></span> <span class='ocrx_word' id='word_1_737' title='bbox 3894 3440 4305 3507; x_wconf 89' lang='lat' dir='ltr'><strong>clamoribus.</strong></span> 
     </span>
     <span class='ocr_line' id='line_1_99' title="bbox 2362 3524 4296 3611; baseline -0.001 -22"><span class='ocrx_word' id='word_1_738' title='bbox 2362 3524 2540 3606; x_wconf 78' lang='lat' dir='ltr'><strong>Quid</strong></span> <span class='ocrx_word' id='word_1_739' title='bbox 2584 3524 2813 3592; x_wconf 90' lang='lat' dir='ltr'><strong>durius</strong></span> <span class='ocrx_word' id='word_1_740' title='bbox 2861 3535 2975 3591; x_wconf 91' lang='lat' dir='ltr'><strong>aut</strong></span> <span class='ocrx_word' id='word_1_741' title='bbox 3007 3526 3443 3593; x_wconf 88' lang='lat' dir='ltr'><strong>truculentius</strong></span> <span class='ocrx_word' id='word_1_742' title='bbox 3500 3549 3540 3592; x_wconf 89' lang='lat' dir='ltr'><strong>a</strong></span> <span class='ocrx_word' id='word_1_743' title='bbox 3598 3528 3873 3611; x_wconf 86' lang='lat' dir='ltr'><strong>papistis</strong></span> <span class='ocrx_word' id='word_1_744' title='bbox 3917 3524 4296 3609; x_wconf 83' lang='lat' dir='ltr'><strong>exspectes?</strong></span> 
     </span>
     <span class='ocr_line' id='line_1_100' title="bbox 2361 3609 4307 3696; baseline 0 -20"><span class='ocrx_word' id='word_1_745' title='bbox 2361 3609 2560 3692; x_wconf 77' lang='lat' dir='ltr'><strong>Quod</strong></span> <span class='ocrx_word' id='word_1_746' title='bbox 2595 3612 2651 3677; x_wconf 91' lang='lat' dir='ltr'><strong>si</strong></span> <span class='ocrx_word' id='word_1_747' title='bbox 2693 3610 2866 3677; x_wconf 90' lang='lat' dir='ltr'><strong>hanc</strong></span> <span class='ocrx_word' id='word_1_748' title='bbox 2902 3610 3263 3678; x_wconf 88' lang='lat' dir='ltr'><strong>bacchandi</strong></span> <span class='ocrx_word' id='word_1_749' title='bbox 3297 3613 3750 3696; x_wconf 90' lang='lat' dir='ltr'><strong>intemperiem</strong></span> <span class='ocrx_word' id='word_1_750' title='bbox 3776 3612 4102 3696; x_wconf 89' lang='lat' dir='ltr'><strong>patienter</strong></span> <span class='ocrx_word' id='word_1_751' title='bbox 4144 3612 4307 3677; x_wconf 85' lang='lat' dir='ltr'><strong>fera-</strong></span> 
     </span>
     <span class='ocr_line' id='line_1_101' title="bbox 2360 3697 4303 3775; baseline 0 -13"><span class='ocrx_word' id='word_1_752' title='bbox 2360 3718 2528 3775; x_wconf 89' lang='lat' dir='ltr'><strong>mus,</strong></span> <span class='ocrx_word' id='word_1_753' title='bbox 2580 3697 2907 3763; x_wconf 91' lang='lat' dir='ltr'><strong>Dominus</strong></span> <span class='ocrx_word' id='word_1_754' title='bbox 2950 3707 3171 3763; x_wconf 90' lang='lat' dir='ltr'><strong>tamen</strong></span> <span class='ocrx_word' id='word_1_755' title='bbox 3228 3698 3505 3764; x_wconf 88' lang='lat' dir='ltr'><strong>inultam</strong></span> <span class='ocrx_word' id='word_1_756' title='bbox 3563 3720 3697 3763; x_wconf 90' lang='lat' dir='ltr'><strong>non</strong></span> <span class='ocrx_word' id='word_1_757' title='bbox 3735 3699 3923 3764; x_wconf 90' lang='lat' dir='ltr'><strong>sinet.</strong></span> <span class='ocrx_word' id='word_1_758' title='bbox 4012 3697 4303 3775; x_wconf 87' lang='lat' dir='ltr'><strong>Parisiis,</strong></span> 
     </span>
     <span class='ocr_line' id='line_1_102' title="bbox 2359 3782 4303 3868; baseline -0.002 -19"><span class='ocrx_word' id='word_1_759' title='bbox 2359 3793 2430 3849; x_wconf 93' lang='lat' dir='ltr'><strong>et</strong></span> <span class='ocrx_word' id='word_1_760' title='bbox 2460 3782 2531 3847; x_wconf 90' lang='lat' dir='ltr'><strong>in</strong></span> <span class='ocrx_word' id='word_1_761' title='bbox 2574 3783 2801 3849; x_wconf 88' lang='lat' dir='ltr'><strong>multis</strong></span> <span class='ocrx_word' id='word_1_762' title='bbox 2823 3784 3008 3868; x_wconf 86' lang='lat' dir='ltr'><strong>regni</strong></span> <span class='ocrx_word' id='word_1_763' title='bbox 3041 3783 3360 3866; x_wconf 89' lang='lat' dir='ltr'><strong>partibus,</strong></span> <span class='ocrx_word' id='word_1_764' title='bbox 3388 3786 3471 3862; x_wconf 71' lang='lat'><strong>¹3)</strong></span> <span class='ocrx_word' id='word_1_765' title='bbox 3510 3804 3779 3850; x_wconf 89' lang='lat' dir='ltr'><strong>accensa</strong></span> <span class='ocrx_word' id='word_1_766' title='bbox 3800 3792 3902 3850; x_wconf 89' lang='lat' dir='ltr'><strong>est</strong></span> <span class='ocrx_word' id='word_1_767' title='bbox 3945 3782 4026 3848; x_wconf 90' lang='lat' dir='ltr'><strong>de</strong></span> <span class='ocrx_word' id='word_1_768' title='bbox 4045 3783 4303 3868; x_wconf 87' lang='lat' dir='ltr'><strong>integro</strong></span> 
     </span>
     <span class='ocr_line' id='line_1_103' title="bbox 2356 3868 4296 3954; baseline 0.001 -21"><span class='ocrx_word' id='word_1_769' title='bbox 2356 3868 2715 3952; x_wconf 91' lang='lat' dir='ltr'><strong>impiorum</strong></span> <span class='ocrx_word' id='word_1_770' title='bbox 2737 3870 3031 3935; x_wconf 88' lang='lat' dir='ltr'><strong>saevitia.</strong></span> <span class='ocrx_word' id='word_1_771' title='bbox 3058 3873 3145 3946; x_wconf 82' lang='lat'><strong>¹⁹)</strong></span> <span class='ocrx_word' id='word_1_772' title='bbox 3209 3871 3359 3935; x_wconf 85' lang='lat' dir='ltr'><strong>Rex</strong></span> <span class='ocrx_word' id='word_1_773' title='bbox 3393 3872 3534 3954; x_wconf 90' lang='lat' dir='ltr'><strong>ipse</strong></span> <span class='ocrx_word' id='word_1_774' title='bbox 3566 3870 3637 3934; x_wconf 92' lang='lat' dir='ltr'><strong>in</strong></span> <span class='ocrx_word' id='word_1_775' title='bbox 3682 3891 3802 3936; x_wconf 92' lang='lat' dir='ltr'><strong>suo</strong></span> <span class='ocrx_word' id='word_1_776' title='bbox 3822 3870 4042 3935; x_wconf 85' lang='lat' dir='ltr'><strong>furore</strong></span> <span class='ocrx_word' id='word_1_777' title='bbox 4065 3869 4296 3952; x_wconf 86' lang='lat' dir='ltr'><strong>pergit.</strong></span> 
     </span>
     <span class='ocr_line' id='line_1_104' title="bbox 2357 3953 4301 4041; baseline 0.001 -23"><span class='ocrx_word' id='word_1_778' title='bbox 2357 3954 2466 4019; x_wconf 91' lang='lat' dir='ltr'><strong>Ita</strong></span> <span class='ocrx_word' id='word_1_779' title='bbox 2540 3954 2855 4038; x_wconf 90' lang='lat' dir='ltr'><strong>impletur</strong></span> <span class='ocrx_word' id='word_1_780' title='bbox 2917 3953 3107 4020; x_wconf 89' lang='lat' dir='ltr'><strong>illud:</strong></span> <span class='ocrx_word' id='word_1_781' title='bbox 3173 3956 3329 4021; x_wconf 86' lang='lat' dir='ltr'><strong>foris</strong></span> <span class='ocrx_word' id='word_1_782' title='bbox 3403 3976 3680 4041; x_wconf 88' lang='lat' dir='ltr'><strong>pugnae,</strong></span> <span class='ocrx_word' id='word_1_783' title='bbox 3760 3957 3940 4020; x_wconf 89' lang='lat' dir='ltr'><strong>intus</strong></span> <span class='ocrx_word' id='word_1_784' title='bbox 4016 3955 4301 4024; x_wconf 88' lang='lat' dir='ltr'><strong>timores.</strong></span> 
     </span>
     <span class='ocr_line' id='line_1_105' title="bbox 2358 4038 4301 4124; baseline 0 -20"><span class='ocrx_word' id='word_1_785' title='bbox 2358 4038 2755 4124; x_wconf 77' lang='lat' dir='ltr'><strong>Quanquam</strong></span> <span class='ocrx_word' id='word_1_786' title='bbox 2808 4040 3073 4107; x_wconf 78' lang='lat' dir='ltr'><strong>Iodoous</strong></span> <span class='ocrx_word' id='word_1_787' title='bbox 3124 4062 3259 4107; x_wconf 93' lang='lat' dir='ltr'><strong>non</strong></span> <span class='ocrx_word' id='word_1_788' title='bbox 3310 4042 3578 4107; x_wconf 86' lang='lat' dir='ltr'><strong>timores</strong></span> <span class='ocrx_word' id='word_1_789' title='bbox 3635 4040 3829 4107; x_wconf 91' lang='lat' dir='ltr'><strong>modo</strong></span> <span class='ocrx_word' id='word_1_790' title='bbox 3874 4042 4064 4106; x_wconf 80' lang='lat' dir='ltr'><strong>intus</strong></span> <span class='ocrx_word' id='word_1_791' title='bbox 4118 4038 4301 4106; x_wconf 92' lang='lat' dir='ltr'><strong>nobis</strong></span> 
     </span>
     <span class='ocr_line' id='line_1_106' title="bbox 2356 4124 4304 4212; baseline -0.001 -21"><span class='ocrx_word' id='word_1_792' title='bbox 2356 4124 2469 4191; x_wconf 89' lang='lat' dir='ltr'><strong>sed</strong></span> <span class='ocrx_word' id='word_1_793' title='bbox 2512 4133 2772 4209; x_wconf 85' lang='lat' dir='ltr'><strong>apertas</strong></span> <span class='ocrx_word' id='word_1_794' title='bbox 2815 4146 3070 4209; x_wconf 89' lang='lat' dir='ltr'><strong>quoque</strong></span> <span class='ocrx_word' id='word_1_795' title='bbox 3112 4147 3372 4212; x_wconf 84' lang='lat' dir='ltr'><strong>pugnas</strong></span> <span class='ocrx_word' id='word_1_796' title='bbox 3414 4128 3555 4194; x_wconf 88' lang='lat' dir='ltr'><strong>ciet.</strong></span> <span class='ocrx_word' id='word_1_797' title='bbox 3647 4127 3784 4193; x_wconf 89' lang='lat' dir='ltr'><strong>Nos</strong></span> <span class='ocrx_word' id='word_1_798' title='bbox 3819 4146 3977 4192; x_wconf 91' lang='lat' dir='ltr'><strong>vero</strong></span> <span class='ocrx_word' id='word_1_799' title='bbox 4011 4126 4304 4209; x_wconf 86' lang='lat' dir='ltr'><strong>paucitas</strong></span> 
     </span>
     <span class='ocr_line' id='line_1_107' title="bbox 2353 4211 3543 4295; baseline 0.002 -19"><span class='ocrx_word' id='word_1_800' title='bbox 2353 4212 2499 4295; x_wconf 90' lang='lat' dir='ltr'><strong>ipsa</strong></span> <span class='ocrx_word' id='word_1_801' title='bbox 2542 4211 2624 4276; x_wconf 92' lang='lat' dir='ltr'><strong>ad</strong></span> <span class='ocrx_word' id='word_1_802' title='bbox 2666 4213 3189 4278; x_wconf 90' lang='lat' dir='ltr'><strong>coniunctionem</strong></span> <span class='ocrx_word' id='word_1_803' title='bbox 3232 4213 3543 4278; x_wconf 89' lang='lat' dir='ltr'><strong>stimulet.</strong></span> 
     </span>
    </p>

    <p class='ocr_par' dir='ltr' id='par_1_18' title="bbox 2353 4296 4302 4469">
     <span class='ocr_line' id='line_1_108' title="bbox 2527 4296 4300 4377; baseline -0.001 -15"><span class='ocrx_word' id='word_1_804' title='bbox 2527 4296 2714 4377; x_wconf 87' lang='lat' dir='ltr'><strong>Vale,</strong></span> <span class='ocrx_word' id='word_1_805' title='bbox 2756 4299 3169 4364; x_wconf 89' lang='lat' dir='ltr'><strong>ornatissime</strong></span> <span class='ocrx_word' id='word_1_806' title='bbox 3210 4298 3317 4364; x_wconf 89' lang='lat' dir='ltr'><strong>vir</strong></span> <span class='ocrx_word' id='word_1_807' title='bbox 3359 4319 3435 4365; x_wconf 89' lang='lat' dir='ltr'><strong>ac</strong></span> <span class='ocrx_word' id='word_1_808' title='bbox 3467 4301 3672 4364; x_wconf 81' lang='lat' dir='ltr'><strong>frater</strong></span> <span class='ocrx_word' id='word_1_809' title='bbox 3705 4298 3869 4362; x_wconf 92' lang='lat' dir='ltr'><strong>mihi</strong></span> <span class='ocrx_word' id='word_1_810' title='bbox 3906 4296 4300 4376; x_wconf 89' lang='lat' dir='ltr'><strong>honorande,</strong></span> 
     </span>
     <span class='ocr_line' id='line_1_109' title="bbox 2353 4383 4302 4469; baseline -0.001 -21"><span class='ocrx_word' id='word_1_811' title='bbox 2353 4405 2491 4449; x_wconf 90' lang='lat' dir='ltr'><strong>una</strong></span> <span class='ocrx_word' id='word_1_812' title='bbox 2549 4404 2699 4449; x_wconf 92' lang='lat' dir='ltr'><strong>cum</strong></span> <span class='ocrx_word' id='word_1_813' title='bbox 2754 4384 2884 4450; x_wconf 87' lang='lat' dir='ltr'><strong>tuis</strong></span> <span class='ocrx_word' id='word_1_814' title='bbox 2951 4384 3218 4469; x_wconf 86' lang='lat' dir='ltr'><strong>collegis</strong></span> <span class='ocrx_word' id='word_1_815' title='bbox 3273 4406 3437 4468; x_wconf 91' lang='lat' dir='ltr'><strong>quos</strong></span> <span class='ocrx_word' id='word_1_816' title='bbox 3506 4405 3733 4450; x_wconf 89' lang='lat' dir='ltr'><strong>omnes</strong></span> <span class='ocrx_word' id='word_1_817' title='bbox 3787 4383 3979 4465; x_wconf 90' lang='lat' dir='ltr'><strong>cupio</strong></span> <span class='ocrx_word' id='word_1_818' title='bbox 4037 4384 4302 4447; x_wconf 89' lang='lat' dir='ltr'><strong>nomine</strong></span> 
     </span>
    </p>
   </div>
   <div class='ocr_carea' id='block_1_16' title="bbox 2355 4524 2764 4534">
    <p class='ocr_par' dir='ltr' id='par_1_19' title="bbox 2355 4524 2764 4534">
     <span class='ocr_line' id='line_1_110' title="bbox 2355 4524 2764 4534; baseline 0 1641"><span class='ocrx_word' id='word_1_819' title='bbox 2355 4524 2764 4534; x_wconf 95' lang='lat' dir='ltr'><strong> </strong></span> 
     </span>
    </p>
   </div>
   <div class='ocr_carea' id='block_1_17' title="bbox 2353 4586 4301 4918">
    <p class='ocr_par' dir='ltr' id='par_1_20' title="bbox 2353 4586 4301 4918">
     <span class='ocr_line' id='line_1_111' title="bbox 2494 4586 4299 4670; baseline 0 -29"><span class='ocrx_word' id='word_1_820' title='bbox 2494 4587 2586 4652; x_wconf 90' lang='grc'><strong>16)</strong></span> <span class='ocrx_word' id='word_1_821' title='bbox 2632 4586 2784 4657; x_wconf 75' lang='lat' dir='ltr'><strong>Quae</strong></span> <span class='ocrx_word' id='word_1_822' title='bbox 2818 4589 2908 4644; x_wconf 77' lang='lat' dir='ltr'><strong>hic</strong></span> <span class='ocrx_word' id='word_1_823' title='bbox 2940 4595 3247 4670; x_wconf 70' lang='lat' dir='ltr'><strong>narrantur</strong></span> <span class='ocrx_word' id='word_1_824' title='bbox 3282 4588 3360 4644; x_wconf 79' lang='lat' dir='ltr'><strong>ad</strong></span> <span class='ocrx_word' id='word_1_825' title='bbox 3389 4605 3460 4643; x_wconf 76' lang='lat' dir='ltr'><strong>m.</strong></span> <span class='ocrx_word' id='word_1_826' title='bbox 3499 4587 3713 4644; x_wconf 65' lang='lat' dir='ltr'><strong>Meam</strong></span> <span class='ocrx_word' id='word_1_827' title='bbox 3748 4586 4039 4650; x_wconf 74' lang='lat' dir='ltr'><strong>referenda</strong></span> <span class='ocrx_word' id='word_1_828' title='bbox 4074 4602 4186 4639; x_wconf 80' lang='lat' dir='ltr'><strong>esse</strong></span> <span class='ocrx_word' id='word_1_829' title='bbox 4221 4603 4299 4641; x_wconf 78' lang='lat' dir='ltr'><strong>se-</strong></span> 
     </span>
     <span class='ocr_line' id='line_1_112' title="bbox 2353 4653 4297 4738; baseline -0.002 -26"><span class='ocrx_word' id='word_1_830' title='bbox 2353 4658 2578 4728; x_wconf 68' lang='lat' dir='ltr'><strong>quentia</strong></span> <span class='ocrx_word' id='word_1_831' title='bbox 2612 4658 2820 4738; x_wconf 57' lang='lat' dir='ltr'><strong>docent.</strong></span> <span class='ocrx_word' id='word_1_832' title='bbox 2893 4656 2977 4724; x_wconf 74' lang='grc' dir='ltr'><strong>ΟΥ.</strong></span> <span class='ocrx_word' id='word_1_833' title='bbox 3016 4663 3179 4713; x_wconf 67' lang='lat' dir='ltr'><strong>ettam</strong></span> <span class='ocrx_word' id='word_1_834' title='bbox 3216 4657 3324 4726; x_wconf 77' lang='lat' dir='ltr'><strong>Ep.</strong></span> <span class='ocrx_word' id='word_1_835' title='bbox 3362 4657 3439 4712; x_wconf 81' lang='lat' dir='ltr'><strong>ad</strong></span> <span class='ocrx_word' id='word_1_836' title='bbox 3476 4655 3754 4711; x_wconf 67' lang='lat' dir='ltr'><strong>Salem</strong></span> <span class='ocrx_word' id='word_1_837' title='bbox 3790 4653 3867 4709; x_wconf 85' lang='lat' dir='ltr'><strong>N.</strong></span> <span class='ocrx_word' id='word_1_838' title='bbox 3905 4653 4054 4735; x_wconf 77' lang='grc'>1035.</span> <span class='ocrx_word' id='word_1_839' title='bbox 4120 4653 4297 4735; x_wconf 61' lang='lat' dir='ltr'><strong>Caete-</strong></span> 
     </span>
     <span class='ocr_line' id='line_1_113' title="bbox 2353 4725 4301 4807; baseline -0.001 -27"><span class='ocrx_word' id='word_1_840' title='bbox 2353 4742 2494 4796; x_wconf 78' lang='lat' dir='ltr'><strong>rum,</strong></span> <span class='ocrx_word' id='word_1_841' title='bbox 2531 4729 2631 4797; x_wconf 69' lang='lat' dir='ltr'><strong>qui</strong></span> <span class='ocrx_word' id='word_1_842' title='bbox 2660 4742 2817 4780; x_wconf 60' lang='lat' dir='ltr'><strong>muesz</strong></span> <span class='ocrx_word' id='word_1_843' title='bbox 2856 4727 3085 4807; x_wconf 57' lang='grc' dir='ltr'><strong>ἤπιον-νηί</strong></span> <span class='ocrx_word' id='word_1_844' title='bbox 3125 4726 3331 4792; x_wconf 75' lang='lat' dir='ltr'><strong>fratres</strong></span> <span class='ocrx_word' id='word_1_845' title='bbox 3378 4725 3830 4789; x_wconf 68' lang='lat' dir='ltr'><strong>aza-mmmm,</strong></span> <span class='ocrx_word' id='word_1_846' title='bbox 3877 4737 4078 4778; x_wconf 68' lang='lat' dir='ltr'><strong>cosmus</strong></span> <span class='ocrx_word' id='word_1_847' title='bbox 4125 4725 4301 4788; x_wconf 71' lang='lat' dir='ltr'><strong>tin-sse</strong></span> 
     </span>
     <span class='ocr_line' id='line_1_114' title="bbox 2357 4790 4297 4918; baseline -0.002 -68"><span class='ocrx_word' id='word_1_848' title='bbox 2357 4795 2564 4918; x_wconf 52' lang='lat' dir='ltr'><strong>Frggg.</strong></span> <span class='ocrx_word' id='word_1_849' title='bbox 2601 4794 3021 4865; x_wconf 72' lang='lat' dir='ltr'><strong>Sampaulmum</strong></span> <span class='ocrx_word' id='word_1_850' title='bbox 3064 4801 3116 4849; x_wconf 78' lang='lat' dir='ltr'><strong>et</strong></span> <span class='ocrx_word' id='word_1_851' title='bbox 3152 4795 3301 4850; x_wconf 66' lang='grc' dir='ltr'><strong>θνα.</strong></span> <span class='ocrx_word' id='word_1_852' title='bbox 3348 4793 3697 4848; x_wconf 78' lang='lat' dir='ltr'><strong>Holbmeum.</strong></span> <span class='ocrx_word' id='word_1_853' title='bbox 3793 4790 3854 4847; x_wconf 82' lang='lat' dir='ltr'><strong>V.</strong></span> <span class='ocrx_word' id='word_1_854' title='bbox 3890 4791 4297 4861; x_wconf 71' lang='lat' dir='ltr'><strong>Hundeshaqen</strong></span> 
     </span>
    </p>
   </div>
   <div class='ocr_carea' id='block_1_18' title="bbox 2342 4928 4293 5403">
    <p class='ocr_par' dir='ltr' id='par_1_21' title="bbox 2351 4928 4293 5056">
     <span class='ocr_line' id='line_1_115' title="bbox 2527 4928 4293 5008; baseline -0.003 -22"><span class='ocrx_word' id='word_1_855' title='bbox 2527 4932 2622 4999; x_wconf 78' lang='lat'><strong>17)</strong></span> <span class='ocrx_word' id='word_1_856' title='bbox 2659 4934 2705 4986; x_wconf 92' lang='lat' dir='ltr'><strong>si</strong></span> <span class='ocrx_word' id='word_1_857' title='bbox 2752 4935 2832 4987; x_wconf 86' lang='lat' dir='ltr'><strong>ita</strong></span> <span class='ocrx_word' id='word_1_858' title='bbox 2878 4933 3142 5002; x_wconf 85' lang='lat' dir='ltr'><strong>agendum</strong></span> <span class='ocrx_word' id='word_1_859' title='bbox 3193 4938 3274 4986; x_wconf 78' lang='lat' dir='ltr'><strong>est</strong></span> <span class='ocrx_word' id='word_1_860' title='bbox 3287 4974 3299 4996; x_wconf 94' lang='lat'><strong>,</strong></span> <span class='ocrx_word' id='word_1_861' title='bbox 3364 4935 3545 4983; x_wconf 86' lang='lat' dir='ltr'><strong>utrum</strong></span> <span class='ocrx_word' id='word_1_862' title='bbox 3592 4929 3905 4999; x_wconf 83' lang='lat' dir='ltr'><strong>generosius</strong></span> <span class='ocrx_word' id='word_1_863' title='bbox 3954 4929 4148 5008; x_wconf 78' lang='lat' dir='ltr'><strong>saltem</strong></span> <span class='ocrx_word' id='word_1_864' title='bbox 4190 4928 4293 4981; x_wconf 81' lang='lat' dir='ltr'><strong>fuit</strong></span> 
     </span>
     <span class='ocr_line' id='line_1_116' title="bbox 2351 4998 4100 5056; baseline -0.006 0"><span class='ocrx_word' id='word_1_865' title='bbox 2351 5003 2567 5056; x_wconf 81' lang='lat' dir='ltr'><strong>Bernae</strong></span> <span class='ocrx_word' id='word_1_866' title='bbox 2602 5019 2669 5055; x_wconf 88' lang='lat' dir='ltr'><strong>an</strong></span> <span class='ocrx_word' id='word_1_867' title='bbox 2708 5002 2909 5056; x_wconf 85' lang='lat' dir='ltr'><strong>Romae</strong></span> <span class='ocrx_word' id='word_1_868' title='bbox 2944 5002 3172 5055; x_wconf 79' lang='lat' dir='ltr'><strong>subiici?</strong></span> <span class='ocrx_word' id='word_1_869' title='bbox 3248 4998 3375 5055; x_wconf 81' lang='lat' dir='ltr'><strong>God.</strong></span> <span class='ocrx_word' id='word_1_870' title='bbox 3412 4998 3514 5052; x_wconf 91' lang='grc'><strong>106</strong></span> <span class='ocrx_word' id='word_1_871' title='bbox 3548 5013 3667 5052; x_wconf 77' lang='lat' dir='ltr'><strong>cum</strong></span> <span class='ocrx_word' id='word_1_872' title='bbox 3706 4999 3825 5050; x_wconf 77' lang='lat' dir='ltr'><strong>suis</strong></span> <span class='ocrx_word' id='word_1_873' title='bbox 3858 4998 4100 5052; x_wconf 63' lang='lat' dir='ltr'><strong>assecla.</strong></span> 
     </span>
    </p>

    <p class='ocr_par' dir='ltr' id='par_1_22' title="bbox 2524 5064 3895 5139">
     <span class='ocr_line' id='line_1_117' title="bbox 2524 5064 3895 5139; baseline -0.001 -16"><span class='ocrx_word' id='word_1_874' title='bbox 2524 5069 2617 5135; x_wconf 89' lang='grc'>18)</span> <span class='ocrx_word' id='word_1_875' title='bbox 2656 5076 2713 5125; x_wconf 92' lang='lat' dir='ltr'><strong>et</strong></span> <span class='ocrx_word' id='word_1_876' title='bbox 2746 5072 2804 5124; x_wconf 91' lang='lat' dir='ltr'><strong>iu</strong></span> <span class='ocrx_word' id='word_1_877' title='bbox 2837 5071 3023 5124; x_wconf 86' lang='lat' dir='ltr'><strong>multis</strong></span> <span class='ocrx_word' id='word_1_878' title='bbox 3057 5088 3086 5123; x_wconf 91' lang='lat' dir='ltr'><strong>r</strong></span> <span class='ocrx_word' id='word_1_879' title='bbox 3191 5071 3212 5122; x_wconf 94' lang='lat' dir='ltr'><strong>i</strong></span> <span class='ocrx_word' id='word_1_880' title='bbox 3246 5068 3491 5139; x_wconf 87' lang='lat' dir='ltr'><strong>partibus</strong></span> <span class='ocrx_word' id='word_1_881' title='bbox 3526 5083 3626 5121; x_wconf 70' lang='lat' dir='ltr'><strong>ons.</strong></span> <span class='ocrx_word' id='word_1_882' title='bbox 3664 5064 3895 5134; x_wconf 51' lang='lat' dir='ltr'><strong>mestre.</strong></span> 
     </span>
    </p>

    <p class='ocr_par' dir='ltr' id='par_1_23' title="bbox 2342 5087 4291 5403">
     <span class='ocr_line' id='line_1_118' title="bbox 2522 5087 4291 5216; baseline -0.001 -24"><span class='ocrx_word' id='word_1_883' title='bbox 2522 5139 2618 5206; x_wconf 89' lang='grc'><strong>19)</strong></span> <span class='ocrx_word' id='word_1_884' title='bbox 2652 5140 2719 5192; x_wconf 88' lang='lat' dir='ltr'><strong>ad</strong></span> <span class='ocrx_word' id='word_1_885' title='bbox 2755 5141 2875 5209; x_wconf 88' lang='lat' dir='ltr'><strong>pios</strong></span> <span class='ocrx_word' id='word_1_886' title='bbox 2910 5087 3213 5194; x_wconf 56' lang='lat' dir='ltr'><strong>exuroffis</strong></span> <span class='ocrx_word' id='word_1_887' title='bbox 3247 5135 3375 5191; x_wconf 80' lang='lat' dir='ltr'><strong>add.</strong></span> <span class='ocrx_word' id='word_1_888' title='bbox 3420 5136 3584 5190; x_wconf 69' lang='lat' dir='ltr'><strong>iidem</strong></span> <span class='ocrx_word' id='word_1_889' title='bbox 3630 5136 3845 5190; x_wconf 75' lang='lat' dir='ltr'><strong>omissis</strong></span> <span class='ocrx_word' id='word_1_890' title='bbox 3889 5149 4030 5204; x_wconf 74' lang='lat' dir='ltr'><strong>quae</strong></span> <span class='ocrx_word' id='word_1_891' title='bbox 4057 5149 4291 5216; x_wconf 34' lang='lat' dir='ltr'><strong>‘cmun-</strong></span> 
     </span>
     <span class='ocr_line' id='line_1_119' title="bbox 2453 5202 4290 5277; baseline -0.002 -16"><span class='ocrx_word' id='word_1_892' title='bbox 2453 5228 2470 5261; x_wconf 92' lang='lat'><strong>.·</strong></span> <span class='ocrx_word' id='word_1_893' title='bbox 2521 5210 2641 5262; x_wconf 87' lang='lat' dir='ltr'><strong>Rex</strong></span> <span class='ocrx_word' id='word_1_894' title='bbox 2691 5250 2703 5261; x_wconf 91' lang='lat'><strong>.</strong></span> <span class='ocrx_word' id='word_1_895' title='bbox 2753 5248 2770 5264; x_wconf 90' lang='lat'><strong>.</strong></span> <span class='ocrx_word' id='word_1_896' title='bbox 2818 5248 2881 5260; x_wconf 92' lang='lat'><strong>..</strong></span> <span class='ocrx_word' id='word_1_897' title='bbox 3009 5210 3136 5277; x_wconf 81' lang='lat' dir='ltr'><strong>rgit.</strong></span> <span class='ocrx_word' id='word_1_898' title='bbox 3226 5205 3450 5260; x_wconf 75' lang='lat' dir='ltr'><strong>Constat</strong></span> <span class='ocrx_word' id='word_1_899' title='bbox 3500 5205 3711 5259; x_wconf 69' lang='lat' dir='ltr'><strong>interm</strong></span> <span class='ocrx_word' id='word_1_900' title='bbox 3760 5218 3931 5274; x_wconf 69' lang='lat' dir='ltr'><strong>neque</strong></span> <span class='ocrx_word' id='word_1_901' title='bbox 3982 5202 4290 5259; x_wconf 65' lang='lat' dir='ltr'><strong>Baeturiam</strong></span> 
     </span>
     <span class='ocr_line' id='line_1_120' title="bbox 2346 5225 4286 5347; baseline -0.004 -11"><span class='ocrx_word' id='word_1_902' title='bbox 2346 5277 2524 5336; x_wconf 74' lang='lat' dir='ltr'><strong>eccles.</strong></span> <span class='ocrx_word' id='word_1_903' title='bbox 2559 5277 2896 5347; x_wconf 72' lang='lat' dir='ltr'><strong>nequeHist.</strong></span> <span class='ocrx_word' id='word_1_904' title='bbox 2924 5225 3235 5347; x_wconf 56' lang='lat' dir='ltr'><strong>fferam-us·</strong></span> <span class='ocrx_word' id='word_1_905' title='bbox 3268 5272 3563 5344; x_wconf 71' lang='lat' dir='ltr'><strong>quidquam</strong></span> <span class='ocrx_word' id='word_1_906' title='bbox 3597 5273 3877 5341; x_wconf 73' lang='lat' dir='ltr'><strong>speciatim</strong></span> <span class='ocrx_word' id='word_1_907' title='bbox 3912 5273 4018 5327; x_wconf 77' lang='lat' dir='ltr'><strong>tale</strong></span> <span class='ocrx_word' id='word_1_908' title='bbox 4053 5273 4132 5328; x_wconf 79' lang='lat' dir='ltr'><strong>ad</strong></span> <span class='ocrx_word' id='word_1_909' title='bbox 4161 5273 4286 5328; x_wconf 59' lang='lat' dir='ltr'><strong>ka.</strong></span> 
     </span>
     <span class='ocr_line' id='line_1_121' title="bbox 2342 5351 2630 5403; baseline -0.007 -2"><span class='ocrx_word' id='word_1_910' title='bbox 2342 5351 2630 5403; x_wconf 66' lang='lat' dir='ltr'><strong>annotare.</strong></span> 
     </span>
    </p>
   </div>
  </div>
 </body>
</html>
