4825 6175
154 422 227 484 7⁷
1938 420 2101 480 1545
2146 412 2341 482 MAI.
4060 420 4142 482 78

313 603 691 672 Clarissimo
773 611 843 669 et
918 602 1290 669 doctissimo
1367 604 1509 668 viro
1588 604 1672 668 D.
1742 602 2092 685 Rodolpho

153 691 512 760 Gualthero
553 689 913 773 Tigurinae
955 688 1265 756 ecclesiae
1298 689 1544 772 pastori
1588 689 2092 858 viggidgltissimo

314 911 386 979 S.
451 911 559 978 De
602 913 799 977 rebus
858 912 1098 976 nostris
1155 921 1221 974 et
1278 909 1532 994 gallicis
1590 911 1756 975 nihil
1817 919 1916 976 est
1974 933 2092 977 cur

149 1000 266 1066 hoc
300 1006 595 1082 tempore
637 1018 757 1080 per
798 997 1026 1062 literas
1070 996 1419 1079 quidquam
1457 997 1840 1079 significem,
1887 1019 2086 1080 quum

150 1088 308 1150 istuc
350 1083 434 1148 ad
479 1105 594 1150 vos
639 1085 723 1148 sit
766 1083 1093 1165 profectus
1121 1082 1439 1162 Calvinae,
1465 1085 1513 1158 1)
1559 1083 1671 1165 qui
1706 1104 1905 1166 quum
1949 1104 2087 1147 om·-

148 1171 252 1237 nia
293 1170 537 1252 optime
581 1168 799 1246 novit,
861 1170 1103 1251 optime
1162 1177 1229 1233 et
1286 1167 1660 1233 fidelissime
1716 1190 1935 1235 coram
1982 1168 2088 1232 vel

149 1256 443 1323 narravit
483 1255 591 1319 vel
631 1264 1021 1320 narraturus
1065 1265 1183 1330 est,
1230 1255 1283 1318 si
1330 1254 1621 1318 nondum
1666 1254 1910 1319 isthinc
1954 1254 2086 1318 dis-

150 1343 351 1409 cessit.
443 1341 607 1406 Eius
650 1341 893 1404 librum
937 1339 1268 1423 gallicum,
1312 1341 1465 1422 quia
1509 1340 1633 1405 hoc
1678 1362 1717 1403 a
1759 1362 1864 1405 me
1908 1351 2088 1423 pete-

149 1429 255 1495 bas
289 1426 667 1492 novissimis
712 1425 942 1504 literis
992 1448 1031 1490 a
1074 1426 1276 1490 Petro
1328 1425 1539 1490 Vireto
1582 1428 1789 1490 mitto.
1859 1424 2085 1506 Quum

150 1515 311 1580 enim
359 1513 803 1578 consultarem
846 1533 995 1575 cum
1043 1510 1308 1575 homine
1352 1509 1431 1576 de
1486 1511 1701 1594 aliquo
1746 1512 2086 1590 mittendo,

148 1600 709 1681 nominassemque
759 1596 1013 1663 Calvini
1052 1597 1351 1662 libellum
1408 1596 1725 1662 adversus
1783 1600 2081 1681 spiritua-

147 1685 250 1763 les,
269 1684 326 1770 ²)
386 1685 608 1766 coepit
672 1685 810 1765 ipse
876 1683 1120 1760 dicere,
1189 1684 1367 1747 domi
1427 1705 1496 1747 se
1555 1683 1791 1747 habere
1845 1684 2090 1764 aliquot

148 1770 564 1853 exemplaria:
611 1769 889 1835 libenter
932 1788 1002 1834 se
1047 1768 1376 1844 daturum,
1422 1768 1611 1850 siqui
1647 1769 1965 1852 perferret
1987 1789 2087 1833 re·

147 1857 442 1940 perirem.
532 1855 798 1921 Lite-ras
855 1854 937 1918 ad
999 1867 1063 1919 te
1107 1854 1395 1919 dedisset
1439 1856 1494 1918 si
1535 1855 1817 1920 scribere
1862 1875 2086 1920 vacas·

149 1951 265 2007 set:
311 1942 430 2007 sed
475 1963 673 2023 quum
724 1941 1063 2005 Genevam
1110 1942 1170 2004 ei
1214 1939 1654 2005 festinandum
1710 1951 1881 2005 esset
1940 1948 2090 2023 post

152 2027 389 2094 Calvini
458 2026 836 2103 discessum,
861 2028 917 2108 Β)
988 2026 1419 2090 vehementer
1475 2047 1515 2089 a
1581 2046 1686 2090 me
1753 2026 2090 2091 contendit

150 2123 215 2179 ut
252 2135 320 2179 se
365 2112 544 2196 apud
590 2123 654 2177 te
712 2131 1115 2177 excusarem.
1205 2111 1435 2193 Itaque
1475 2111 1793 2176 maiorem
1838 2113 1911 2175 in
1956 2133 2090 2176 mo-

150 2199 290 2264 dum
335 2209 401 2264 te
439 2221 554 2264 oro
598 2209 676 2263 ut
715 2199 1190 2263 accusationem
1214 2204 1268 2274 ⁴)
1315 2197 1743 2261 iustissimam
1789 2198 2085 2279 accipias.

149 2283 216 2351 Si
255 2285 411 2368 quid
474 2293 539 2349 te
583 2284 857 2366 dignum
918 2281 1095 2345 aliud
1140 2283 1421 2348 Geneva
1478 2282 1820 2360 edidisset,
1880 2285 2086 2348 liben-

147 2371 382 2437 tissime
432 2371 561 2437 hoc
601 2370 841 2435 nuncio
889 2371 1235 2433 mitterem.
1286 2404 1860 2417 —————
1906 2371 2089 2435 Lau-

147 2477 372 2523 sannae
428 2461 613 2522 1545.
694 2460 786 2520 13.
834 2455 1016 2520 Maii.

1267 2591 1450 2655 Tuus
1496 2613 1579 2656 ex
1621 2591 1839 2655 animo

1231 2675 1515 2744 Ioannes
1558 2677 1872 2742 Ribittus.

1035 3190 1184 3263 641.

570 3327 984 3397 VOGTIUS
1019 3326 1654 3396 BULLINGERO.

309 3501 480 3584 Quid
523 3499 829 3568 Gawinus
874 3499 1251 3583 samsima·
1291 3478 1479 3584 eqerit
1520 3504 1576 3565 et
1605 3498 1957 3581 profecerit.

362 3677 556 3728 cutum
602 3671 707 3726 hoc
760 3673 1129 3742 excerpsimus
1176 3689 1245 3726 ex
1290 3670 1421 3725 eod.
1460 3670 1679 3725 Archiv.
1728 3670 1910 3724 Turic.
1946 3671 2087 3725 Plut.

151 3739 235 3795 VI.
340 3744 410 3797 ol.
459 3740 565 3795 108
614 3741 743 3795 olim
792 3742 934 3812 Epp.
981 3742 1130 3795 Tom.
1179 3742 1276 3795 IV.
1324 3741 1387 3793 P.
1425 3738 1454 3791 1
1503 3741 1597 3794 fol.
1634 3738 1755 3793 309.
1830 3740 2089 3793 Simlerus

664 3812 932 3880 integram
967 3810 1256 3879 descripsit
1291 3809 1416 3862 Vol.
1455 3806 1567 3873 57.)

305 4000 630 4067 Doctrina
687 4014 754 4064 et
809 3999 1051 4081 pietate
1108 3997 1351 4063 eximio
1410 3999 1551 4065 viro
1606 3996 1690 4061 D.
1732 3997 2092 4082 Henrycho

152 4083 529 4170 Bullingero
571 4086 761 4150 fiatri
817 4094 884 4150 et
939 4085 1203 4150 domino
1263 4104 1379 4148 suo
1437 4085 1506 4148 in
1553 4083 1821 4149 Christo
1867 4084 2092 4149 obser-

153 4171 350 4236 vando
1949 4182 1957 4189 '

1580 4254 1831 4337 Tiguri.

314 4476 576 4544 Calvino
645 4478 962 4544 successit
1018 4479 1358 4563 negotium
1422 4477 1657 4544 melius
1723 4498 1916 4560 quam
1986 4478 2093 4542 vel

155 4559 282 4641 ipse
324 4565 744 4647 speraverim.
835 4563 1021 4628 Nosti
1066 4566 1240 4629 enim
1281 4562 1642 4631 cuiusmodi
1687 4585 1837 4628 cum
1881 4562 2090 4628 homi-

177 4781 314 4837 640,
353 4784 410 4851 1)
449 4785 564 4840 scil.
596 4791 660 4839 ut
694 4784 1024 4839 Bet-natium
1063 4785 1435 4840 Rriceneium
1471 4784 1866 4839 Basiliensium
1903 4790 1955 4840 et
1989 4787 2094 4840 Ar-

156 4856 597 4918 qentoratenmm
656 4855 1090 4910 intercessionem
1151 4871 1255 4923 pro
1306 4854 1756 4908 Provnssneialibus
1824 4870 1861 4907 a
1925 4854 2095 4923 Reqis

152 4920 412 4985 praefecto
459 4922 827 4978 crudelissime
882 4925 1096 4978 vexatis
1141 4924 1466 4978 sollicitaret.
1552 4922 1712 4991 (Rey.
1749 4923 1826 4976 du
1865 4922 2093 4978 Conset'l.

159 4985 204 5041 4.
239 4989 374 5053 Mai.
416 4990 690 5046 Staehelin
716 5008 778 5059 p.
813 4991 957 5051 310.)
1006 4993 1140 5047 Vide
1173 4999 1225 5046 et
1251 4993 1503 5060 praeced.

349 5058 410 5127 2)
443 5076 549 5129 quo
592 5064 810 5115 nornine
851 5063 877 5114 i
914 5062 967 5115 si
1018 5061 1375 5129 qloriabundi
1418 5062 1737 5115 utebantur.-
1795 5061 1995 5114 Contre
2041 5062 2094 5114 la

163 5131 295 5179 secte
327 5129 710 5199 phantastique
758 5137 815 5183 et
881 5130 1095 5184 urieuse
1144 5130 1241 5183 des
1276 5130 1555 5183 Libertins
1590 5129 1683 5197 qui
1720 5146 1779 5183 se
1814 5136 2095 5184 nomment

163 5191 435 5263 Spirituelz
472 5198 644 5263 (Vide
685 5197 824 5267 Opp.
858 5198 914 5253 T.
964 5199 1128 5266 VII.)

351 5264 411 5386 ἓ)
452 5266 673 5323 Caluini
702 5269 844 5322 vices
878 5269 1110 5323 obituro.

393 5340 414 5401 )
449 5337 542 5391 nic.

2196 603 2389 668 nibus
2447 602 2638 668 nobis
2694 602 3076 670 luctandum
3121 603 3226 668 sit.
3317 603 3606 669 Senatus
3649 603 4010 669 destinavit
4051 603 4144 669 le-

2194 699 2424 771 gatum
2445 691 2837 773 Argogeam.
2866 695 2915 764 ¹)
2979 691 3086 754 An
3123 689 3278 770 quid
3315 688 3553 754 habeat
3587 689 3658 753 in
3701 688 3919 754 libello
3954 704 4069 754 tuo
4084 691 4143 764 ²)

2199 773 2505 840 Calvinus
2538 775 2708 857 quod
2754 775 3108 857 displiceat,
3155 795 3312 858 rogo
3348 776 3713 858 significato
3748 797 3866 859 per
3899 775 4144 842 literas.

2198 860 2345 924 Non
2411 862 2585 924 enim
2653 862 2983 943 potuimus
3051 862 3132 926 ab
3197 863 3340 942 ipso
3405 862 3725 943 expiscari
3790 861 4146 944 quidquam

2196 946 2341 1010 tale.
2412 984 2482 996 —-
2547 983 2630 991 ——
2699 984 2761 992 —
2819 984 2895 992 -
2960 947 3268 1011 Scaffusii
3325 947 3725 1013 ascensionis
3779 945 4144 1013 dominicae

2194 1030 2298 1095 die
2342 1054 2514 1097 anno
2557 1056 2594 1095 a
2640 1033 2904 1096 Christo
2949 1042 3102 1097 nato
3154 1035 3412 1116 1545.8)

3321 1171 3503 1234 Tuus
3548 1189 3628 1232 ex
3675 1169 3895 1233 animo

3232 1253 3609 1338 Simpertus
3656 1251 3955 1338 Vogtius.

3089 1763 3243 1835 642.

2559 1902 3112 1970 BULLINGER
3155 1904 3283 1969 AN
3327 1903 3790 1970 BLAURER.

2368 2073 2704 2139 cmm-m
2746 2094 2886 2137 eum
2935 2075 3095 2154 facit
3151 2076 3225 2139 de
3277 2095 3471 2140 eausa
3526 2081 3582 2138 ec
3637 2076 3846 2156 epm-tu
3887 2037 4145 2144 ‚ram

2198 2158 2450 2224 Calvivi
2492 2162 2563 2224 in
2604 2162 2882 2243 'qratiam
2921 2162 3199 2241 fratrum
3261 2161 3685 2226 Waldensium
3726 2164 4012 2243 suscepti.

2192 2331 2329 2396 (Aus
2365 2332 2464 2384 der
2482 2331 2758 2384 Urschrift
2793 2333 2850 2384 in
2886 2332 2984 2384 der
3021 2332 3070 2384 S.
3094 2331 3278 2385 Galler
3312 2332 3810 2385 stadt-Bibliothek
3847 2334 4001 2389 MSS.
4039 2335 4140 2388 Bd.

2828 2400 2912 2465 35,
2947 2402 3133 2454 friiher
3171 2401 3263 2454 VI.
3302 2420 3351 2454 n.
3391 2400 3499 2466 36.)

2195 2569 2579 2634 Clarissimo
2614 2576 2756 2636 viro
2791 2570 2874 2637 D.
2906 2572 3247 2637 Ambrosio
3290 2572 3610 2636 Blaurero
3652 2572 3841 2636 fratri
3885 2593 4142 2656 semper

2679 2657 2946 2724 colendo
2991 2658 3077 2722 H.
3125 2658 3576 2742 BullingeruS.
3608 2661 3652 2741 ¹)

2203 2829 2275 2838 -—
2325 2829 2408 2840 -ι
2474 2831 2546 2840 —-
2602 2831 2674 2839 --
2737 2831 2822 2840 -ω
2871 2831 2944 2841 ——.
3006 2833 3088 2841 -—-
3141 2833 3216 2841 —-
3283 2833 3352 2840 —-
3404 2831 3491 2841 —-
3554 2831 3627 2841 ——.
3681 2834 3753 2841 —-
3810 2834 3882 2841 —
3937 2833 4008 2843 -—
4064 2833 4137 2841 .—

2366 2878 2575 2953 Aber,
2639 2880 2841 2943 lieber
2897 2880 3077 2944 Herr
3131 2879 3266 2944 vnd
3319 2880 3615 2957 Bruder,
3673 2903 3743 2946 es
3797 2882 3885 2945 ist
3938 2879 4144 2946 leider

2196 2965 2329 3028 nitt
2373 2964 2543 3048 daby
2590 2965 2808 3029 bliben
2866 2963 3017 3030 dasz
3077 2966 3194 3032 der
3235 2966 3448 3049 Bapst
3491 2966 3576 3050 by
3628 2968 3910 3032 Avinion
3957 2966 4144 3033 solch

2195 3049 2383 3114 mord
2420 3049 2778 3129 volbracht,
2825 3050 3071 3117 sunder
3118 3052 3235 3117 der
3280 3054 3598 3118 frantzosz
3634 3054 3890 3137 bewegt
3934 3051 4143 3119 durch

2197 3134 2321 3201 den
2369 3136 2682 3201 Cardinal
2727 3160 2856 3202 von
2905 3139 3224 3223 Durmmy
3279 3142 3397 3204 hat
3450 3140 3554 3203 die
3613 3138 3867 3203 kniicht
3921 3161 3992 3203 so
4045 3139 4153 3204 vff

2195 3220 2312 3286 das
2355 3243 2498 3287 mer
2538 3222 2746 3288 wider
2789 3223 2916 3289 den
2952 3225 3396 3310 Engellender
3443 3225 3708 3308 gewollt
3750 3225 3988 3289 vorhin
4033 3247 4145 3309 ge-

2193 3305 2456 3373 heissen
2501 3306 2606 3373 die
2662 3330 2891 3374 armen
2949 3311 3184 3377 fratres
3227 3309 3627 3376 Waldenses
3680 3313 3752 3376 in
3806 3311 4145 3393 provincia

2194 3394 2584 3461 anstossend
2643 3416 2727 3460 an
2796 3395 2901 3461 die
2961 3396 3358 3462 herrschafft
3416 3397 3705 3463 Avinion
3771 3403 4061 3462 vzriiten.
4082 3398 4141 3473 2)

2195 3569 2335 3576 -ῄ

2226 3685 2365 3738 641.
2403 3684 2463 3751 1)
2516 3687 2778 3740 Aroviam
2831 3687 2994 3757 leque,
3062 3688 3244 3743 nescio
3303 3702 3411 3757 quo
3464 3695 3630 3756 pacto
3684 3689 3766 3741 ita
3817 3694 4146 3756 corruptam.

2205 3755 2340 3809 Vide
2376 3762 2676 3824 sequentem
2712 3755 3035 3825 Bullinyeri.

2399 3823 2461 3888 2)
2504 3823 2628 3879 Sca.
2665 3827 2727 3877 in
2760 3841 3020 3894 responso
3067 3824 3440 3878 Turieensium
3474 3823 3551 3876 ad
3585 3824 3903 3878 Lutherum.

2399 3892 2459 3957 3)
2533 3895 2592 3946 ui
2612 3895 2736 3959 fuit
2766 3909 2828 3947 eo
2862 3909 3010 3947 anno
3039 3892 3225 3961 pridie
3261 3893 3403 3946 Idus
3442 3892 3604 3945 Maii.

2216 3960 2364 4014 642.
2404 3962 2463 4028 1)
2555 3963 2809 4015 lauret-ue
2844 3962 3166 4030 adscripsit:
3206 3959 3286 4013 15.
3323 3962 3453 4014 Maii
3491 3960 3628 4014 1545
3665 3960 4073 4030 Gressenbergi.

2400 4029 2462 4091 2)
2508 4029 2683 4097 Quum
2718 4031 2807 4084 hie
2841 4031 3197 4099 Ballinyerus
3229 4030 3495 4083 nonnulla
3530 4031 3723 4085 habeat
3757 4046 3897 4100 quae
3929 4032 3991 4083 in
4027 4044 4143 4083 cae-

2197 4100 2327 4152 teris
2362 4101 2605 4166 epistolis
2638 4114 2749 4151 non
2784 4105 3092 4164 occurrunt,
3127 4105 3379 4165 excerpta
3429 4099 3692 4168 quaedam
3740 4116 3806 4151 ex
3844 4099 3988 4151 Hist.
4026 4098 4146 4153 eccl.

2195 4167 2237 4219 1.
2258 4166 2327 4220 43
2364 4168 2414 4220 h.
2451 4168 2483 4221 l.
2521 4167 2720 4219 addere
2752 4167 2902 4221 libet.-
2940 4168 3017 4220 Le
3037 4168 3158 4237 Roy
3196 4168 3515 4221 continuant
3551 4186 3611 4220 sa
3646 4168 3915 4235 benignite
3953 4184 4146 4220 envers

2196 4252 2318 4303 eux,
2356 4252 2569 4304 evoqua
2604 4234 2636 4287 a
2670 4252 2768 4304 soy
2803 4235 3122 4289 l’exccution
3169 4236 3326 4287 dudit
3361 4243 3537 4288 ari-est
3583 4236 3651 4288 de
3697 4242 4010 4289 contumace
4041 4276 4053 4289 .
4088 4276 4100 4288 .
4130 4274 4143 4288 .

2196 4304 2338 4357 Mais
2373 4306 2704 4357 nonobstant
2739 4312 2884 4357 ceste
2921 4305 3201 4358 evocation
3238 4304 3480 4357 insinuee
3518 4309 3572 4357 et
3607 4304 3823 4373 publice
3857 4322 3926 4357 au
3961 4304 4146 4357 Parle-

2196 4381 2348 4425 ment
2368 4390 2463 4424 sur
2481 4373 2534 4425 la
2551 4374 2624 4424 fin
2644 4373 2716 4425 dn
2735 4374 2873 4425 mois
2894 4373 3181 4426 d’Octobre
3201 4371 3390 4437 (1544)
3428 4374 3480 4425 le
3500 4374 3754 4426 Cardinal
3789 4374 3855 4425 de
3876 4373 4146 4438 Tournon,

2197 4442 2413 4494 ennemi
2448 4443 2648 4510 capital
2684 4442 2752 4494 de
2788 4459 2921 4494 ceux
2970 4442 3035 4495 de
3083 4444 3136 4495 la
3173 4442 3449 4510 Religion,
3497 4442 3596 4494 fcit
3631 4447 3753 4494 tant
3789 4458 3894 4510 que
3929 4442 4150 4494 suivant

2197 4512 2276 4563 les
2312 4512 2600 4564 memoires
2638 4516 2694 4562 et
2728 4511 3048 4564 tresfausses
3082 4511 3438 4564 instructions
3473 4527 3738 4578 envoyees
3775 4528 3839 4562 en
3869 4510 4010 4563 Cour
4045 4525 4146 4577 par

2197 4580 2380 4649 Philip
2423 4596 2452 4632 e
2500 4580 2759 4633 Courtain
2806 4581 3037 4633 buissier
3081 4579 3154 4632 du
3191 4580 3502 4632 Parlcmcnt
3550 4580 3642 4643 (de
3677 4578 3995 4642 Provence),
4043 4593 4146 4645 par

2197 4598 2486 4717 lesquelles
2521 4649 2561 4700 il
2597 4648 2822 4701 donnoit
2856 4648 2890 4701 a
2924 4649 3186 4701 entendre
3224 4665 3328 4717 que
3376 4665 3511 4700 ceux
3546 4648 3614 4700 de
3650 4647 3917 4699 Merindol
3963 4650 4018 4697 et
4054 4662 4145 4697 au-

2196 4725 2312 4770 tres
2346 4719 2492 4771 leurs
2510 4718 2712 4770 voisins
2739 4718 2966 4786 jusques
2985 4736 3054 4771 au
3072 4717 3299 4771 nombre
3317 4716 3384 4769 de
3409 4715 3581 4770 15000
3603 4717 3845 4769 hommes
3868 4714 4148 4767 s’estoient

2199 4787 2302 4838 mis
2348 4804 2452 4838 aux
2498 4787 2651 4839 cham
2693 4804 2719 4838 s
2764 4785 2798 4838 a
2853 4787 3134 4853 enseignes
3180 4785 3368 4855 desplo
3407 4801 3496 4838 ees
3556 4804 3622 4839 en
3671 4784 4029 4837 deliberation
4077 4783 4146 4836 de

2198 4855 2433 4924 prendre
2483 4855 2656 4907 d’emb
2681 4872 2742 4908 ee
2786 4856 2841 4907 la
2887 4856 3013 4907 ville
3059 4856 3127 4908 de
3175 4854 3376 4908 Marsei
3401 4856 3450 4907 le
3498 4860 3554 4906 ct
3599 4853 3716 4906 d'en
3762 4852 3896 4904 faire
3939 4868 4147 4905 comme

2199 4941 2271 4977 un
2306 4929 2504 4976 canton
2540 4924 2742 4981 suisse,
2789 4925 2828 4975 il
2863 4942 2900 4993 y
2937 4929 3028 4975 eut
3075 4924 3243 4976 letres
3286 4928 3468 4976 tontes
3517 4922 3815 4975 contraires
3853 4921 4143 4990 expediees

2199 5010 2268 5045 au
2301 4992 2440 5044 mois
2476 4991 2543 5043 de
2579 4992 2800 5045 Iauvier
2834 4992 3147 5055 ensuivant,
3197 5009 3322 5045 sous
3358 4994 3408 5045 le
3445 5009 3570 5045 nom
3615 4990 3687 5042 du
3722 5005 4020 5059 procureur
4053 5007 4143 5059 ge-

2198 5060 2350 5113 neral
2387 5059 2461 5111 du
2497 5060 2613 5128 Roy
2651 5078 2718 5112 au
2755 5061 2955 5114 conseil
3029 5061 3171 5125 rive,
3216 5077 3357 5130 pour
3406 5066 3658 5113 executor
3692 5058 3829 5112 ledit
3864 5064 4041 5111 arrest
4076 5058 4144 5111 de

2198 5135 2529 5192 contumace,
2567 5146 2698 5182 avec
2732 5146 2975 5182 comman
3015 5137 3197 5181 ement
3230 5129 3544 5199 d‘emploier
3580 5130 3697 5180 Bau
3736 5132 3792 5180 et
3810 5127 4144 5180 Arriereban

2197 5196 2270 5249 du
2306 5198 2453 5265 pais,
2504 5214 2634 5250 avec
2678 5198 2757 5250 les
2807 5198 3012 5251 vieille-s
3059 5198 3263 5251 bandes
3312 5198 3380 5250 de
3415 5199 3667 5251 Piemont
3715 5197 3808 5267 qui
3856 5213 3914 5249 se
3950 5212 4145 5265 prepa-

2196 5267 2379 5319 roient
2429 5283 2566 5336 pour
2630 5268 2680 5319 le
2740 5283 2943 5335 voyage
3001 5266 3395 5336 d'Angleterre.
3503 5265 3606 5319 Oes
3660 5267 3851 5320 lettres
3909 5281 4143 5332 receues,

2198 5333 2452 5403 d’Opede,
2491 5336 2704 5403 espiant
2737 5334 3000 5388 l'absence
3035 5334 3108 5387 du
3127 5336 3213 5388 Sr.
3248 5335 3316 5388 de
3339 5335 3597 5404 Grignan,
3635 5336 3713 5388 les
3746 5335 3918 5403 garda
3951 5333 4143 5403 depuis
