4825 6175
197 453 310 518 673

191 660 328 706 meo
369 646 437 703 et
476 658 660 703 meae
701 637 985 703 nomine.
1072 635 1400 702 Dominus
1444 634 1630 700 Iesus
1672 642 1740 699 te
1783 632 1892 699 diu
1936 632 2125 699 nobis

192 731 398 793 servet
459 722 869 791 incolumem.
974 722 1159 787 Vale.
1267 724 1663 788 Lausannae
1727 721 1830 783 29.
1897 717 2126 784 Martii

196 813 367 875 1548·
1155 893 1336 958 'suns
1377 894 1622 959 Petrus
1665 890 1950 956 Viretus.

196 1155 208 1170 ο
301 1066 479 1168 ‘Mihi
525 1065 858 1192 ercidera4t
898 1064 978 1130 ad
1025 1071 1091 1130 te
1136 1063 1216 1130 de
1251 1083 1405 1166 conj

189 1152 610 1304 mm}
652 1148 1406 1321 ᾗῗῇέῑέᾛῖξῖῖέἕὲ

191 1332 282 1390 est
334 1324 766 1406 importunus,
869 1320 1157 1389 Obsecro
1215 1334 1291 1387 ut
1345 1321 1402 1387 si

191 1408 336 1494 quid
381 1408 582 1475 habes
638 1408 890 1476 consilii
955 1430 1104 1474 eum
1163 1415 1234 1472 et
1283 1428 1405 1473 nos

193 1496 307 1561 bac
349 1493 583 1562 liberes
617 1495 935 1560 molestia.

966 1784 1367 1796 -ss-——z

1051 2005 1245 2075 1⁰⁰5.

398 2161 1064 2229 MINISTRORUM
1111 2156 1914 2228 LAUSANNENSIUM

831 2260 1456 2330 DEOLARA'PIO.

354 2435 635 2501 Pertinet
675 2436 782 2502 hoc
822 2436 1246 2520 fraymentum
1287 2433 1615 2517 manifeste
1669 2432 1756 2498 ad
1797 2434 2132 2497 conio-over-

190 2522 346 2586 siam
398 2523 583 2588 illam
647 2542 807 2604 quae
854 2521 963 2586 hoc
1032 2526 1299 2603 tempore
1353 2519 1606 2586 Bemae
1672 2517 1994 2603 ayebatur,
2056 2537 2133 2583 ex

180 2607 681 2687 praecedentibus
721 2613 776 2673 et
824 2607 1217 2690 sequentibus
1260 2606 1466 2672 literis
1505 2606 1668 2673 satis
1722 2604 2043 2689 comitam.

193 2779 291 2845 (Re
330 2781 530 2833 erimus
576 2779 679 2834 hoe
722 2780 1082 2847 fragmentum
1129 2777 1430 2848 Bullingeri
1489 2793 1652 2830 mann
1698 2775 2029 2841 descriptum
2075 2775 2133 2828 iu

192 2847 242 2900 Δ
341 2850 439 2902 'vis
476 2848 660 2904 Turic.
712 2849 854 2902 Plut.
891 2843 1305 2985 Vfflissgoslgqff‘}
1349 2846 1480 2900 olim
1514 2845 1687 2899 Serin.
1722 2845 1783 2899 B.
1820 2844 1940 2899 Vol.
1972 2842 2040 2898 41
2079 2860 2132 2913 p.

194 3104 293 3172 De
352 3114 677 3191 potestate
740 3106 1024 3172 clavium
1089 3113 1157 3170 et
1220 3104 1509 3171 efficacia
1561 3103 1907 3170 ministerii
1953 3100 2136 3168 verbi

194 3189 518 3277 disputata
548 3193 998 3259 ministrorum
1035 3190 1450 3274 quorundam
1471 3189 2059 3255 Lausannensium.
2085 3192 2135 3264 ¹)

790 3364 1063 3429 Initium
1101 3362 1538 3444 desiderum.)

885 3517 1419 3583 Pronunciatum.

356 3654 490 3738 Qui
535 3656 745 3722 nescit
789 3675 858 3720 se
901 3653 1143 3719 habere
1187 3660 1578 3737 potestatem
1619 3651 1869 3736 ligandi
1913 3659 1980 3718 et
2012 3652 2136 3718 sol-

195 3739 398 3821 vendi,
444 3751 713 3828 peccata
767 3739 1094 3806 retinendi
1148 3748 1216 3805 et
1263 3738 1674 3817 remittendi,
1733 3739 1790 3803 is
1847 3737 2134 3803 ministri

193 3844 423 3894 munus
467 3828 640 3895 tueri
684 3827 868 3892 nullo
923 3826 1118 3891 modo
1170 3833 1411 3909 potest,
1473 3845 1679 3908 quum
1737 3845 1892 3890 suae
1948 3825 2133 3891 func·

194 3911 381 3978 tionis
422 3917 685 4000 ignoret
724 3913 1063 3979 rationem.

994 4100 1324 4166 Probatio.

352 4239 598 4306 Matth.
652 4243 726 4302 16
773 4245 840 4304 et
880 4238 1060 4302 Ioan.
1110 4242 1192 4303 20
1234 4236 1583 4320 utrobique
1621 4236 1953 4319 expressis
1993 4257 2134 4302 ver-

196 4318 286 4386 bis
349 4326 431 4391 ab
490 4327 633 4410 ipso
678 4323 963 4389 Domino
1019 4323 1284 4390 dicitur:
1352 4321 1544 4403 Quod
1598 4321 1965 4405 ligaveritis
2020 4329 2138 4387 aut

195 4406 517 4477 solveritis
533 4464 547 4490 ,
608 4430 886 4495 quorum
987 4419 1208 4476 eccata
1250 4407 1656 4474 retinueritis
1710 4414 1826 4472 aut
1866 4408 2134 4473 remise·

195 4491 348 4561 ritis.
456 4497 613 4564 Non
678 4496 863 4562 dicit:
996 4497 1189 4563 uibus
1250 4493 1794 4560 renunciaveritis
1859 4494 2135 4560 remissa

196 4595 329 4645 esse
371 4591 495 4652 etc.
595 4583 667 4649 Is
722 4590 824 4648 est
865 4580 1121 4647 Christi
1177 4590 1244 4647 et
1300 4581 1571 4666 spiritus
1629 4580 1838 4645 saneti
1896 4579 2132 4665 stylus,

198 4665 300 4745 qui
341 4668 488 4735 aliis
530 4668 750 4744 verbis
803 4668 1190 4734 sententiam
1211 4718 1226 4744 ,
1280 4667 1336 4733 si
1379 4665 1725 4744 voluisset,
1782 4666 2133 4732 enunciare

195 4752 525 4829 potuisset
615 4752 809 4836 Quod
867 4753 925 4818 si
981 4753 1087 4819 cui
1143 4775 1378 4837 parum
1474 4751 1798 4818 lacuerint
1853 4751 1978 4817 hae
2034 4750 2132 4816 di·

198 4837 376 4903 cendi
451 4849 568 4907 aut
643 4839 948 4924 loquendi
1026 4840 1303 4918 formae,
1383 4837 1437 4905 O
1490 4838 1649 4904 risto
1726 4846 1794 4903 et
1869 4837 2135 4924 spiritui

198 4930 430 5006 sancto,
478 4947 638 5012 quos
691 4926 1028 5009 sequimur
1083 4924 1282 4992 duces
1334 4930 1402 4990 et
1456 4930 1912 5009 praeceptores
1925 4974 1943 5002 ‚
1998 4943 2133 4989 non

197 5006 376 5073 nobis
418 5014 755 5078 irascatur.

197 5233 451 5365 mosi}
490 5232 936 5371 ἷὼῗθῗζυὲῗῆια
990 5318 1058 5356 0oe
1104 5301 1325 5357 flaua-2·
1368 5299 1553 5357 asarta
1595 5315 1737 5371 quae
1785 5300 2005 5357 hamc·
2054 5299 2134 5356 aa

196 5370 485 5432 mousom
518 5372 804 5442 sequentis.

399 5451 621 5510 Cama·
643 5470 828 5525 opera.
907 5455 1023 5512 Vel.
1060 5453 1206 5510 XII.

1730 449 1896 510 1548
1936 442 2621 512 MARQ——APRIM

4050 447 4178 511 674

2397 630 2548 698 Non
2591 630 2740 697 ideo
2783 630 3266 698 abhorrendum
3324 640 3425 700 est
3467 634 3549 700 ab
3591 636 3854 701 usitatis
3894 640 4183 721 scriptu-

2226 737 2340 782 rae
2385 716 2642 783 dicendi
2685 718 2913 783 formis
2962 718 3133 801 quod
3187 719 3346 802 ipsis
3403 719 3592 785 abusi
3647 730 3806 787 sunt
3863 725 4176 806 papistae.

2227 802 2494 886 Alioqui
2535 824 2918 888 cogeremur
2960 824 3000 868 a
3042 811 3180 869 tota
3223 804 3545 887 scriptura
3586 827 3773 873 sacra
3808 807 4185 891 abhorrere,

2228 895 2458 972 utpote
2501 910 2630 973 qua
2671 909 2808 954 non
2850 896 3110 955 tantum
3164 888 3478 957 haeretici
3531 889 3645 957 sed
3688 902 3753 956 et
3798 896 3972 978 magi
4017 894 4177 961 abu-

2225 980 2538 1125 tumulgeo
2581 1070 2881 1145 pugnant
2921 1062 3096 1125 iuter
3139 1083 3208 1127 se
3245 1061 3416 1146 quod
3460 1063 3567 1128 bic
3612 1061 3850 1128 dicitur
3871 1063 4179 1132 Christus

2228 1143 2484 1211 dedisse
2526 1152 2912 1226 potestatem
2960 1146 3342 1212 remittendi
3388 1155 3657 1231 peecata
3698 1147 4058 1235 discipulis,
4112 1159 4181 1219 et
4291 1145 4301 1157 '

2225 1230 2399 1314 qnod
2454 1231 2609 1297 alibi
2659 1229 2968 1297 scribitur
3030 1233 3207 1298 solus
3271 1235 3456 1299 Deus
3520 1234 3850 1300 remittere
3914 1247 4181 1320 peccata

2227 1315 2506 1398 (Iesaiae
2548 1320 2661 1396 423
2702 1317 2913 1383 Marci
2948 1321 3038 1392 2).
3105 1319 3468 1402 Utrobique
3511 1319 3685 1385 enim
3725 1319 4015 1405 loquitur
4042 1325 4179 1391 Do-

2228 1402 2468 1468 minus.
2569 1401 2814 1469 Iccireo
2870 1403 3264 1487 scripturam
3316 1414 3664 1488 sequentes
3720 1409 3866 1473 iure
3917 1429 4179 1477 asseve-

2229 1509 2378 1554 rare
2420 1508 2785 1572 possumus,
2830 1488 3048 1554 Deum
3105 1510 3246 1555 esse
3282 1490 3393 1573 qui
3435 1490 3596 1574 liget
3638 1497 3704 1556 et
3745 1493 3972 1571 solvat,
4016 1516 4180 1561 eun-

2230 1572 2508 1655 demque
2552 1582 2945 1658 potestatem
2991 1574 3245 1641 dedisse
3302 1576 3441 1640 suis
3486 1574 3822 1659 discipulis
3839 1630 3854 1656 ,
3915 1578 4028 1644 sed
4072 1569 4179 1646 ra-

2227 1660 2411 1724 tione
2434 1659 2710 1725 diversa.
2777 1661 2961 1726 Dens
3005 1662 3180 1725 enim
3204 1663 3262 1725 is
3305 1675 3403 1726 est
3446 1663 3559 1744 qui
3593 1683 3714 1728 sua
3747 1664 3953 1747 ipsius
3996 1675 4180 1732 auto-

2230 1744 2429 1810 ritate
2485 1756 2553 1809 et
2605 1752 2927 1829 potestate
2987 1746 3313 1823 absoluta,
3383 1767 3423 1810 a
3480 1747 3661 1812 nullo
3717 1749 3842 1813 alio
3897 1760 4180 1834 accepta,

2229 1838 2501 1915 peccata
2542 1832 2849 1896 remittit:
2910 1832 3105 1897 homo
3162 1840 3379 1897 autem
3441 1834 3513 1896 in
3566 1854 3637 1898 se
3689 1834 3939 1899 nullam
3980 1836 4183 1903 habet

2231 1924 2640 1999 potestatem.
2728 1917 2874 1983 Imo
2915 1937 3002 1983 ne
3064 1920 3279 2002 ipsum
3337 1916 3597 2001 quidem
3640 1919 3920 1985 verbum
3965 1931 4181 1989 exter-

2232 2022 2394 2067 num
2411 2053 2426 2079 ,
2485 2022 2611 2085 quo
2652 2011 2920 2081 peccata
2962 2005 3364 2069 nunciantur
3408 2006 3700 2082 remissa,
3745 2006 4001 2073 solvere
4046 2030 4182 2075 non

2229 2097 2457 2172 posset
2498 2108 2620 2153 sua
2660 2090 2929 2154 virtute.
3022 2089 3482 2155 Absolvuntur
3522 2112 3678 2175 ergo
3719 2091 4019 2159 homines
4054 2095 4185 2161 Dei

2230 2174 2497 2254 virtute,
2542 2174 2656 2258 qui
2699 2195 2817 2257 per
2858 2196 3053 2240 suum
3086 2175 3391 2258 spiritum
3418 2177 3497 2241 in
3539 2177 3742 2243 verbo
3785 2178 4019 2245 efficax
4063 2188 4184 2260 est,

2231 2260 2475 2342 quique
2516 2259 2585 2325 id
2619 2268 2912 2345 praestat
2950 2261 3021 2325 in
3056 2260 3294 2326 animis
3329 2270 3398 2326 et
3432 2262 3648 2339 efficit,
3692 2262 3866 2345 quod
3902 2266 3970 2329 in
4008 2269 4184 2332 auri-

2231 2345 2355 2410 bus
2396 2344 2676 2410 verbum
2720 2354 3067 2412 externum
3111 2355 3439 2428 personat.

2404 2431 2696 2497 Proinde
2737 2433 2796 2497 si
2838 2433 3059 2497 omnia
3100 2434 3372 2516 propius
3413 2434 3857 2518 expendamus
3889 2457 4025 2501 non
4060 2440 4185 2503 mi-

2234 2516 2431 2582 nistri
2449 2519 2508 2602 2>
2552 2525 2655 2583 est
2695 2519 2957 2600 proprie
2998 2520 3105 2602 qui
3152 2528 3416 2601 peccata
3449 2520 3732 2586 remittit
3775 2530 3888 2586 aut
3927 2523 4192 2604 retinet,

2235 2602 2350 2668 sed
2407 2605 2553 2687 ipse
2609 2606 2877 2687 spiritus
2934 2613 3201 2669 sanctus
3259 2606 3373 2689 qui
3438 2612 3539 2670 est
3594 2607 3660 2672 in
3720 2627 3832 2671 ore
3889 2609 4192 2689 ministri,

2234 2688 2425 2754 velut
2460 2690 2531 2753 iu
2560 2709 2805 2774 organo
2850 2710 2891 2754 a
2933 2711 3003 2755 se
3047 2689 3269 2756 electo.
3337 2691 3620 2774 Propria
3655 2712 3811 2777 ergo
3844 2697 4195 2760 autoritate

2236 2774 2518 2840 remittit
2534 2774 2759 2840 0Deus.
2840 2773 3133 2841 Ministri
3176 2778 3523 2841 remittunt
3583 2786 3906 2860 potestate
3964 2788 4031 2843 et
4074 2801 4193 2845 an-

2235 2860 2504 2925 teritate
2547 2861 2628 2926 ab
2671 2860 3073 2945 illo‘spiritu
3118 2862 3190 2926 in
3224 2862 3319 2928 eis
3366 2869 3605 2946 agente
3638 2872 3908 2947 accepta
3951 2873 4020 2929 et
4060 2865 4193 2932 illis

2236 2945 2424 3013 velut
2464 2948 2730 3030 organis
2774 2954 3017 3013 utente.

2411 3031 2517 3098 De
2559 3031 2826 3099 Christo
2871 3031 3156 3099 Domino
3213 3033 3491 3118 legimus
3533 3036 3604 3099 in
3650 3034 3824 3101 Isaia
3863 3042 3931 3101 et
3972 3036 4191 3105 Luca:

2239 3115 2347 3183 Ad
2390 3117 2982 3203 evangelizandum
3039 3121 3221 3185 misit
3270 3141 3380 3184 me
3432 3129 3508 3185 ut
3555 3120 4002 3204 praedicarem
4045 3144 4194 3208 cap-

2236 3204 2396 3270 tivis
2439 3204 2812 3271 libertatem
2851 3212 2971 3272 ete.
3039 3206 3192 3273 Huc
3236 3206 3462 3271 allusit
3501 3205 3682 3272 baud
3725 3205 3918 3274 dubie
3961 3210 4194 3275 Domi-

2237 3312 2364 3356 nus
2405 3311 2609 3373 quum
2648 3293 2955 3358 emittens
3001 3291 3353 3375 discipulos
3398 3312 3546 3356 suos
3604 3291 3792 3357 dicit:
3853 3293 4045 3362 Sicut
4085 3317 4194 3363 me

2237 3376 2420 3442 misit
2461 3385 2667 3460 pater,
2712 3379 2810 3442 ita
2843 3398 2964 3462 ego
2998 3399 3119 3445 vos
3155 3379 3377 3442 mitto:
3422 3398 3959 3463 quorumcunque
3997 3383 4194 3446 remi-

2239 3463 2459 3528 seritis
2513 3472 2633 3528 etc.
2733 3464 3001 3547 Alioqui
3071 3464 3218 3548 quis
3276 3471 3449 3529 esset
3499 3485 3658 3530 usus
3723 3466 4072 3532 ministerii
4135 3468 4194 3533 si

2236 3547 2462 3614 nullus
2505 3555 2891 3631 sequeretur
2931 3550 3246 3615 effeetus?

2410 3635 2503 3699 Et
2544 3635 2708 3701 haec
2767 3635 2934 3699 ratio
2990 3636 3366 3702 remittendi
3424 3644 3694 3717 peccata
3735 3657 3853 3718 per
3895 3636 4191 3703 ministe-

2238 3718 2409 3783 rium
2455 3727 2523 3783 et
2566 3721 2899 3786 ministros
2956 3741 3087 3785 non
3144 3721 3296 3803 plus
3352 3721 3627 3803 derogat
3669 3719 3933 3786 divinae
3980 3730 4193 3805 potes-

2238 3807 2390 3884 tati,
2465 3826 2658 3889 quam
2717 3806 2943 3873 nuncii
3004 3815 3120 3872 aut
3174 3807 3564 3890 apparitoris
3620 3807 3892 3871 alicuius
3950 3808 4102 3873 data
4149 3831 4191 3875 a

2238 3892 2529 3975 principe
2586 3900 2879 3975 potestas
2943 3893 3298 3958 autoritate
3362 3904 3429 3959 et
3493 3902 3809 3975 potestate
3872 3894 4192 3979 principis

2239 3975 2678 4043 denunciandi
2723 3977 3173 4045 liberationem
3217 3986 3333 4046 aut
3373 3976 4001 4045 condemnationem.

2902 4184 3421 4251 Pronunciatum
3467 4188 3525 4247 4.

2411 4321 2606 4386 Dona
2649 4322 3020 4405 spiritualia
3061 4343 3259 4405 quum
3297 4322 3682 4404 impertiant
3715 4321 3998 4386 ministri
4033 4343 4187 4387 con-

2237 4407 2630 4490 firmentque
2673 4406 2915 4485 fideles,
2962 4408 3075 4490 qui
3118 4429 3227 4473 eos
3277 4413 3668 4490 aspernatur
3710 4427 3845 4471 non
3889 4405 4191 4473 homines

2238 4491 2355 4558 sed
2398 4491 2616 4558 oblata
2658 4493 2827 4559 dona
2869 4493 3139 4577 spiritus
3173 4505 3578 4576 aspernatur,
3624 4491 3903 4575 denique
3938 4491 4188 4558 donan-

2236 4585 2371 4644 tem
2414 4579 2790 4645 contemnit.

3054 4782 3380 4850 Probatio.

2405 4921 2601 4987 Rom.
2655 4927 2683 4985 1
2748 4919 2908 4986 dicit
2947 4920 3196 4986 Paulus
3214 4972 3230 4999 ‚
3290 4941 3361 4986 se
3419 4917 3630 4985 teneri
3686 4917 4006 4985 desiderio
4048 4921 4191 4986 Ro-

2234 5028 2467 5073 manos
2508 5005 2800 5086 videndi,
2844 5013 2922 5071 nt
2965 5006 3212 5091 aliquid
3257 5005 3407 5070 doni
3452 5003 3809 5086 spiritualis
3850 5006 4193 5088 impertiat

2235 5094 2330 5159 eis
2394 5100 2463 5158 et
2524 5093 2864 5159 confirmet
2928 5113 3056 5159 eos.
3141 5092 3348 5157 Novit
3408 5089 3657 5155 Paulus
3720 5087 3790 5154 id
3846 5091 3975 5156 Dei
4079 5113 4193 5159 ro-

2234 5179 2455 5263 prium
2500 5198 2644 5244 esse
2688 5201 2764 5245 ac
2808 5179 3112 5263 spiritus:
3159 5197 3291 5242 non
3336 5174 3679 5241 abhorruit
3719 5184 3944 5243 tamen
3985 5197 4027 5243 a
4105 5201 4191 5245 ea

2440 5368 2503 5434 2)
2538 5369 2647 5423 sic!

3702 5447 3773 5504 43
