4825 6175
644 461 772 525 307

644 645 897 719 auxilio
935 644 1165 710 futura
1208 650 1369 721 erat,
1413 640 1805 726 praesertim
1845 642 2036 725 pueri
2079 641 2191 727 0111
2237 642 2405 708 1111111
2448 663 2602 709 con-

641 733 906 800 vivunt.
995 728 1131 796 Sed
1169 740 1509 813 postquam
1553 729 1646 792 ita
1687 727 1834 793 vult
1863 727 2214 808 Dominus,
2253 727 2602 813 praestabo

641 838 794 886 eum
839 817 920 882 iis
963 815 1076 900 qui
1129 814 1294 879 mihi
1353 814 1564 879 relicti
1619 820 1776 879 sunt
1830 813 2001 897 quod
2057 820 2300 898 potero.
2389 812 2604 879 Valde

643 913 868 970 metuo
907 922 994 967 ne
1028 900 1401 985 propediem
1438 907 1791 965 matertera
1824 920 2080 983 quoque
2112 899 2353 982 priver,
2396 899 2606 984 proba

641 989 955 1066 muliere,
1014 986 1241 1053 multis
1285 987 1417 1051 iam
1470 986 1664 1050 annis
1722 994 1999 1070 gravata
2055 994 2124 1049 et
2178 985 2348 1054 lecto
2404 987 2605 1052 affixa

642 1074 908 1142 laterali
943 1073 1187 1139 morb0.
1279 1071 1450 1156 (Imo
1493 1092 1695 1154 quum
1754 1070 1919 1137 0880
1975 1071 2109 1135 18111
2166 1071 2250 1137 811
2293 1080 2358 1138 18
2399 1073 2605 1154 scrip·

645 1162 899 1237 sissem,
945 1158 1274 1224 Dominus
1324 1158 1596 1241 probam
1637 1166 1706 1222 et
1747 1164 2046 1224 sanctam
2091 1156 2360 1224 viduam
2404 1156 2490 1223 ad
2532 1178 2603 1223 se

645 1245 960 1328 vocavit.)
990 1249 1040 1323 ι)
1108 1242 1243 1310 Sed
1280 1241 1437 1327 quid
1478 1252 1545 1308 te
1588 1243 1834 1307 frustra
1877 1242 2141 1308 detineo
2184 1243 2603 1311 recensendis

644 1332 812 1397 meis
890 1327 1419 1397 calamitatibus?
1521 1326 1938 1394 condonabis
2015 1329 2181 1396 meis
2259 1329 2601 1396 affectibus

642 1415 883 1500 quibus
926 1417 1230 1500 abripior.
1318 1415 1490 1480 Nam
1535 1413 1767 1480 videor
1810 1414 1978 1479 mihi
2030 1413 2251 1498 aliqua
2292 1436 2378 1480 ex
2416 1423 2603 1499 parte

643 1502 755 1568 his
810 1501 1001 1567 1118118
1054 1502 1313 1568 levatus
1330 1552 1345 1578 ‚
1401 1521 1606 1583 quum
1665 1521 1843 1566 meas
1897 1501 2197 1569 miserias
2252 1500 2323 1565 in
2380 1505 2602 1565 sinum

642 1589 1007 1654 amicorum
1053 1584 1253 1652 effudi
1272 1637 1287 1663 ‚
1345 1607 1621 1669 quorum
1673 1587 1744 1651 in
1797 1606 2076 1651 numero
2133 1607 2266 1652 non
2321 1586 2606 1653 arbitror

641 1682 712 1739 te
824 1682 1144 1740 ostremas
1207 1682 1451 1737 tenere.
1551 1669 1688 1737 Sed
1753 1670 1834 1737 de
1888 1671 1993 1738 his
2057 1671 2208 1755 plus
2257 1673 2434 1739 satis.
2524 1671 2602 1738 Si

640 1696 820 1843 quiclJ
844 1758 1125 1843 amplius
1169 1759 1332 1824 scire
1377 1756 1560 1839 cupis
1595 1755 1677 1822 de
1711 1756 1907 1823 rebus
1941 1759 2201 1837 nostris,
2244 1757 2353 1825 hic
2395 1757 2602 1825 tabel-

640 1845 850 1911 larius
883 1845 1089 1910 frater
1122 1844 1291 1909 mihi
1324 1842 1703 1909 carissimus
1740 1852 1809 1909 et
1840 1843 2008 1909 mihi
2042 1843 2377 1911 convictor
2408 1843 2605 1929 plura

641 1932 889 1998 referet
930 1937 1000 1996 et
1042 1929 1123 1995 de
1167 1938 1343 1999 statu
1387 1928 1759 1995 scholarum
1800 1937 2200 2010 nostrarum,
2247 1929 2327 1994 de
2369 1930 2605 2013 quibus

641 2017 846 2083 velim
891 2024 959 2081 te
1001 2016 1248 2100 optima
1290 2034 1587 2098 quaeque
1629 2035 1911 2098 sperare.

816 2100 1032 2168 Valde
1073 2100 1238 2166 mihi
1282 2100 1492 2166 doluit
1533 2121 1736 2184 quum
1776 2100 2074 2168 intellexi
2123 2121 2208 2166 ex
2251 2098 2601 2185 postremis

640 2188 778 2253 tuis
842 2187 1052 2253 literis
1118 2196 1519 2270 quantopere
1572 2186 1776 2252 fueris
1833 2187 2270 2254 conturbatus
2332 2186 2601 2268 01181818

644 2272 826 2340 Pom·
868 2274 965 2338 tui
1008 2272 1090 2338 de
1137 2270 1446 2340 Gorderio.
1468 2274 1528 2351 ²)
1613 2273 1784 2338 Rem
1828 2293 2087 2338 omnem
2134 2272 2456 2357 exquisivi
2500 2270 2598 2336 di·

639 2358 927 2444 ligenter
943 2409 959 2437 ,
1020 2380 1153 2424 non
1207 2358 1418 2424 solum
1474 2377 1515 2422 a
1561 2356 1885 2435 00νᾶ0110,
1941 2358 2057 2425 8811
2112 2379 2153 2424 8
2205 2357 2428 2442 pueris
2484 2357 2600 2442 qui

641 2454 845 2511 testes
902 2443 1141 2510 oculati
1195 2445 1458 2509 fuerant
1512 2451 1581 2508 et
1626 2442 1805 2509 Petri
1857 2442 2064 2527 ipsius
2121 2443 2596 2527 condiscipulis.

641 2528 721 2597 Si
786 2551 928 2594 rem
988 2527 1189 2613 probe
1254 2540 1512 2595 teneres
1528 2579 1543 2607 ,
1618 2550 1753 2595 non
1829 2527 2153 2595 iudicares
2226 2528 2597 2597 Corderium

638 2636 885 2700 magna
939 2615 1212 2682 haerere
1269 2616 1341 2680 in
1406 2614 1617 2698 culpa.
1729 2613 1941 2680 Crede
2004 2614 2169 2680 mihi
2231 2611 2598 2683 cordarium

638 2722 773 2768 non
817 2721 1007 2769 secus
1056 2701 1363 2767 affectum
1421 2701 1493 2765 in
1550 2708 1741 2766 tuum
1796 2701 2006 2766 filium
2063 2721 2259 2784 quam
2312 2701 2383 2765 in
2441 2721 2595 2766 suos

637 2788 848 2872 ipsius
892 2787 1150 2866 liberos,
1194 2787 1324 2852 nisi
1365 2807 1475 2851 me
1519 2785 1709 2851 valde
1765 2786 2026 2852 animus
2079 2794 2148 2852 et
2184 2788 2596 2853 coniecturae

640 2893 869 2939 omnes
920 2872 1181 2939 fallunt.
1280 2871 1428 2938 Scis
1483 2892 1618 2956 qua
1681 2870 1808 2939 fide
1873 2872 2105 2938 doceat
2168 2880 2238 2937 et
2287 2873 2598 2938 instituat

638 2979 868 3027 omnes
886 3009 902 3037 ‚
962 2958 1351 3041 praesertim
1406 2977 1518 3022 eos
1573 2957 1689 3040 qui
1738 2956 1913 3041 apud
1966 2980 2074 3024 me
2115 2967 2342 3042 agunt,
2387 2978 2595 3043 quum

637 3065 790 3112 mea
832 3051 974 3112 tum
1001 3043 1290 3114 maxime
1310 3053 1426 3110 tua
1449 3051 1517 3111 et
1535 3042 1816 3110 aliorum
1838 3063 2039 3112 eausa
2059 3065 2100 3111 a
2132 3044 2370 3128 quibus
2408 3044 2596 3129 pueri

637 3131 806 3197 mihi
848 3131 1292 3200 commendati
1333 3139 1509 3197 sunt.
1600 3132 1695 3197 'Pe
1748 3130 1958 3215 igitur
2016 3131 2284 3197 obsecro
2338 3138 2414 3195 ut
2456 3152 2594 3196 om-

637 3238 794 3284 nem
851 3216 1132 3284 revellas
1186 3238 1274 3283 ex
1325 3217 1545 3282 81111110
1603 3216 1944 3284 sinistram
1998 3217 2435 3301 suspicionem
2451 3266 2470 3296 ,
2537 3218 2596 3281 si

638 3324 836 3387 quam
900 3302 982 3369 de
1044 3302 1337 3369 Gorderio
1400 3304 1800 3387 conceperis.
1897 3303 2267 3370 Meministi
2330 3303 2404 3367 in
2465 3304 2595 3368 tuis

633 3390 849 3455 literis
892 3388 975 3456 de
1020 3388 1216 3454 Gallo
1257 3387 1558 3470 quodam,
1602 3390 1751 3456 viro
1792 3388 1984 3469 bone,
2027 3390 2142 3472 0111
2182 3389 2439 3472 pridem
2473 3387 2597 3453 tibi

635 3476 937 3541 futurum
998 3473 1358 3559 praedixit,
1437 3495 1521 3540 ne
1599 3496 1783 3559 spem
1848 3495 2160 3559 magnam
2220 3474 2595 3559 conciperes

636 3561 892 3628 fructus
935 3581 1127 3644 quem
1187 3580 1271 3626 ex
1319 3559 1607 3627 Gor-derit
1663 3560 2005 3644 disciplina
2061 3569 2129 3626 et
2180 3561 2593 3626 institutione

637 3646 817 3711 filius
878 3655 1030 3712 tuus
1086 3655 1260 3712 esset
1318 3654 1806 3730 reportaturus,
1865 3646 2037 3730 quod
2084 3647 2146 3711 ei
2199 3645 2595 3712 suboluisset

637 3732 853 3798 filium
894 3731 1042 3797 odio
1086 3732 1305 3815 aliquo
1361 3730 1534 3816 apud
1583 3731 1949 3799 corderium
1988 3732 2301 3798 laborare.
2391 3730 2593 3813 Quis·

638 3819 786 3901 quis
828 3817 944 3883 ille
985 3817 1142 3882 mali
1187 3817 1384 3883 huius
1447 3818 1801 3884 testimonii
1859 3818 2141 3885 nuncius
2181 3819 2408 3897 fuerit,
2469 3819 2593 3884 000

639 3904 852 3970 81181111
917 3924 1238 3981 asserere,
1316 3904 1675 3969 maximam
1741 3904 1823 3969 ab
1889 3926 1964 3968 eo
2027 3905 2386 3988 irrogatam
2452 3925 2594 3970 8888

643 3989 938 4055 Gorderio
976 3989 1306 4054 iniuriam.
1396 3990 1570 4054 Nam
1610 3990 1668 4055 si
1711 3988 1779 4054 id
1824 3988 1904 4054 de
1937 3991 2270 4055 industria
2311 3990 2483 4072 apud
2528 3998 2594 4054 te

641 4073 980 4151 detulerit,
1037 4082 1115 4140 ut
1149 4084 1478 4159 ‘gravaret
1521 4077 1740 4140 virum
1782 4077 2026 4142 bonum
2070 4076 2243 4161 apud
2288 4077 2594 4153 amicum,

639 4162 866 4244 inique
931 4163 1174 4226 factum
1240 4169 1357 4226 est.
1459 4160 1580 4227 Sin
1636 4160 1705 4225 id
1762 4161 1900 4227 sola
1953 4163 2319 4246 suspicione
2374 4171 2595 4227 motus

641 4248 867 4331 egerit,
913 4246 1206 4312 nondum
1249 4245 1474 4312 didicit
1528 4249 1869 4313 caritatem
1930 4270 2060 4312 non
2116 4268 2258 4314 8888
2302 4249 2595 4331 suspica-

641 4354 803 4412 cem,
851 4354 971 4400 nec
1015 4354 1143 4415 quo
1188 4333 1469 4398 candore
1514 4333 1595 4397 de
1631 4333 1795 4399 viris
1839 4333 2027 4399 bonis
2072 4342 2140 4398 et
2177 4333 2380 4399 doctis
2424 4334 2594 4398 iudi-

643 4419 928 4486 candum
983 4430 1100 4483 est.
1204 4420 1298 4483 '1¹0
1355 4420 1561 4503 igitur
1615 4441 1762 4496 010,
1831 4441 1917 4485 118
1977 4420 2166 4486 facile
2221 4418 2595 4484 huiusmodi

643 4506 902 4570 nunciis
944 4503 1142 4569 fidem
1177 4504 1502 4570 adhibeas.
1593 4506 1803 4571 Miror
1847 4527 2004 4571 sane
2043 4505 2410 4572 Cordert'wm
2452 4507 2597 4570 istic

643 4601 713 4656 et
756 4591 929 4673 apud
975 4591 1135 4655 alios
1170 4589 1484 4673 quosdam
1523 4601 1656 4655 tam
1691 4591 1862 4657 male
1897 4592 2145 4670 audire,
2192 4613 2394 4674 quum
2430 4591 2599 4656 nihil

645 4677 927 4742 viderim
973 4697 1258 4757 unquam
1317 4699 1391 4741 80
1450 4678 1738 4743 sanctius
1796 4687 1863 4742 et
1919 4679 2351 4755 innocentius,
2411 4679 2598 4742 cuius

643 4762 986 4846 probitatis
1032 4773 1100 4825 ct
1141 4763 1550 4828 innocentiae
1586 4775 1725 4827 tota
1769 4784 1975 4846 paene
2021 4764 2259 4842 Gallia,
2303 4785 2599 4846 praeser-

670 5034 804 5088 775.
847 5035 902 5098 1)
940 5035 1097 5088 Haec
1139 5035 1466 5089 Ruetschius
1513 5037 1572 5089 in
1601 5036 1918 5104 parenthesi
1953 5038 2126 5090 textui
2158 5040 2404 5092 inscruit.
2478 5037 2602 5092 Nos

645 5105 993 5172 suspicamur
1028 5120 1140 5157 esse
1167 5106 1580 5172 post-scriptum
1616 5106 1676 5157 in
1710 5106 1956 5174 margine
1989 5105 2256 5160 additum.

851 5172 907 5239 2)
959 5173 1376 5227 Ναΐα-0111111183
1417 5174 1668 5228 Gorderz'i
1696 5175 1852 5238 fama
1883 5182 2163 5242 permotus
2269 5179 2292 5230 s·
2326 5192 2476 5229 auno
2511 5192 2599 5228 su-

644 5245 861 5309 periore
906 5241 1180 5295 Neoeomo
1233 5243 1593 5296 Lausannam
1647 5249 1872 5298 vocatus
1913 5245 2100 5309 fuerat
2150 5245 2170 5307 (
2243 5285 2254 5297 .
2312 5243 2431 5298 697.
2469 5243 2597 5308 724)

643 5311 831 5445 ᾷῑὲιιίηιι,
856 5309 1274 5433 ετέιιίηιάΡετνυηι
1311 5314 1427 5365 eia-s
1475 5313 1688 5367 scholae
1733 5312 2064 5378 tradiderat,
2113 5315 2278 5368 simul
2320 5316 2381 5368 in
2432 5315 2605 5369 Vireti

676 5396 763 5433 am
808 5396 866 5432 ια
957 5395 1022 5433 en
1064 5396 1167 5434 um.

2203 450 2732 523 EPISwohffl
2775 454 3116 521 775-776

4520 456 4617 522 308

2705 641 2830 707 tim
2888 663 3045 709 vero
3122 641 3457 708 academia
3519 642 3913 709 Parisiensis
4011 651 4078 707 et
4149 640 4618 725 Burdigalensis

2706 729 2894 796 testis
2940 738 3056 809 est,
3074 730 3132 813 ⁸)
3176 728 3337 794 adeo
3392 729 3473 793 de
3515 731 3655 796 eius
3709 729 4002 794 doctrina
4044 726 4173 793 fide
4217 734 4285 793 et
4327 726 4619 811 probitate

2706 814 2871 880 bene
2915 836 3262 898 persuasa,
3319 822 3394 879 ut
3448 814 3622 881 hunc
3681 834 3838 898 prae
3883 813 4151 896 reliquis
4181 812 4491 879 omnibns
4529 834 4621 897 op-

2707 907 2868 980 tent,
2914 901 3026 984 qui
3070 902 3356 966 hominis
3412 921 3626 966 mores
3683 909 3749 966 et
3805 899 4235 965 eruditionem
4291 899 4492 983 probe
4529 920 4623 965 ex-

2706 985 2961 1069 plorata
3005 985 3266 1052 habent.
3371 985 3506 1066 Qui
3559 989 3633 1052 fit
3689 986 3897 1070 igitur
3949 993 4029 1051 ut
4082 983 4261 1070 apud
4317 1005 4438 1051 nos
4490 984 4626 1052 adeo

2705 1072 3019 1138 vilescat?
3088 1075 3229 1138 Aut
3271 1074 3410 1154 ipse
3451 1073 3836 1138 immutatus
3879 1079 3998 1150 est,
4043 1078 4157 1136 aut
4190 1071 4402 1137 nostri
4444 1069 4628 1136 homi-

2706 1178 2825 1223 nes
2866 1158 3135 1241 reliquis
3176 1170 3331 1223 sunt
3373 1160 3774 1224 morosiores.
3842 1157 4149 1223 Eundem
4193 1178 4354 1221 vero
4397 1176 4632 1241 semper

2706 1263 2850 1309 esse
2893 1244 3007 1327 qui
3051 1244 3207 1321 fuit,
3273 1242 3467 1309 audio
3512 1244 3595 1310 ab
3639 1245 3720 1309 iis
3763 1245 3873 1326 qui
3919 1244 4119 1327 longa
4160 1243 4336 1309 vitae
4380 1263 4633 1308 consue-

2705 1328 2949 1395 tudine·
2976 1329 3262 1395 hominis
3296 1329 3636 1413 ingenium
3680 1335 4095 1412 perspectum
4140 1328 4407 1394 habent.
4470 1326 4634 1396 Haeo

2706 1414 2919 1481 scribo
2963 1413 3048 1480 ad
3089 1424 3156 1481 te
3198 1415 3588 1481 familiarius
3646 1415 3819 1499 quod
3879 1415 4083 1481 sciam
4140 1435 4288 1479 eum
4347 1414 4471 1479 tibi
4511 1435 4637 1479 esse

2707 1502 3194 1579 amicissimum,
3239 1501 3536 1585 quodque
3570 1501 3710 1566 eius
3759 1508 3979 1583 partes
4015 1510 4280 1566 strenue
4325 1499 4638 1565 sustinue-

2705 1586 2799 1652 ris
2841 1586 3158 1653 adversus
3203 1609 3311 1653 eos
3353 1589 3465 1671 qui
3511 1588 3845 1652 hominem
3889 1587 4405 1665 calumniantur,
4462 1605 4547 1649 ne
4582 1594 4641 1650 te

2707 1672 2980 1757 posthac
3033 1673 3322 1739 instituti
3365 1676 3727 1757 poeniteat,
3790 1673 4179 1755 desinasque
4220 1672 4439 1738 facere
4482 1670 4641 1755 quod

2701 1757 3019 1825 hactenus
3062 1758 3289 1826 fecisti.
3378 1759 3551 1825 Nam
3595 1758 3752 1824 dum
3796 1757 4081 1824 hominis
4126 1757 4380 1823 nomini
4422 1778 4643 1823 consu-

2704 1843 2805 1921 lis,
2850 1866 2983 1909 non
3026 1848 3228 1910 unius
3268 1844 3553 1911 Cameria·
3595 1843 3877 1911 consulis
3910 1844 4145 1909 honori
4187 1851 4252 1908 et
4297 1840 4643 1909 commodis

2705 1928 2821 1994 sed
2862 1929 3050 1996 bonis
3094 1930 3347 1996 studiis.

2877 2014 3074 2097 Quod
3118 2024 3337 2081 autem
3376 2015 3729 2099 suspicaris
3755 2013 4120 2081 Gorderium
4159 2014 4324 2079 forte
4368 2020 4487 2077 tuo
4522 2010 4645 2077 filio

2703 2101 3052 2180 infensum,
3097 2102 3268 2185 quod
3312 2101 3371 2166 ei
3417 2123 3548 2166 non
3592 2100 3993 2167 commiseris
4038 2096 4476 2177 educandum,
4533 2097 4645 2164 000

2701 2186 2872 2253 0808
2914 2208 3319 2270 persuasum,
3368 2186 3733 2255 Gorderium
3769 2207 3901 2251 uon
3944 2184 4012 2250 id
4059 2185 4289 2250 tulisse
4330 2184 4646 2268 iniquiore

2702 2273 2920 2337 animo
2962 2294 3160 2356 quam
3204 2294 3354 2357 ege,
3408 2273 3582 2356 quod
3635 2294 3742 2337 me
3794 2271 4104 2338 iudicaris
4148 2269 4268 2335 tibi
4308 2278 4451 2335 tam
4495 2272 4646 2335 ami·

2700 2378 2853 2423 cum
2897 2366 2963 2423 et
3005 2357 3279 2442 dignum
3323 2361 3507 2424 cuius
3552 2358 3931 2442 disciplinae
3989 2355 4382 2422 domesticae
4427 2355 4648 2441 optimi

2701 2444 2991 2528 parentis
3057 2445 3342 2527 optimae
3418 2445 3556 2529 spei
3619 2445 3795 2509 filius
3859 2443 4454 2509 commendaretur.
4563 2442 4649 2507 At

2700 2530 2992 2595 obiicies:
3038 2531 3149 2612 qui
3194 2532 3271 2595 fit
3313 2552 3467 2616 ergo
3502 2538 3577 2594 nt
3620 2538 3759 2594 tam
3793 2530 3967 2594 male
4011 2527 4091 2594 de
4126 2528 4263 2593 filio
4298 2536 4648 2606 mereatur,

2700 2615 2886 2681 velut
2907 2616 3337 2700 pristinorum
3359 2636 3657 2682 meorum
3694 2616 3766 2681 in
3796 2637 3866 2681 se
3901 2614 4366 2681 beneficiorum
4391 2614 4649 2697 penitus

2696 2701 3083 2766 immemor?
3172 2701 3541 2785 Disciplina
3582 2706 3686 2767 est
3725 2701 4114 2766 scholastica
4156 2719 4285 2782 qua
4323 2701 4400 2763 in
4445 2699 4651 2764 filium

2699 2807 2863 2853 usus
2904 2794 3025 2866 est,
3066 2808 3201 2853 non
3241 2788 3513 2853 iniuria:
3572 2807 3784 2870 neque
3839 2785 4063 2852 dubito
4122 2786 4279 2869 quin
4323 2784 4510 2851 idem
4552 2805 4651 2850 ac-

2701 2883 2887 2938 turus
2932 2873 3131 2938 fuerit
3184 2874 3257 2937 in
3299 2895 3492 2939 suum
3538 2873 3745 2957 ipsius
3804 2871 4012 2937 filium
4071 2872 4129 2937 si
4184 2870 4343 2955 quid
4405 2873 4470 2937 ei
4528 2870 4652 2936 tale

2698 2959 3088 3043 contigisset
3196 2959 3466 3025 Nullum
3527 2960 3774 3023 crimen
3832 2967 3983 3023 tuus
4047 2956 4275 3023 Petrus
4337 2954 4653 3022 dedecore

2699 3044 2971 3131 dignum
3012 3045 3395 3125 admiserat,
3450 3065 3569 3111 nec
3625 3043 3694 3111 id
3752 3043 3958 3110 voluit
4007 3040 4352 3111 Gorderius
4398 3043 4651 3128 signifi-

2698 3141 2937 3197 catum.
3047 3134 3300 3216 Legem
3367 3132 3655 3215 aliquam
3710 3131 3848 3197 suis
3912 3130 4250 3196 indixerat
4314 3129 4655 3214 discipulis

2698 3239 2833 3283 non
2876 3217 3221 3283 molestam
3262 3238 3382 3283 nec
3427 3216 3860 3302 tyrannicam.
3926 3216 4126 3281 Forte
4159 3216 4472 3281 nonnihil
4512 3236 4652 3298 pec-

2698 3312 2931 3369 carunt
2971 3303 3043 3368 in
3087 3324 3232 3369 eam
3288 3303 3505 3387 legem
3564 3303 3813 3386 aliquot
3869 3300 4200 3385 discipuli,
4253 3305 4435 3366 inter
4496 3321 4653 3384 quos

2700 3388 2929 3454 Petrus
2969 3389 3110 3453 fuit.
3198 3389 3374 3455 Iussi
3418 3397 3574 3455 sunt
3627 3388 3854 3455 sedere
3907 3388 4103 3472 paulo
4144 3385 4465 3454 humilius
4513 3387 4653 3453 reli-

2697 3476 2844 3557 quis
2899 3474 2982 3540 ad
3036 3475 3232 3540 breve
3290 3475 3604 3560 temporis
3674 3484 4078 3539 momentum
4097 3524 4112 3552 ,
4174 3471 4371 3557 idque
4435 3474 4654 3539 animo

2697 3561 2967 3625 minime
3011 3561 3202 3625 malo.
3292 3562 3442 3626 Non
3497 3574 3639 3625 erat
3693 3580 3850 3644 ergo
3909 3559 4077 3643 quod
4128 3558 4358 3624 Petrus
4404 3558 4479 3623 id
4522 3570 4652 3623 tam

2698 3647 2961 3712 sinistre
3012 3647 3556 3729 interpretaretur
3610 3654 3678 3711 et
3729 3655 3795 3711 te
3851 3646 4062 3710 literis
4116 3645 4421 3729 protinus
4482 3665 4652 3711 com-

2698 3745 3020 3811 moveret,
3089 3735 3270 3814 quasi
3330 3732 3725 3818 gravissima
3778 3733 4012 3796 fuisset
4067 3731 4342 3796 affectus
4388 3732 4651 3796 iniuria.

2698 3819 2845 3883 Nisi
2887 3818 3133 3901 aliquid
3176 3819 3339 3883 iuris
3394 3819 3918 3903 praeceptoribus
3978 3818 4048 3881 in
4102 3815 4464 3899 discipulos
4511 3838 4654 3900 per-

2698 3906 3018 3982 mittatur,
3064 3904 3506 3986 cuiuscunque
3565 3906 3699 3970 sint
3751 3905 4078 3980 fortunae,
4136 3903 4284 3985 quis
4342 3903 4653 3968 cordatus
4770 3885 4783 3916 ⁵

2697 3991 2894 4055 001110
2939 4012 3014 4055 80
3057 4012 3327 4056 1111111818
3370 3990 3557 4074 fungi
3612 3988 4003 4055 sustinebit?
4093 3987 4552 4069 Quamobrem
4596 4001 4655 4052 te

2698 4079 2939 4141 iterum
2981 4097 3094 4140 oro
3140 4096 3224 4141 ne
3268 4097 3396 4160 qua
3438 4077 3609 4141 hane
3652 4076 3732 4141 ob
3772 4095 4033 4141 causam
4070 4074 4373 4139 molestia
4408 4075 4651 4140 afficia-

2701 4164 2807 4227 ris.
2898 4161 2976 4227 Si
3020 4163 3165 4245 quis
3210 4182 3443 4245 parum
3488 4163 3703 4228 fausta
3760 4161 4099 4227 nunciavit
4152 4157 4232 4224 de
4287 4182 4405 4242 spe
4454 4159 4653 4226 futuri

2698 4248 3025 4331 profectus
3069 4249 3180 4331 qui
3227 4270 3309 4312 ex
3352 4248 3574 4314 schola
3611 4247 3896 4313 Gorderii
3937 4247 4019 4311 ad
4059 4246 4271 4311 filium
4318 4247 4653 4311 rediturus

2701 4341 2830 4412 881,
2887 4334 3008 4399 8181
3060 4355 3294 4416 parum
3353 4336 3538 4400 nobis
3604 4334 3879 4398 testibus
3933 4333 4142 4398 credis
4201 4334 4312 4414 qui
4367 4330 4655 4416 quotidie

2702 4420 2843 4484 eius
2886 4420 3158 4486 facimus
3181 4421 3563 4503 periculum,
3608 4440 3795 4503 spero
3819 4420 3954 4484 fore
4000 4426 4091 4494 ut,
4139 4418 4252 4483 ubi
4280 4417 4557 4484 redierit
4576 4417 4653 4482 ad

2704 4517 2766 4570 te
2790 4505 2982 4582 filius,
3007 4526 3079 4569 18
3100 4506 3245 4589 ipsa
3268 4526 3345 4570 ac
3369 4506 3512 4588 ipso
3541 4506 3987 4588 experimento
4017 4504 4230 4570 discas
4256 4525 4463 4585 quam
4487 4504 4653 4570 fidus

2703 4613 2778 4657 ac
2823 4591 3103 4675 diligens
3146 4593 3342 4656 fuerit
3374 4600 3771 4675 praeceptor.
3836 4589 4124 4655 Proinde
4167 4592 4419 4673 optima
4460 4611 4653 4674 quae-

2707 4699 2829 4761 que
2874 4687 3154 4761 sperato,
3202 4701 3322 4744 1180
3367 4693 3433 4740 te
3478 4687 3590 4741 tua
3633 4698 3781 4759 spes
3836 4676 4042 4742 fallet.
4131 4675 4445 4760 Ignoscas
4496 4674 4654 4741 mihi

2704 4764 2759 4826 si
2803 4763 3072 4827 liberius
3116 4771 3183 4828 et
3224 4763 3608 4827 familiarius
3652 4775 3868 4826 tecum
3914 4782 4055 4845 age.
4144 4761 4225 4825 Id
4260 4762 4444 4825 enim
4493 4761 4652 4826 mihi

2705 4848 2902 4914 licere
2947 4849 3121 4932 apud
3166 4859 3228 4913 te
3271 4858 3448 4931 puto,
3502 4850 3711 4913 fretus
3754 4856 3869 4911 tua
3923 4848 4336 4913 humanitate
4380 4857 4450 4912 et
4494 4848 4652 4913 ami·

2628 4993 2633 4998 .
2705 4936 2876 5014 01118,
2922 4956 3087 5018 01188
3121 4956 3227 4999 1118
3260 4934 3538 5017 impellit
3571 4945 3648 4998 ut
3680 4934 3805 4998 hoc
3838 4932 4051 4999 adhuc
4088 4954 4291 4998 unum
4329 4933 4651 5006 adiiciam,

2705 5021 2951 5088 scilicet
2993 5034 3066 5085 ut
3109 5031 3172 5085 te
3217 5042 3537 5099 moneam,
3598 5023 3768 5086 sicut
3812 5021 4093 5085 amicum
4151 5019 4368 5097 decet,
4432 5041 4521 5085 ne
4564 5020 4651 5084 sic

2910 5242 2971 5308 3)
3012 5242 3249 5296 Parisiis
3310 5245 3371 5296 in
3423 5244 3641 5312 collegio
3694 5244 3758 5297 de
3804 5246 3860 5298 la
3921 5242 4145 5297 Marche
4201 5244 4375 5310 ipsius
4440 5242 4655 5297 Calvina·

2700 5320 3017 5436 ἕνένιῖἃιῗεριον
3046 5313 3246 5378 fuerat.
3322 5311 3565 5366 Parisiis
3600 5312 3964 5382 Burdiyalam
3999 5312 4127 5365 inde
4167 5309 4439 5366 Genevam
4480 5319 4653 5366 trans·
