4825 6175
205 449 314 513 &17

1077 627 1235 703 m.

697 777 1105 853 V'OEE'I'US
1147 785 1610 854 PARELLO.

369 956 710 1024 Valerandi
759 958 1068 1041 neyotium
1119 957 1375 1039 aliaque
1428 957 1516 1023 od
1561 956 1910 1024 Fallesium
1966 977 2132 1042 speo-

200 1043 399 1111 tantia.
495 1042 776 1109 Genevae
837 1042 1039 1107 anim·
1096 1064 1138 1109 α
1196 1039 1461 1109 Calvino
1523 1043 1763 1109 mirum
1825 1049 2130 1126 quantum

200 1129 461 1196 alienati.
555 1128 989 1195 Nihilominus
1031 1128 1168 1211 ipse
1214 1127 1556 1194 Perrinum
1599 1129 1658 1195 ei
1698 1128 2062 1196 conciliavit.

302 1300 408 1367 (Ex
443 1298 780 1369 autographo
815 1298 1178 1354 bibliothecae
1213 1303 1493 1367 pastorum
1528 1298 2016 1368 Neocomensium.)

354 1469 618 1536 Eximio
670 1469 824 1535 Iesu
882 1467 1132 1535 Christi
1204 1490 1393 1535 servo
1452 1469 1809 1538 Guilielmo
1863 1470 2129 1536 Farello

191 1557 370 1623 fratri
414 1563 483 1621 et
526 1562 933 1640 symmystae
975 1554 1330 1638 plurimum
1376 1555 1945 1708 observffifflzomi·

356 1776 427 1843 S.
519 1776 704 1842 Adeo
759 1777 1003 1842 obruor
1051 1782 1125 1841 ut
1180 1777 1294 1841 vix
1353 1777 1672 1860 respirare
1730 1776 1938 1843 liceat.
2029 1777 2131 1842 De

191 1883 383 1930 causa
457 1862 800 1929 Valeo-andi
827 1864 874 1940 ¹)
933 1861 1098 1925 nihil
1151 1882 1314 1945 opus
1370 1869 1472 1927 est
1522 1870 1600 1927 ut
1654 1862 1774 1927 tibi
1831 1862 2130 1928 scribam.

188 1949 335 2032 Ipse
379 1949 516 2014 suis
573 1969 645 2014 se
701 1949 907 2012 literis
962 1947 1121 2012 satis
1175 1947 1409 2030 prodit.
1497 1948 1605 2012 Ex
1659 1947 1820 2031 ipsis
1877 1947 2133 2014 abunde

187 2033 501 2119 intelligis
544 2053 741 2115 quam
785 2033 908 2098 sibi
949 2039 1222 2110 constet,
1266 2041 1330 2096 et
1365 2054 1558 2116 quam
1597 2035 1685 2099 sit
1718 2034 1921 2099 animi
1956 2053 2132 2100 com-

185 2137 319 2204 pos.
413 2119 631 2183 Homo
688 2125 789 2184 est
840 2118 1006 2183 mire
1050 2117 1271 2183 varius
1315 2127 1382 2184 et
1424 2138 1569 2184 meo
1613 2117 1849 2185 iudicio
1892 2118 2134 2185 nimius

185 2204 619 2270 conscientiae
660 2204 946 2268 iactator.
1034 2203 1265 2268 Nullos
1320 2224 1607 2288 unquam
1665 2203 1802 2270 vidi
1857 2205 1967 2287 qui
2009 2205 2133 2269 mi-

183 2311 309 2356 nus
385 2297 655 2355 nossent
723 2287 877 2373 quid
943 2296 1115 2354 esset
1187 2289 1614 2369 conscientia,
1687 2289 1926 2374 quique
1991 2292 2133 2355 eius

183 2376 509 2441 minorem
553 2375 871 2440 haberent
911 2375 1261 2451 rationem,
1319 2395 1515 2457 quam
1570 2375 1683 2457 qui
1738 2376 1879 2440 eius
1923 2383 1990 2440 et
2031 2376 2132 2440 iu-

185 2460 332 2527 dicii
379 2459 598 2526 divini
654 2467 812 2524 sunt
867 2467 1002 2524 tam
1107 2459 1322 2544 redigi
1377 2458 1811 2527 advocatores.
1902 2459 2006 2525 Tu
2050 2481 2132 2525 ex

181 2547 548 2630 exemplari
575 2546 936 2611 literarum
982 2481 1233 2612 calvini
1275 2544 1357 2611 ad
1403 2544 1762 2628 Myconium
1805 2545 2134 2630 intelliges

181 2631 334 2717 quid
382 2631 470 2697 de
514 2652 591 2697 eo
640 2630 939 2697 calvinus
979 2631 1233 2696 sentiat.
1298 2629 1527 2697 Scribo
1576 2630 1824 2697 Caluini
1865 2631 2134 2696 consilio

179 2717 258 2781 ad
304 2715 732 2783 Bernardum
778 2715 1118 2800 Meyerum‚
1164 2717 1356 2783 sicuti
1398 2725 1746 2801 rogaverat
1790 2715 2132 2783 Fallesius.

178 2801 420 2870 Scribo
468 2813 536 2869 et
577 2801 659 2867 ad
703 2801 1068 2869 Fauesium.
1090 2804 1148 2878 ²)

352 2890 471 2954 Ex
516 2888 724 2953 literis
751 2886 1003 2953 Caluini
1036 2885 1120 2951 ad
1153 2908 1277 2965 me,
1323 2908 1482 2970 quas
1520 2887 1602 2953 ad
1648 2895 1712 2952 te
1755 2888 1963 2968 mitto,
2009 2887 2137 2954 dis-

175 2993 281 3041 ces
327 2973 494 3057 quid
539 2973 662 3039 tibi
707 2974 794 3038 sit
815 2972 1084 3039 Fallet-ii
1119 2992 1313 3038 causa
1355 2971 1724 3037 faciendum
1766 2973 1839 3037 in
1884 2974 2137 3039 ratione

176 3059 674 3127 reddendarum
717 3060 1071 3125 literarum.
1141 3057 1326 3124 Nihil
1375 3067 1600 3143 pactus
1645 3079 1791 3124 sum
1838 3078 1984 3124 cum
2034 3060 2135 3128 his

175 3145 575 3224 tabellariis,
631 3145 786 3228 quia
828 3145 1087 3228 speravi
1128 3153 1197 3211 te
1238 3145 1406 3209 forte
1450 3145 1720 3210 nuncios
1762 3145 1908 3211 istic
1951 3147 2133 3211 inve-

173 3231 318 3297 nire
365 3251 582 3316 posse,
629 3231 863 3313 quibus
904 3230 1083 3296 nullo
1121 3229 1389 3296 Fanesii
1429 3240 1695 3315 sumptu
1739 3230 1967 3295 literae
2003 3231 2134 3295 Ba·

175 3317 411 3383 sileam
464 3317 890 3401 perferantur.
962 3314 1086 3381 Sin
1114 3318 1351 3391 minus,
1398 3325 1515 3380 aut
1559 3328 1632 3380 tu
1676 3336 1828 3381 cum
1871 3315 1977 3380 his
2019 3337 2133 3398 pa-

174 3404 459 3482 ciscere,
521 3410 670 3478 aut,
728 3410 805 3466 ut
861 3408 1087 3467 monet
1134 3400 1463 3481 Caluinam,
1520 3398 1892 3484 expeditum
1949 3404 2135 3466 mitte

171 3489 527 3555 nuncium.
628 3488 718 3551 Hi
783 3486 972 3552 facile
1028 3488 1469 3552 movebuntur
1525 3487 1853 3570 proposito
1922 3487 2135 3570 aliquo

169 3575 498 3656 praemio,
585 3572 771 3637 Haec
827 3572 1032 3656 igitur
1087 3590 1193 3638 res
1249 3580 1386 3636 tota
1444 3572 1562 3638 tibi
1618 3594 1811 3638 curae
1866 3574 2008 3653 erit,
2056 3572 2136 3638 de

169 3678 299 3742 qna
340 3659 487 3724 iam
531 3659 708 3724 satis.
731 3660 789 3742 ⁸)

349 3744 727 3809 Veniamus
787 3742 1144 3809 Genevam.
1233 3742 1588 3825 Nunquam
1633 3744 1950 3809 hactenus
1997 3744 2134 3808 ani·

168 3851 314 3895 mos
365 3830 588 3914 magis
632 3828 946 3897 alienatos
1004 3850 1045 3894 a
1092 3826 1350 3894 Calvino
1393 3849 1867 3912 compereram,
1928 3849 2138 3911 neque

173 3924 532 3981 senatores
575 3912 972 3998 pertinacius
1025 3924 1092 3978 et
1136 3913 1384 3979 diutius
1437 3916 1517 3980 ab
1561 3915 1769 3997 ipsius
1814 3915 2138 3979 abstinere

170 4001 516 4067 consortio
562 4008 627 4065 et
670 3997 1135 4066 consuetudine
1153 4050 1168 4078 ,
1217 3999 1362 4065 aliis
1407 3999 1555 4066 odio
1602 3999 1946 4078 distractis,
1993 4000 2138 4064 aliis

169 4095 360 4150 metu
399 4106 492 4150 ne
526 4086 597 4149 iu
639 4085 999 4151 delatorum
1039 4085 1340 4150 venirent
1374 4086 1824 4168 suspicionem.
1842 4086 1897 4167 ⁴)
1966 4085 2137 4149 Vide

172 4193 305 4253 quo
352 4172 673 4254 prolapsa
716 4192 821 4237 res
878 4179 978 4236 est
1020 4171 1216 4236 unius
1261 4170 1545 4236 hominis
1563 4171 1621 4254 ὁ)
1661 4169 2138 4255 magnitudinis

175 4346 330 4353 ’-ἢ
431 4347 546 4353 -“φ

203 4462 360 4515 903.
405 4460 470 4528 1)
516 4458 875 4531 Quaecunque
923 4460 996 4514 ad
1042 4460 1206 4514 huius
1249 4474 1469 4516 causam
1507 4464 1750 4528 spectant
1784 4461 1923 4515 satis
1957 4475 2139 4528 super-

164 4546 271 4599 que
306 4542 631 4663 mgNon
697 4571 899 4665 exstat,
967 4613 1061 4651 nec
1116 4599 1290 4666 moyis
1350 4598 1566 4651 Calvina·
1627 4598 1702 4650 ad
1766 4596 2002 4651 Viretum
2074 4595 2140 4650 de

168 4683 283 4737 Μ
321 4682 482 4798 αξξ.
502 4735 652 4790 Haec
686 4716 796 4788 lam
832 4734 1055 4789 sollicite
1089 4740 1323 4788 tractata
1358 4734 1433 4788 ad
1467 4731 1622 4814 aliud
1646 4733 1833 4801 potius
1867 4734 2136 4814 noym-ium

167 4810 434 4871 spectare
471 4803 725 4858 videntur
759 4816 921 4874 quam
973 4802 1052 4857 ad
1091 4803 1243 4856 illam
1284 4802 1500 4858 Pollam
1535 4814 1771 4867 causam,
1807 4815 2053 4871 quamtus
2089 4804 2140 4854 et

169 4872 307 4955 hoec
332 4872 647 4926 Fallesium
681 4875 941 4941 tetiqerit5
975 4873 1027 4925 si
1058 4872 1193 4940 quid
1226 4872 1483 4937 videmus,
1514 4871 1696 4940 puella
1730 4869 1826 4923 illo
1859 4873 1977 4923 cuns
2013 4870 2134 4934 affi-

167 4957 263 4995 m
295 4947 463 5069 eutii)
513 5008 673 5063 Vides
705 5007 840 5079 quid
882 5009 972 5062 iae
1018 5024 1122 5061 sua
1167 5010 1227 5062 in
1273 5009 1610 5063 vindicanda
1641 5008 1954 5062 consistorii
1987 5013 2138 5060 auto·

167 5078 344 5133 ritate
379 5077 697 5146 profecerit,
730 5080 964 5131 maximo
997 5092 1158 5147 qaum
1204 5077 1476 5145 primores
1501 5076 1754 5147 famuliae
1796 5076 1912 5130 oinos
1947 5072 2140 5129 sevcri-

169 5149 679 5228 tatemosemen'nt.
755 5146 1034 5201 Certamen
1081 5152 1202 5200 erat
1246 5152 1294 5199 et
1342 5147 1431 5201 hic
1474 5148 1618 5200 inter
1662 5143 2047 5213 rempublicam
2091 5150 2141 5198 ei

166 5217 494 5345 ωαεεωέῗ.
509 5283 737 5337 Perrim'
768 5299 895 5353 erqo
941 5284 1109 5337 solius
1152 5286 1314 5352 culpa
1359 5290 1479 5337 orat
1525 5283 1670 5352 quod
1708 5283 1988 5338 Calvinum
2026 5298 2139 5336 cae·

170 5357 281 5407 teri
315 5353 694 5420 resumebant.

1987 441 2148 512 154⁷
2193 429 2387 513 MA‘I.

4050 449 4175 523 518

2235 631 2375 701 sola
2434 633 2918 721 imaginatione.
3006 636 3144 704 Res
3206 643 3432 704 tamen
3483 646 3771 726 pergunt
3832 649 3908 708 ut
3968 641 4180 729 prius,

2275 719 2408 785 uod
2453 720 2536 786 ad
2578 720 2917 789 ecclesiam
2960 722 3213 789 attinet.
3301 722 3512 809 Spero
3549 728 3822 811 posthac
3864 730 4179 796 maiorem

2306 813 2525 871 turam
2568 805 2846 873 aliorum
2904 827 3056 873 cum
3110 807 3256 874 aliis
3315 811 3868 878 consuetudinem.
3960 813 4178 881 Porri-

2232 909 2385 956 mam
2441 894 2885 972 convenimus,
2905 894 2964 976 ⁶)
3036 911 3314 977 eumque
3368 894 3435 960 in
3498 895 3747 963 Caluini
3811 898 4002 965 aedes
4067 898 4177 965 ad·

2235 974 2573 1058 duximus,
2640 978 2752 1044 ubi
2804 977 3007 1045 libere
3069 977 3397 1045 hominem
3450 981 3922 1050 admonuimus.
4024 985 4179 1069 Ipse

2232 1082 2490 1212 &oque
2555 1063 2842 1129 vicissim
2908 1063 3112 1131 libere
3184 1066 3541 1151 respondit.
3665 1069 3905 1136 Exitus
3969 1070 4179 1137 laetus

2303 1148 2374 1212 it.
2395 1148 2453 1231 ⁷)
2538 1148 2740 1214 Faxit
2794 1148 3119 1215 Dominus
3177 1156 3251 1215 ut
3302 1172 3385 1216 ex
3441 1153 3660 1218 animo
3719 1164 3787 1219 et
3851 1158 4182 1222 constanti

2230 1233 2581 1316 proposito.
2669 1235 2775 1300 De
2819 1254 3041 1301 socero
3053 1237 3115 1318 Β)
3160 1235 3344 1300 nulla
3387 1257 3534 1320 spes
3578 1246 3694 1303 est.
3782 1239 4001 1306 Homo
4047 1263 4180 1307 non

2233 1326 2363 1396 est,
2442 1337 2524 1384 ne
2591 1317 2802 1386 dicam
2858 1319 3294 1387 Christianus.
3406 1323 3716 1389 Nondum
3795 1325 4181 1392 exciderunt

2233 1404 2455 1469 animo
2499 1413 2649 1470 tuae
2692 1404 2922 1472 literae
2939 1406 2996 1489 ⁹)
3045 1405 3338 1487 Ρενήηο,
3393 1410 3693 1491 quamvis
3749 1409 3816 1474 id
3861 1421 4180 1494 quantum

2231 1497 2450 1572 potest
2505 1489 2869 1557 dissimulet
2938 1490 3110 1573 apud
3174 1513 3281 1557 me
3337 1514 3526 1560 nunc.
3628 1495 3999 1578 Aliquando
4059 1496 4180 1563 tibi

2234 1574 2650 1641 scribendum
2693 1577 2846 1656 erit,
2904 1575 3016 1642 sed
3073 1597 3204 1642 non
3262 1578 3445 1661 prius
3498 1601 3695 1662 quam
3750 1589 3816 1647 te
3870 1599 4182 1650 monuero

2235 1665 2300 1725 et
2341 1659 2426 1726 de
2462 1661 2787 1728 scribendi
2822 1662 3089 1727 ratione.
3156 1663 3349 1729 Nunc
3392 1665 3689 1747 pluribus
3733 1673 3951 1733 tecum
3987 1689 4181 1754 agere

2235 1766 2368 1810 non
2391 1767 2676 1829 possum.
2745 1746 3052 1814 Salutant
3088 1755 3154 1813 te
3197 1749 3482 1833 collegae
3526 1761 3588 1815 et
3633 1773 3819 1833 uxor,
3865 1774 4015 1819 cum
4048 1754 4182 1820 col-

2233 1831 2382 1914 lega
2425 1839 2540 1898 tuo
2585 1841 2652 1897 et
2694 1833 2827 1898 tuis
2870 1833 3187 1899 omnibus.
3261 1833 3517 1915 Quibus
3549 1836 3749 1901 velim
3786 1836 3901 1903 abs
3935 1846 4001 1903 te
4035 1860 4180 1906 meo

2235 1937 2491 2067 quostue
2532 1919 2795 1983 nomine
2839 1919 3117 1984 salutem
3161 1918 3455 1985 adscribi.
3535 1921 3722 2000 Vale,
3769 1923 4180 2005 Lausannae‚

2235 2007 2294 2066 4.
2419 2003 2507 2068 aii
2555 2007 2735 2068 1547.

3259 2090 3440 2155 Tuus
3483 2091 3727 2157 Petrus
3767 2093 4057 2161 Viretus.

2407 2258 2505 2323 Le
2591 2279 2662 2323 re
2704 2260 2949 2343 poteris
3007 2259 3340 2342 exemplar
3392 2281 3566 2327 mea-

2236 2361 2382 2407 rum
2451 2277 3013 2409 adgoBemardum
3080 2345 3432 2428 Meyermn‚
3500 2356 3566 2412 et

2236 2428 2625 2511 complicare
2683 2430 2904 2494 omnia
2962 2430 3254 2514 apposite
3308 2438 3374 2496 et
3428 2441 3566 2497 tuto

2236 2535 2400 2597 quae
2443 2514 2772 2580 Basileam
2821 2516 3188 2581 mittuntur.

3032 2810 3426 2818 —--——-——————-———

3131 3041 3284 3113 904.

2492 3140 2499 3147 -
2607 3197 3135 3263 DRYANDER
3170 3196 3804 3265 BULLINGERO.

2415 3366 2668 3433 Pollani
2700 3387 2957 3434 causam
2996 3369 3056 3432 ei
3090 3370 3354 3450 exponit,
3398 3368 3666 3434 hominis
3706 3371 4012 3437 nmirum
4053 3378 4183 3439 tur-

2239 3452 2471 3518 bulenti
2513 3458 2569 3517 et
2608 3454 2802 3533 stulti,
2846 3472 3009 3518 nunc
3048 3474 3190 3519 vero
3220 3453 3415 3535 plane
3456 3455 3688 3519 insani.

2238 3622 2411 3688 (Anto

2239 3692 2282 3745 Τ
2547 3624 2655 3677 hon
2701 3629 2881 3677 exstat
2922 3625 2980 3677 in
3034 3624 3255 3677 Archiv.
3302 3625 3480 3678 Turio.
3540 3625 3668 3678 olim
3715 3625 3885 3679 Scrin.
3931 3628 3993 3681 B.
4042 3629 4182 3698 Epp.

2285 3707 2388 3745 om.

2627 3693 2689 3748 V.
2735 3709 2876 3746 nunc
2925 3692 3068 3746 Plut.
3121 3692 3219 3748 Vl.
3267 3694 3394 3747 Vol.
3448 3691 3572 3760 156,
3620 3695 3711 3747 fol.
3748 3693 3832 3750 34.
3870 3722 3933 3733 -—
3967 3695 4184 3751 Simler.

2697 3761 2818 3814 Vol.
2851 3758 2933 3815 64.
3003 3761 3299 3830 Inscriptio
3333 3763 3490 3815 adest
3525 3763 3711 3829 nulla.)

2410 3929 2481 3998 S.
2520 3933 2602 3996 D.
2669 3930 3092 4013 Superiorem
3133 3932 3602 3997 hebdomadem
3646 3937 4019 4018 consumpsi
4058 3939 4185 4001 Ar-

2242 4019 2561 4101 geminae,
2590 4016 2636 4100 ¹)
2681 4024 2952 4082 vocatus
3007 4037 3085 4081 eo
3129 4017 3213 4082 ad
3257 4018 3517 4101 negotia
3560 4017 3883 4100 quaedam
3928 4042 4186 4103 permo-

2243 4105 2443 4181 desta,
2490 4125 2571 4168 ne
2612 4103 2757 4185 quis
2800 4103 2870 4166 in
2920 4103 3041 4168 hoc
3085 4102 3268 4167 fatali
3314 4104 3570 4168 saeculo
3615 4104 3704 4167 sit
3746 4106 4028 4189 angulus
4074 4110 4183 4189 qui

2240 4198 2462 4255 careat
2526 4188 2898 4253 tristissima
2964 4209 3186 4253 rerum
3252 4190 3690 4253 maximarum
3754 4194 4184 4261 contentione.

2241 4275 2530 4341 Proinde
2574 4295 2707 4339 non
2761 4274 2943 4356 potui
2999 4274 3442 4355 superioribus
3502 4274 3727 4339 diebus
3788 4276 3870 4340 ad
3915 4286 3980 4341 te
4024 4279 4185 4342 scri-

2242 4362 2410 4426 bere.
2502 4359 2765 4441 Alioqui
2810 4360 2967 4423 satis
3010 4359 3219 4423 multa
3262 4368 3434 4436 sunt,
3481 4381 3682 4441 quum
3741 4360 3997 4442 publica
4042 4372 4187 4428 tum

2242 4446 2520 4529 privata,
2567 4466 2735 4529 quae
2771 4444 3046 4510 libenter
3090 4453 3303 4509 tecum
3339 4444 3902 4511 communicarem.
3991 4446 4185 4512 Intus

2242 4534 2309 4595 in
2355 4530 2547 4597 corde
2589 4538 2742 4595 sunt
2798 4529 3158 4594 tristissimi
3204 4529 3487 4607 dolores,
3545 4532 3701 4596 foris
3761 4533 3830 4594 in
3889 4538 4027 4596 tota
4082 4554 4184 4597 re-

2242 4618 2501 4699 publica
2577 4616 2906 4682 horribilis
2984 4616 3407 4699 perturbatio
3521 4616 3881 4681 Graviores
3958 4638 4187 4683 causas

2381 4939 2418 4993 2
2447 4872 2505 4939 6)
2545 4873 2665 4927 Hoc
2698 4873 2846 4926 circa
2893 4870 2944 4924 d.
2993 4870 3077 4923 21.
3117 4871 3255 4939 Apr.
3302 4872 3510 4936 factum
3554 4872 3727 4935 fuisse
3770 4870 3920 4925 docet
3958 4871 4031 4923 N.
4069 4870 4188 4941 893,

2237 4946 2345 4996 not.
2420 4979 2435 4994 .

2449 5008 2508 5071 7)
2546 5010 2639 5063 Aa
2675 5016 2882 5076 tempus
2918 5014 3141 5063 tantum.

2448 5079 2506 5145 8)
2544 5078 2845 5131 Francisco
2886 5077 3082 5131 Faure.

2450 5147 2510 5211 9)
2550 5147 2623 5200 Ν.
2658 5145 2760 5199 830
2792 5151 2841 5200 et
2874 5144 2991 5198 843.

2279 5214 2428 5268 904.
2470 5217 2523 5280 1)
2571 5213 2689 5282 Quo
2722 5230 2789 5269 ex
2825 5215 3049 5268 Baszlea
3095 5216 3191 5268 ubi
3235 5220 3364 5267 tunc
3400 5213 3830 5266 commorabatur
3867 5227 3921 5263 se
3956 5214 4193 5266 contule-

2242 5290 2349 5336 rai.
2424 5284 2681 5338 Basileus
2712 5284 2854 5336 enim
2888 5283 3019 5337 haec
3053 5284 3279 5352 epistola
3317 5283 3537 5350 scripta,
3588 5288 3647 5334 ut
3682 5296 3748 5333 ex
3784 5284 4029 5350 sequenti
4058 5299 4195 5336 nar-

2236 5354 2454 5408 ratione
2488 5357 2733 5421 apparet.

3679 5435 3780 5489 33*
