4825 6175
31 2925 34 2926 ⁷
156 2768 442 2910 ffilntztssgs
490 2852 561 2910 et
603 2842 980 2909 adoratores
1035 2843 1140 2908 sui
1180 2842 1250 2906 in
1307 2840 1430 2907 hac
1484 2840 1774 2907 ecclesia.
1863 2838 2122 2903 Horum

185 434 290 495 461

181 614 371 684 solida
411 612 770 692 conversio,
825 631 1150 695 nusquam
1197 611 1528 676 habentur
1581 609 1747 675 tales
1790 607 2119 692 supplica·

179 705 374 768 tiones
415 698 646 782 quales
689 699 1015 781 scriptura
1057 697 1383 763 describit.
1469 695 1610 761 Nec
1665 715 1871 779 quum
1920 693 2119 762 multi

181 786 424 872 quidem
468 784 778 849 instructi
831 789 1055 849 essent
1111 792 1179 848 et
1219 782 1433 846 milite
1490 789 1559 847 et
1611 780 1758 846 aliis
1815 778 1899 845 ad
1942 778 2117 844 mili-

177 875 325 938 tiam
366 870 767 948 necessariis,
811 889 1105 953 pugnam
1139 889 1293 935 cum
1329 866 1548 951 aliquo
1584 865 1871 949 periculo
1907 865 2117 930 nostri

179 957 620 1108 agglriesdigug
649 963 872 1106 3313ss
906 963 1206 1107 uwg
1246 974 1382 1020 non
1429 953 1740 1103 instruclti
1783 958 1851 1016 et
1892 950 2120 1102 :tgulas

175 1067 236 1109 m
515 1063 552 1108 c
874 1063 912 1106 r
1119 1062 1228 1118 n,
1333 1059 1639 1104 roexem
1738 1056 2120 1103 sverum

175 1137 576 1229 servatorum
618 1128 844 1210 populi
888 1124 1037 1204 Dei,
1083 1062 1545 1225 nullispadhuc
1588 1059 1796 1207 signis
1841 1143 2006 1222 quae
2049 1121 2123 1186 in

171 1235 438 1366 {⁹335ss
438 1210 1431 1365 Pfflsstffiffiemssffiffl
1433 1220 1582 1360 ⁶5:1²²
1581 1207 2124 1360 &3¹13ssssss

170 1386 416 1471 fugiant
458 1384 751 1460 Domini,
799 1382 974 1468 quod
1017 1383 1243 1449 deesse
1287 1384 1382 1447 eis
1422 1402 1556 1447 non
1599 1380 1863 1465 poterit,
1918 1380 2120 1462 siqui-

172 1472 308 1538 dem
350 1471 518 1535 illud
561 1471 740 1535 veris
783 1470 1022 1534 animis
1064 1469 1434 1552 implorent.
1499 1467 1867 1550 Imperator
1907 1464 1980 1529 in
2015 1484 2121 1528 re-

169 1558 361 1640 ceptis
417 1558 487 1621 in
546 1556 833 1640 gratiam
887 1553 1144 1638 oppidis
1202 1554 1591 1638 religionem
1643 1573 1777 1617 non
1834 1551 2124 1616 mutavit

170 1644 373 1709 adhuc
416 1651 486 1707 et
526 1642 797 1707 videtur
840 1640 1094 1725 (forsan
1134 1650 1403 1724 propter
1456 1638 1787 1722 principes
1832 1656 1994 1720 quos
2036 1657 2122 1700 ex

166 1729 399 1794 nostris
442 1727 675 1794 habuit
733 1728 971 1804 socios)
1025 1726 1200 1792 velle
1254 1726 1544 1809 primum
1599 1724 1672 1788 in
1714 1722 1995 1789 comitiis
2040 1721 2122 1786 de

167 1814 479 1899 religione
523 1835 736 1898 agere.
825 1811 1096 1877 Interea
1154 1820 1222 1877 et
1275 1820 1436 1877 tunc
1490 1809 1733 1893 poterit
1786 1808 2120 1875 Dominus

33 1939 34 1958 κ
164 1902 409 1985 erigere
445 1900 749 1982 spiritum
787 1919 1076 1977 suorum,
1117 1906 1194 1962 ut
1235 1898 1470 1962 fortius
1507 1902 1712 1980 agant
1753 1893 2122 1960 confitendo

31 2029 38 2068 :
163 1987 525 2051 Dominum
569 1996 637 2050 et
681 2006 963 2069 regnum
1006 1984 1149 2049 eius
1191 1981 1554 2068 flagitando
1604 2001 1801 2064 quam
1840 1989 2122 2064 egerunt

37 2071 38 2078 '
163 2072 394 2138 armati
462 2070 839 2157 pugnando.
949 2071 1044 2135 Et
1109 2069 1309 2136 habet
1371 2070 1560 2133 Deus
1634 2087 1745 2133 cor
1809 2067 1985 2150 regis
2048 2066 2120 2130 in

161 2179 358 2223 manu
403 2179 547 2222 sua.
638 2156 944 2239 Denique
988 2156 1256 2240 gravius
1299 2155 1571 2219 Domini
1613 2152 1950 2237 flagellum
1994 2151 2119 2215 im-

31 2233 36 2240 ’
159 2244 418 2328 pendet,
467 2245 722 2308 'furcae
765 2243 1045 2325 irruptio
1089 2249 1272 2306 terra
1313 2249 1382 2305 et
1422 2242 1607 2304 mari.
1632 2242 1686 2315 ⁹)
1749 2238 1853 2303 Ea
1894 2238 2118 2303 forsan

159 2330 349 2395 etiam
395 2326 485 2395 ad
526 2329 890 2394 Dominum
933 2325 1239 2414 mu[ltos]
1300 2327 1626 2409 respicere
1684 2323 1895 2390 faciet.
1986 2324 2120 2388 Pro

31 2405 34 2496 ζ
156 2425 379 2481 nost-ra
447 2415 574 2480 hac
638 2415 909 2480 ecclesia
972 2423 1040 2479 et
1103 2413 1441 2495 republica
1504 2411 1856 2495 diligenter
1918 2416 2118 2475 orate.

31 2579 32 2582 Ἴ
156 2500 328 2566 Sunt
371 2500 646 2585 quidem
701 2521 772 2566 sa
807 2498 924 2587 tis]
980 2499 1261 2565 fidentes
1319 2498 1428 2562 hic
1484 2497 1843 2563 multorum
1896 2495 2120 2573 animi,

155 2586 262 2651 sed
306 2608 445 2652 non
488 2585 677 2674 dum]
725 2609 865 2652 viso
927 2586 1146 2662 hoste,
1208 2592 1273 2648 et
1325 2583 1510 2648 nulla
1564 2604 1700 2647 non
1752 2581 2123 2665 perniciosa

156 2585 491 2760 [fidentiafi
541 2681 644 2738 est
678 2694 845 2756 quae
881 2692 1010 2736 non
1047 2693 1210 2752 pure
1247 2670 1486 2735 fiducia
1509 2668 1777 2734 Domini
1800 2663 2118 2753 Oh[risti]

534 2758 759 2824 Habet
810 2758 1139 2822 Dominus
1204 2777 1358 2821 suos
1423 2777 1556 2820 non
1621 2774 1863 2837 paucos
1929 2771 2123 2819 veros

155 2931 466 3014 precibus
514 2932 571 2995 si
615 2930 1015 3013 reliquorum
1079 2928 1239 2995 velit
1296 2925 1667 2994 condonare
1726 2922 1977 3003 ἀταξίαν
2020 2927 2124 2986 καὶ

154 3014 461 3100 ἄσεβείαν,
512 3016 1003 3100 castigationem
1058 3026 1364 3098 exspecto
1419 3020 1782 3098 paternam.
1872 3012 2123 3075 Tamen

155 3104 450 3169 mirabor
494 3105 553 3168 si
594 3125 728 3168 non
771 3112 839 3168 et
880 3124 1000 3167 nos
1044 3100 1124 3166 de
1167 3100 1369 3167 calice
1411 3099 1776 3182 praesentis
1821 3097 2122 3162 afflictio-

31 3238 34 3273 3
155 3191 253 3256 nis
296 3191 392 3255 sit
439 3189 631 3274 large
664 3197 1026 3272 potaturus,
1071 3185 1242 3270 quod
1275 3194 1454 3252 certe
1488 3184 1783 3249 omnium
1818 3191 2122 3249 nostrum

154 3273 573 3360 ingratitudo
635 3274 988 3359 multiplex
1061 3282 1128 3338 et
1183 3281 1407 3356 torpor
1481 3270 1867 3355 praegravis
1923 3269 2123 3352 probe

154 3362 571 3429 commeruit.
693 3362 841 3445 Ego
921 3369 1140 3425 tamen
1222 3359 1435 3442 gratia
1495 3357 1767 3422 Domini
1846 3353 2124 3421 subinde

154 3468 436 3533 magnas
485 3450 698 3512 sentio
723 3451 806 3529 ¹⁰)
865 3445 1362 3523 consolationes,
1420 3442 1786 3508 Dominum
1827 3462 1950 3507 nos
1992 3438 2121 3506 cle-

155 3540 417 3599 menter
479 3534 960 3617 castigaturum
1019 3539 1088 3596 et
1143 3535 1453 3615 reg[num
1496 3525 1721 3615 suum]
1775 3524 1949 3611 apud
2003 3546 2124 3590 nos

31 3616 32 3619 '
152 3621 317 3686 mira
365 3619 602 3702 aliqua
629 3620 884 3684 ratione
907 3628 1130 3684 tamen
1155 3612 1784 3704 c[onservaturum].
1850 3612 2005 3695 Ipse
2026 3611 2122 3675 fa-

153 3707 273 3770 ciat
317 3706 509 3790 quod
566 3704 810 3770 bonum
867 3704 1254 3770 iudicaverit
1304 3703 1375 3766 in
1429 3703 1634 3767 oculis
1693 3701 1857 3779 suis,
1916 3703 1983 3764 et
2038 3698 2127 3762 sit

31 3852 34 3887 ᾗ
150 3792 336 3858 nobis
383 3791 741 3875 propitius.
830 3790 1023 3872 Quod
1069 3790 1195 3855 erit
1235 3789 1308 3852 in
1350 3797 1713 3852 aeternum.

315 3878 642 3943 Fratrem
668 3880 754 3953 ¹¹)
812 3876 1195 3941 dehortatus
1251 3896 1399 3940 sum
1456 3900 1497 3938 a
1553 3870 1909 3956 repetendo
1953 3869 2124 3952 peri-

31 3976 34 3979 ’
150 3963 327 4043 culo,
389 3961 521 4029 sed
576 3963 874 4046 sequitur
928 3962 1040 4026 ille
1097 3980 1291 4026 suum
1342 3959 1704 4024 consilium.
1792 3955 2125 4022 Dominus

152 4058 372 4115 servet
430 4069 609 4114 eum.
708 4048 970 4114 Forsan
1022 4046 1354 4112 Dominus
1413 4044 1559 4111 vult
1612 4043 1712 4109 illi
1770 4041 2123 4127 benignius

31 4226 32 4229 Ἴ
150 4144 212 4199 et
254 4135 497 4201 liberis
544 4136 684 4200 eius
727 4135 1114 4219 prospicere.
1204 4136 1273 4196 8·
1316 4130 1632 4196 Ianuarii.

151 4329 316 4339 -——-——

328 4445 427 4583 133
467 4443 827 4568 aem
858 4458 1062 4498 m·

321 4584 428 4652 11)
474 4530 697 4638 lgm-elle·
711 4528 1032 4635 ἷοῨ-’Ἠαιο
1065 4579 1266 4633 abeunt
1298 4577 1368 4632 ab
1403 4574 1735 4646 apompno.

1876 423 2039 485 154⁷
2084 417 2466 486 IANUAR.

4053 426 4184 489 462

3048 605 3203 677 8⁷2.

2249 757 2684 827 mem
2726 722 3338 929 ΤΰωσΕέΙῗῦεΒ
3351 759 4147 829 ARGENTORATEN-

2400 1032 2802 1115 Respondent
2854 1034 2942 1100 ad
2996 1053 3210 1100 eorum
3269 1034 3489 1100 literas
3536 1055 3740 1119 nuper
3793 1037 4068 1118 smptus
4105 1038 4185 1105 de

2223 1120 2552 1185 iuvenibus
2602 1119 3049 1185 Turicensibus
3100 1121 3212 1202 moi
3253 1121 3665 1204 Arycatorati
3720 1142 3938 1189 coenae
3966 1125 4180 1206 parti-

2223 1205 2436 1286 cipare
2481 1205 2771 1290 reliyioni
2813 1205 3125 1271 habebant.

2223 1375 2338 1498 {2¹³¹
2371 1376 2710 1446 autographo
2745 1375 2969 1430 Archiv.
3003 1376 3178 1429 Turio.
3213 1377 3343 1430 olim
3377 1378 3518 1448 Epp.
3554 1378 3615 1433 T.
3650 1380 3701 1438 1.
3737 1379 3906 1435 Scrin.
3943 1380 3999 1434 0.
4036 1398 4181 1435 nunc

2273 1446 2369 1497 lut.
2408 1446 2510 1499 VI.
2546 1445 2652 1498 vol.
2695 1443 2860 1508 117⁸,
2899 1445 2988 1497 fol.
3026 1442 3144 1498 363.
3212 1445 3591 1516 Inscriptionis
3637 1449 3757 1517 ipsa
3798 1449 3974 1503 forma
4019 1450 4180 1504 docet

2224 1513 2329 1566 hoc
2364 1514 2644 1583 exemplar
2681 1531 2789 1567 non
2825 1513 2959 1565 illud
2997 1513 3163 1566 fuisse
3216 1516 3360 1583 quod
3409 1517 3631 1569 lecturis
3667 1523 3821 1570 autor
3856 1518 4178 1586 destinabat,

2226 1582 2323 1634 sed
2359 1584 2450 1636 vel
2483 1584 2717 1653 primum
2755 1583 3017 1652 epistolae
3042 1593 3358 1651 conceptum
3397 1601 3556 1653 quem
3591 1586 3819 1639 dicimus
3853 1588 3969 1641 sive
4002 1588 4178 1641 minu-

2225 1657 2357 1718 tam,
2393 1652 2482 1704 vel
2518 1651 2869 1721 apographon
2888 1652 2943 1705 in
2961 1653 3245 1721 proprium
3264 1669 3420 1707 usum
3435 1654 3654 1709 factum.
3709 1654 3916 1709 Simler.
3939 1657 4043 1712 vol.
4062 1655 4177 1722 63.)

2229 1837 2551 1926 [Martino
2571 1840 2830 1905 Bucero
2854 1851 2919 1905 et
2954 1839 3355 1907 scholarchis
3377 1843 4096 1932 Argentoratensibus]
4130 1848 4181 1928 ¹)

2399 1974 2470 2041 S.
2517 1976 2602 2042 D.
2691 1976 3018 2042 Redditae
3073 1984 3230 2041 sunt
3284 1975 3470 2045 nobis
3532 1980 3763 2046 literae
3821 1987 4101 2060 vestrae,
4120 1982 4180 2058 ²)

2226 2063 2460 2128 fratres
2515 2064 2585 2126 in
2642 2061 2931 2127 Domino
2987 2063 3243 2127 colendi
3301 2072 3497 2147 atque
3554 2064 3805 2146 dilecti,
3874 2066 3957 2131 ad
4021 2086 4184 2149 quas

2226 2158 2496 2232 propter
2538 2150 2804 2231 negotia
2858 2158 3081 2214 nostra
3123 2150 3335 2214 serius
3374 2152 3866 2234 respondemus.
3954 2152 4184 2234 Expo-

2226 2235 2451 2300 suistis
2494 2235 2565 2298 in
2608 2234 2692 2299 iis
2736 2235 2990 2316 copiose
3032 2233 3189 2316 quid
3232 2247 3449 2300 actum
3509 2238 3597 2301 sit
3637 2259 3786 2302 cum
3832 2237 4184 2304 iuvenibus

2226 2322 2470 2385 nostris
2493 2318 2878 2385 Ludevicho
2903 2320 3209 2386 Lavatero
3244 2331 3312 2385 et
3346 2321 3579 2388 Iacobo
3606 2323 3946 2389 Gessnero:
3990 2343 4182 2407 prae·

2226 2407 2415 2488 cipue
2459 2425 2616 2470 vero
2657 2405 3003 2488 postulatis
3039 2414 3114 2469 ut
3156 2407 3316 2489 ipsis
3351 2408 3559 2473 simus
3594 2418 3854 2474 autores
3888 2431 3973 2474 ne
4008 2430 4183 2474 com·

2225 2492 2565 2557 municare
2606 2491 2942 2557 vobiscum
3001 2495 3428 2557 sacramentis
3483 2494 3555 2558 in
3599 2495 3886 2560 Domino
3931 2493 4184 2560 detrec-

2227 2584 2391 2656 tent,
2435 2598 2636 2660 quum
2682 2576 2848 2641 nihil
2886 2576 2966 2641 ab
3001 2576 3132 2641 illis
3168 2598 3436 2659 prorsus
3471 2599 3670 2661 quam
3712 2582 4184 2646 confessionem

2226 2671 2518 2727 nostram
2584 2662 3020 2727 Basiliensem
3041 2665 3098 2742 ⁸)
3164 2665 3546 2746 requiratis,
3629 2667 3762 2732 imo
3841 2666 4180 2749 paulinam

2229 2757 2486 2813 tantum
2533 2749 2741 2813 illam:
2788 2748 2991 2813 Panis
3035 2769 3227 2830 quem
3268 2750 3631 2834 frangimus
3667 2760 3788 2817 etc.
3859 2752 3962 2817 De
3995 2753 4182 2818 iuve-

2227 2835 2420 2900 nibus
2462 2835 2559 2899 ita
2602 2833 2857 2912 habete,
2902 2835 3154 2899 fratres.
3242 2836 3305 2899 N
3308 2857 3392 2900 on
3446 2836 3717 2902 aluntur
3758 2838 3831 2902 hi
3874 2837 4183 2903 ecclesiae

2227 2919 2549 3004 stipendio
2584 2919 2699 2985 sed
2734 2920 3104 3001 sumpt-ibus
3140 2932 3507 3003 parentum,
3597 2924 3668 2987 ui
3703 2924 3825 3001 his,
3870 2922 4027 2987 dum
4063 2946 4179 3008 pe-

2227 3027 2415 3091 regre
2461 3006 3041 3090 proficiscerentur,
3086 3007 3159 3070 in
3194 3007 3521 3072 mandatis
3601 3007 3884 3073 ederunt
3926 3016 4002 3072 ut
4035 3029 4184 3076 eam

2226 3093 2423 3157 fidem
2468 3093 2750 3175 fideique
2792 3093 3259 3174 professionem
3279 3146 3294 3172 ,
3358 3115 3486 3176 qua
3541 3102 3701 3161 tunc
3755 3095 4058 3161 instructi
4115 3102 4184 3160 et

2227 3179 2597 3244 confirmati
2653 3178 2956 3257 abibant,
3028 3178 3378 3245 redeuntes
3440 3188 3881 3263 reportarent,
3936 3190 4051 3245 aut
4107 3187 4186 3245 ut

2227 3264 2576 3330 redeuntes
2639 3275 2706 3329 et
2771 3264 2970 3330 aliam
3025 3263 3224 3329 fidem
3276 3269 3654 3348 profitentes
3708 3266 3869 3332 alias
3927 3286 4183 3349 quoque

2228 3350 2355 3416 sibi
2423 3350 2617 3415 aedes
2683 3359 2749 3415 et
2812 3351 2974 3414 alios
3039 3360 3343 3434 parentes
3410 3361 3815 3435 quaererent.
3906 3353 4007 3417 Ac
4060 3373 4181 3417 nos

2228 3457 2481 3519 quoque
2523 3437 2672 3502 illos
2708 3438 2883 3519 ipsos
2917 3435 3357 3503 valedicentes
3399 3436 3587 3504 nobis
3626 3459 3746 3521 pro
3780 3438 3993 3503 officio
4029 3458 4182 3503 nos·

2228 3530 2334 3587 tro
2378 3531 2691 3606 tanquam
2736 3532 3035 3606 pastores
3091 3533 3159 3587 et
3200 3533 3656 3608 praeceptores
3700 3521 4025 3588 adhortati
4069 3543 4180 3588 su-

2227 3629 2393 3682 mus,
2442 3617 2521 3673 ut
2560 3610 2628 3672 in
2675 3630 2753 3674 ea
2795 3607 2942 3685 fide,
2989 3629 3185 3691 quam
3222 3607 3597 3675 didicerunt
3639 3631 3679 3673 a
3716 3608 3950 3692 primis
3992 3608 4185 3674 annis

2228 3695 2297 3758 in
2358 3694 2634 3761 ecclesia
2684 3703 2940 3772 nostra,
3006 3715 3203 3776 quam
3270 3695 3549 3778 denique
3609 3695 3754 3760 Deo
3818 3696 4185 3777 inspirante

2229 3781 2436 3845 sancti
2471 3788 2778 3863 parentes
2800 3781 2963 3862 ipsis
2984 3780 3403 3860 instillarunt,
3444 3786 3885 3863 perseverent,
3923 3787 3990 3845 et
4024 3800 4182 3862 quo·

2230 3866 2412 3931 niam
2457 3867 3042 3931 communicatione
3098 3877 3655 3932 sacramentorum
3713 3865 3928 3948 palam
3984 3867 4183 3949 profi-

2229 3962 2449 4016 temur
2490 3950 2689 4017 fidem
2733 3961 3060 4030 nostram,
3117 3952 3578 4017 admonuimus
3630 3951 3777 4018 illos
3833 3950 4185 4034 diligenter

2228 4059 2314 4103 ne
2357 4057 2510 4102 cum
2554 4037 2684 4102 illis
2726 4038 3209 4103 communicent
3263 4038 3499 4120 quibus
3558 4058 3688 4103 non
3745 4033 4022 4101 eandem
4065 4058 4185 4102 no-

2228 4123 2480 4189 biscum
2524 4124 2598 4188 in
2639 4121 3054 4208 dogmatibus
3113 4132 3179 4188 et
3226 4124 3654 4190 sacramentis
3709 4121 4073 4187 doctrinam
4114 4130 4185 4187 et

2228 4209 2427 4274 fidem
2468 4230 2611 4275 esse
2654 4208 3046 4293 intelligant.
3132 4208 3280 4273 Iam
3334 4209 3489 4291 quia
3543 4208 3640 4274 illi
3684 4209 4022 4289 hucusque
4067 4229 4180 4273 vo·

2229 4294 2480 4361 hiscum
2522 4296 3005 4361 communicare
3048 4293 3525 4374 detrectarunt,
3582 4294 3770 4361 facile
3813 4293 4181 4377 colligimus

2228 4381 2375 4446 illos
2442 4381 2816 4464 intelligere
2832 4432 2849 4461 ,
2926 4401 3059 4445 non
3123 4378 3397 4445 eandem
3459 4400 3603 4447 esse
3668 4380 4034 4445 doctrinam
4097 4377 4180 4443 de

2228 4488 2430 4533 coena
2472 4467 2744 4532 Domini
2787 4487 2984 4549 quam
3028 4466 3258 4548 Tiguri
3301 4464 3672 4532 didicerunt
3708 4474 3776 4531 et
3814 4463 4184 4529 hauserunt

2230 4574 2270 4617 a
2324 4553 2708 4636 parentibus
2768 4561 2836 4618 et
2891 4573 2932 4617 a
2984 4550 3175 4616 nobis
3233 4551 3611 4618 doctoribus
3664 4552 3803 4617 suis
3858 4556 3927 4615 et
3981 4570 4181 4632 quam

2230 4640 2656 4723 Argentorati
2713 4636 2992 4704 audiunt
3046 4635 3425 4719 praedicari.
3524 4636 3815 4703 Proinde
3832 4687 3847 4711 ‚
3899 4648 3978 4700 ut
4030 4656 4182 4701 can·

2253 4924 2394 4980 872.
2433 4925 2489 4990 1)
2530 4925 2625 4980 Sic
2656 4926 2815 4981 habet
2831 4925 3108 4992 exemplar
3137 4924 3439 4990 Ίὶσνίσεπεε,
3477 4924 3574 4977 sed
3599 4925 3710 4978 alio
3733 4924 3890 4978 titulo
3923 4930 4181 4978 ornatum

2227 4996 2404 5061 fuisse
2436 4996 2576 5050 illud
2608 4996 2755 5117 Ἐωά
2790 4996 3209 5063 Aryentoratum
3245 4996 3470 5047 missum
3500 4993 3613 5059 fuit
3646 5008 3759 5046 non
3792 4999 3870 5047 est
4070 5009 4182 5046 mo-

2231 5080 2472 5118 neamus.
2508 5092 2575 5104 -
2673 5080 2702 5116 e
2751 5063 2853 5116 hac
2898 5079 2983 5131 ep.
3029 5062 3096 5116 cf.
3141 5064 3220 5116 Pa
3298 5080 3388 5116 um
3433 5067 3490 5115 et
3525 5061 3850 5128 Sturmium,
3964 5061 4180 5116 helbor-

2232 5134 2381 5186 nium
2426 5148 2508 5197 ue,
2571 5132 2711 5188 adde
2759 5133 2985 5186 Sculteti
3031 5148 3154 5201 epp.
3195 5135 3215 5199 (
3272 5133 3316 5186 1.
3353 5129 3483 5196 378)
3530 5130 3599 5182 ad
3647 5129 4049 5198 Breitingerum
4089 5126 4180 5184 24.

2235 5202 2355 5256 Oct.
2425 5201 2528 5322 6222
2540 5202 2601 5323 18
2594 5201 2823 5322 δι’ἐηδῑὸν).

2442 5271 2504 5402 3))
2539 5354 2689 5392 anno
2724 5336 2862 5392 1536
2898 5337 2952 5391 d.
2984 5336 3068 5391 26.
3108 5337 3312 5391 Martii
3342 5335 3545 5390 editam
3580 5333 3829 5401 (Ruchat
3860 5332 3961 5388 lv.
3995 5332 4113 5401 59).
