4825 6175
207 465 313 531 217

203 652 472 727 citatum,
516 648 610 715 ita
651 656 730 714 ut
770 669 1027 714 summo
1081 667 1274 714 mane
1316 646 1548 714 urbem
1591 666 1741 713 cum
1782 665 1990 712 uxore
2032 643 2129 709 fa·

202 736 361 804 milia
400 742 469 799 et
513 742 652 800 tota
692 734 1095 817 supellectile
1138 734 1496 817 reliquerit.
1577 730 1715 799 Sed
1757 730 1842 795 D.
1893 730 2014 796 Ph.
2045 730 2128 812 ¹²)

200 820 545 890 intercessit
581 828 650 886 et
692 841 842 920 spes
885 820 1106 920 aliqua
1147 826 1250 886 est
1290 820 1560 920 reditus.
1648 816 1961 885 Orandus
1992 816 2130 881 Do-

198 927 872 1058 ΜἘὲῗθὲῗέῃῖἓὲ
882 904 1129 1056 “iffi
1144 905 1508 1056 xm..
1544 991 1716 1069 novi,
1760 989 1892 1055 nisi
1933 988 1993 1054 is
2028 994 2131 1053 est

198 1080 295 1166 qui
331 1077 502 1163 apud
547 1086 844 1143 nostrum
888 1077 1235 1143 chricum
1284 1076 1569 1157 habitat,
1627 1076 1732 1142 vir
1789 1073 2019 1140 doctus
2061 1081 2129 1138 et

194 1165 345 1252 pius,
388 1165 500 1247 qui
543 1163 876 1247 quondam
918 1165 990 1227 in
1025 1162 1298 1247 collegio
1331 1163 1674 1228 Navarrae
1709 1159 1947 1227 docuit.
2014 1158 2128 1224 Illi

194 1253 283 1317 uti
321 1271 529 1335 spero,
570 1250 710 1315 iam
743 1254 1160 1332 prospectum
1203 1268 1325 1331 per
1356 1270 1464 1314 me
1508 1248 1651 1313 erit.
1718 1246 1800 1312 In
1843 1245 1916 1310 id
1949 1246 2124 1311 enim

195 1335 498 1405 contendo
561 1343 639 1400 ut
706 1333 791 1400 ad
849 1335 1057 1400 Palat.
1114 1342 1387 1401 vocetur
1436 1355 1632 1418 quem
1689 1352 1883 1416 spero
1939 1330 2128 1396 brevi

192 1443 363 1488 suam
407 1420 718 1487 Academ.
749 1423 829 1504 ¹⁸)
883 1420 1430 1486 instauraturum.
1531 1419 1775 1485 Noster
1828 1416 2124 1482 Etcstath.

193 1507 348 1592 apud
388 1507 579 1572 illum
636 1514 755 1586 est,
812 1506 1033 1589 ibique
1084 1504 1475 1572 medicinam
1529 1506 1891 1589 profitetur.
1981 1502 2129 1587 Ego

189 1595 448 1659 fortasse
511 1593 728 1659 locum
791 1590 1120 1657 haberem.
1231 1589 1367 1657 Sed
1430 1611 1563 1656 non
1623 1589 1816 1656 facile
1858 1608 1966 1653 me
2013 1587 2129 1652 ad-

191 1679 450 1764 stringo,
494 1679 623 1744 nisi
665 1677 928 1743 videam
983 1678 1233 1743 exitum
1277 1677 1476 1743 huius
1517 1678 1615 1742 rei
1658 1675 1833 1760 apud
1876 1671 2129 1740 Medio-

189 1766 499 1831 matrices.
588 1761 851 1830 Deinde
893 1763 1134 1828 alicubi
1188 1762 1359 1828 forte
1415 1764 1748 1828 exorietur
1788 1758 2128 1826 ecclesiola

190 1869 341 1933 quae
386 1849 524 1917 Gal.
564 1870 728 1933 opus
772 1847 1054 1914 habebit.
1144 1846 1283 1914 Sed
1335 1849 1491 1931 quia
1543 1847 1612 1912 id
1672 1846 1890 1913 adhuc
1934 1842 2127 1911 valde

190 1935 526 2000 obscurum
570 1946 638 2000 et
679 1936 1035 2014 infirmum,
1078 1942 1436 2015 praetereo.
1525 1933 1853 1999 Dominus
1907 1931 2129 1996 omnia

189 2027 400 2087 nostra
457 2020 726 2106 dirigat,
782 2027 982 2103 teque
1079 2041 1235 2085 uam
1275 2019 1640 2086 diutissime
1700 2037 1856 2085 suae
1909 2022 2130 2083 servet

187 2106 584 2173 incolumem·
611 2106 940 2172 ecclesiae.
1081 2113 1234 2170 tans
1275 2105 1442 2189 pede
1496 2105 1568 2171 in
1610 2125 1760 2172 uno.
1849 2103 2126 2188 Argent.

193 2195 361 2257 1545.
461 2196 558 2257 16.
606 2192 744 2259 Oal.
790 2192 1100 2257 Decemb.

407 2327 486 2393 Τ.
532 2327 611 2394 Ρ.
654 2326 1114 2393 observantiss.
1158 2326 1231 2391 in
1271 2326 1358 2391 D.
1404 2326 1583 2393 filius
1627 2337 1696 2392 et
1731 2324 2090 2410 discipulus

835 2411 1256 2496 Valerandus
1299 2412 1633 2479 Pollanus.

343 2616 494 2682 Etsi
539 2615 733 2684 valde
775 2624 971 2700 urget
1011 2637 1203 2700 puer,
1260 2624 1483 2682 tamen
1536 2636 1672 2681 non
1713 2615 1899 2698 potui
1940 2636 2131 2700 prae-

186 2703 542 2854 terffiittere
596 2703 752 2787 quin
807 2716 876 2768 te
932 2722 1270 2768 monerem
1285 2753 1301 2782 ,
1366 2702 1492 2768 etsi
1549 2723 1654 2767 res
1712 2702 1973 2767 videtur
2038 2703 2131 2767 le-

191 2809 285 2855 nc
357 2810 414 2854 a.

346 2874 661 2959 Baptista
702 2879 925 2938 noster
969 2881 1124 2939 ante
1167 2873 1419 2957 aliquot
1458 2892 1722 2938 menses
1764 2873 1963 2939 fidem
2019 2873 2130 2938 de-

190 2957 366 3024 derat
406 2958 674 3025 cuidam
728 2959 964 3025 viduae
1021 2980 1188 3042 quae
1245 2960 1430 3025 Petro
1459 2960 1540 3036 ¹⁴)
1594 2968 1822 3024 nostro
1879 2960 1951 3024 in
1994 2960 2136 3026 vin-

188 3044 341 3112 culis
383 3046 672 3113 'fornaci
710 3046 1004 3113 servivit.
1095 3043 1232 3112 Sed
1266 3047 1421 3130 quia
1457 3045 1516 3111 is
1556 3045 1831 3125 laborat,
1875 3046 1974 3111 uti
2018 3066 2134 3112 au-

188 3129 351 3211 disti,
394 3133 637 3212 mania,
682 3132 945 3198 irritata
986 3139 1089 3197 est
1143 3129 1308 3196 fides
1362 3153 1404 3197 a
1445 3131 1687 3198 nostris
1729 3130 2026 3215 patribus
2069 3139 2137 3196 et

186 3218 533 3303 magistris.
621 3217 731 3283 Ad
774 3239 893 3285 vos
935 3218 1222 3282 mittitur
1264 3222 1372 3297 ut,
1428 3237 1590 3281 num
1644 3217 1924 3283 mutatio
1965 3217 2138 3283 aeris

185 3302 276 3368 illi
318 3304 569 3388 aliquid
612 3304 922 3383 conferat,
967 3302 1349 3388 periculum·
1378 3303 1591 3369 faciat.
1683 3302 1895 3369 Valde
1939 3302 2134 3382 dolet,

186 3386 288 3456 hic
328 3390 543 3456 multa
584 3391 678 3456 sic
719 3389 1062 3456 affectibus
1114 3389 1361 3454 donari.
1452 3388 1656 3454 Volui
1698 3397 1768 3453 te
1807 3391 2136 3454 monitum

187 3481 272 3554 ut,
317 3476 377 3541 si
419 3475 580 3560 quid
625 3474 871 3555 audias,
916 3496 1003 3540 ne
1047 3483 1294 3540 temere
1336 3476 1546 3541 cuivis
1587 3473 1817 3542 credas
1875 3475 1990 3540 sed
2034 3477 2134 3542 iu-

190 3559 424 3627 dicium
459 3561 846 3645 suspendas.
912 3561 1138 3627 Habet
1169 3560 1390 3627 lucida
1420 3561 1791 3641 intervalla,
1836 3582 1960 3627 nec
1992 3567 2133 3626 tum

190 3666 382 3728 quum
424 3646 626 3713 fidem
673 3646 861 3712 daret
914 3647 1268 3724 laborabat,
1315 3655 1383 3711 et
1424 3667 1620 3730 saepe
1661 3653 1891 3731 postea
1933 3666 2134 3712 sanus

189 3734 601 3816 approbavit:
657 3733 789 3797 imo
848 3732 1048 3798 etiam
1103 3740 1244 3797 tota
1301 3733 1575 3799 ecclesia
1630 3733 2007 3799 sollicitavit
2056 3739 2134 3798 ut

188 3819 648 3885 concederetur
688 3818 874 3884 illam
918 3818 1172 3884 ducere.

351 3904 727 3989 Raymondo
751 3905 834 3985 ¹⁵)
878 3903 1091 3970 libens
1125 3904 1552 3987 scripsissem.
1641 3902 1778 3971 Sed
1821 3906 1975 3988 quia
2007 3926 2136 3970 nu-

185 4007 294 4086 per
350 3991 448 4055 ita
508 3990 739 4072 scripsi
804 3997 882 4054 ut
936 3989 1168 4054 videar
1236 3990 1448 4055 literis
1505 3990 1645 4090 eius
1703 3989 2134 4090 respondisse,

187 4076 913 4227 ἒῖῗηζέυῗὲῗθθὲᾟῖἳεω
931 4075 1641 4244 Ῑζὲἓθέηέὲῇέεἳέὲὲῗ
1651 4097 2136 4247 ιὲἰΐῗὲήωὲξ

189 4244 266 4310 D.
305 4246 489 4329 Οῳο,
533 4249 732 4313 etiam
781 4247 846 4312 S.
891 4247 1119 4326 Andr„
1166 4246 1553 4314 Maldcmado
1592 4255 1658 4312 et
1700 4250 1975 4314 caeteris
2011 4249 2137 4314 fra-

188 4331 387 4397 tribus
423 4344 494 4399 et
551 4332 958 4417 symmystis.
1044 4333 1257 4398 Miror
1308 4333 1482 4416 quod
1535 4334 1604 4399 in
1662 4341 1851 4398 tanta
1900 4334 2135 4400 minis-

186 4422 433 4483 trorum
478 4420 757 4503 penuria
798 4419 977 4484 hunc
1025 4418 1284 4484 Petrum
1344 4419 1765 4484 macilentum
1807 4420 2137 4502 quendam

187 4504 339 4568 satis
380 4526 729 4588 procerum
775 4504 1120 4570 dimiseris.
1209 4505 1280 4568 Is
1323 4526 1539 4587 nuper
1594 4503 1769 4587 apud
1823 4525 1947 4571 nos
1989 4507 2132 4586 fuit,

187 4595 248 4651 et
300 4590 478 4672 apud
537 4610 659 4656 nos
717 4592 813 4655 ita
879 4598 1184 4656 versatur
1236 4598 1313 4655 ut
1367 4613 1518 4657 cum
1570 4588 1765 4655 laude
1817 4592 2133 4658 omnium.

187 4671 509 4742 Hortatus
548 4698 694 4741 sum
739 4686 814 4740 ut
856 4676 978 4740 hac
1015 4676 1254 4760 hyeme
1298 4685 1445 4742 tuas
1481 4676 1947 4743 Institutiones
1984 4701 2135 4744 cum

187 4765 369 4826 textu
412 4762 654 4828 biblico
698 4763 876 4847 legat
919 4762 1285 4845 diligenter,
1330 4772 1558 4845 postea
1605 4764 1676 4828 in
1719 4763 1935 4828 reditu
1980 4784 2134 4849 cog-

188 4865 447 4913 noscam
493 4869 658 4912 num
700 4849 786 4912 sit
828 4848 967 4913 loco
1011 4848 1226 4931 aliquo
1275 4845 1531 4932 dignus.
1619 4850 1791 4915 Nam
1838 4850 1970 4915 scio
2013 4851 2134 4915 ho·-

351 5104 449 5171 12)
486 5106 600 5160 Hic
623 5104 1027 5159 Melanthonem
1061 5104 1228 5160 innui
1258 5106 1622 5175 suspicamur,
1654 5121 1784 5160 nam
1818 5105 1887 5160 de
1919 5106 2134 5174 negotio

191 5170 366 5242 aliquo
400 5176 463 5228 in
503 5173 756 5255 Saqom‘a
785 5179 937 5243 qesto
971 5172 1151 5228 dicere
1181 5173 1412 5230 videtur.

353 5240 451 5378 ἒξ)
485 5243 1004 5374 {awr-

356 5378 444 5448 15)
479 5379 559 5436 N.
734 5386 785 5436 et
816 5379 936 5433 577.

1883 459 2046 522 1545
2086 452 2509 525 NOVEMB.

4061 449 4188 527 218‘

2236 644 2340 711 die
2384 666 2585 730 quam
2626 645 2822 730 pauci
2864 644 3068 731 digni,
3124 667 3500 731 quanquam
3542 646 3883 714 ambitiose
3923 648 4193 733 plurimi

2232 731 2308 798 in
2371 731 2679 798 ecclesias
2744 731 2997 797 Christi
3058 733 3444 816 irrumpant.
3554 734 3641 799 D.
3706 734 3895 801 Iesus
3971 740 4191 802 servet

2233 837 2356 883 nos
2407 818 2489 882 ab
2547 819 2728 883 omni
2785 817 3111 884 scandalo.
3214 817 3421 884 Orate
3474 839 3592 903 pro
3646 840 3772 885 me.
3869 821 4016 905 Ego
4070 840 4191 904 pro

2233 903 2441 1003 vobis.
2530 903 2895 971 Ecclesiam
2931 904 3152 971 Vesal.
3189 902 3445 988 publice
3487 913 3553 969 et
3593 906 3906 990 privatim
3950 908 4191 973 vestris

2232 990 2534 1141 ξέξὶῗὲξέ
2575 989 4193 1163 ΞΞἪΞἘΞᾎΒ,Οτὲἶθῖἓίᾶξέαθῐξὲξῗὲθωῖοὲἓωῗιῗ

2231 1172 2309 1224 ut
2354 1182 2559 1244 quum
2605 1160 2689 1226 ad
2733 1170 2799 1227 te
2842 1162 3196 1228 scriberem
3252 1162 3535 1228 salutem
3587 1167 3882 1248 ipsarum
3924 1166 4188 1230 nomine

2228 1247 2649 1328 ascriberem,
2694 1253 2764 1312 et
2805 1248 2929 1314 tibi
2972 1256 3039 1313 et
3080 1248 3364 1332 coniugi.

3006 1542 3415 1553 ————-——

3142 1760 3292 1831 73⁰.

2768 1913 3190 1982 OALVINU
3191 1914 3242 1981 S
3286 1915 3656 1982 VIRE'I'O.

2407 2083 2663 2152 Ia‘tcrae
2703 2086 3260 2166 commendatitiae,
3321 2106 3596 2170 quarum
3649 2087 3963 2154 occasione
4003 2086 4191 2154 varia

2236 2171 2378 2237 azia
2410 2172 2643 2255 paucis
2686 2173 2954 2256 aitin'yit.

2236 2343 2343 2409 (Ex
2378 2345 2608 2423 autogra

2234 2427 2392 2534 taglam
2432 2412 2571 2464 laria

2644 2339 2718 2395 ho
2753 2341 2883 2396 Ood.
2919 2343 3121 2398 Genev.
3159 2341 3277 2410 106,
3312 2343 3404 2397 sol.
3444 2340 3545 2395 147
3549 2384 3562 2396 .
3632 2342 3869 2396 Exstant
3941 2349 4190 2397 raeterea

2641 2411 2897 2465 onvillaei
2943 2411 3072 2466 Ood.
3122 2411 3248 2478 196,
3304 2413 3397 2469 fol.
3443 2410 3527 2477 81,
3577 2410 3857 2465 Turretini
4015 2481 4026 2493 ·
4068 2411 4188 2494 111,

2503 2497 2574 2547 ι,
2609 2479 2889 2534 Bernense
2937 2481 3360 2616 ΕρμνξιΠέΒῧ.
3396 2480 3498 2534 732
3544 2486 3602 2534 et
3636 2481 3926 2534 Turicense
3972 2480 4189 2536 Simlen

2235 2737 2453 2803 Fideli
2478 2737 2751 2802 Domini
2792 2738 3000 2803 nostri
3021 2737 3177 2804 Iesu
3211 2737 3483 2804 Ohristi-
3510 2758 3701 2803 servo
3736 2737 3936 2804 Petro
3958 2736 4190 2803 Vireto

2237 2823 2734 2889 Lausannensis
2776 2823 3089 2890 ecclesiae
3141 2824 3388 2924 pastori
3444 2822 3634 2889 fratri
3676 2832 3744 2889 et
3787 2831 4192 2909 symmystae

3043 2929 3396 2975 canssimo.

2412 3042 2483 3111 S.
2549 3042 2681 3110 Hic
2714 3043 2921 3110 irater
2962 3042 3161 3111 habet
3200 3065 3240 3110 a
3282 3044 3418 3112 suis
3459 3046 3905 3112 conterraneis
3945 3045 4194 3116 bonum

2238 3130 2705 3197 testimonium.
2796 3130 2991 3198 Nunc
3025 3132 3181 3214 quia
3215 3131 3385 3197 istuc
3418 3151 3491 3197 se
3535 3130 3788 3197 confert
3828 3132 4194 3199 studiorum

2238 3236 2455 3295 causa,
2502 3216 2764 3300 rogavit
2806 3237 2912 3282 me
2956 3216 3402 3297 vehementer,
3447 3226 3769 3302 rogarunt
3811 3219 4011 3284 etiam
4054 3220 4195 3286 eius

2239 3303 2503 3368 nomine
2546 3301 2677 3381 alii,
2714 3322 2801 3366 ne
2834 3302 3053 3386 ipsum
3089 3303 3331 3386 absque
3366 3301 3931 3369 commendatione
3975 3304 4195 3370 dimit-

2239 3395 2469 3454 terem.
2559 3387 2788 3471 Neque
2830 3395 3056 3454 tamen
3110 3388 3289 3454 aliud
3344 3389 3512 3472 petit
3559 3390 3690 3453 nisi
3733 3389 3857 3454 tibi
3899 3390 4193 3457 innotes-

2239 3495 2404 3541 cere.
2497 3473 2702 3539 Vivet
2741 3475 2933 3548 enim,
2961 3495 3082 3539 suo
3126 3483 3398 3558 sumptu
3414 3525 3430 3554 ,
3488 3495 3699 3558 neque
3752 3474 3876 3539 tibi
3928 3475 4067 3541 ulla
4122 3478 4193 3543 in

2238 3581 2313 3625 re
2356 3560 2485 3626 erit
2521 3558 2855 3625 molestus.
2946 3560 3271 3640 Alterum,
3314 3561 3373 3627 si
3423 3568 3650 3645 potero
3665 3611 3683 3640 ,
3740 3561 3925 3628 brevi
3969 3569 4194 3627 extru-

2241 3645 2412 3724 dam,
2460 3655 2577 3710 aut
2619 3646 2817 3710 etiam
2863 3645 3044 3725 duos,
3090 3648 3205 3730 qui
3246 3667 3354 3713 me
3398 3646 3636 3712 fallunt
3687 3645 3817 3711 nisi
3860 3648 3996 3713 sint
4035 3646 4194 3713 boni

2239 3732 2390 3796 viri.
2478 3732 2580 3796 'Pu
2624 3730 2804 3797 hunc
2858 3732 3115 3798 interea
3169 3753 3289 3817 pro
3355 3732 3549 3798 solita
3602 3740 3718 3798 tua
3773 3731 4192 3800 humanitate

2241 3817 2551 3900 excipies,
2598 3823 2665 3882 et
2707 3817 2821 3883 ubi
2861 3819 3207 3902 ingenium
3252 3819 3422 3896 eius,
3482 3817 3908 3898 voluntatem,
3955 3818 4195 3887 doctri-

2241 3924 2414 3982 nam,
2458 3923 2673 3968 mores
2707 3905 3140 3987 perspexeris,
3198 3927 3284 3970 ex
3327 3927 3399 3969 re
3441 3906 3586 3987 ipsa
3629 3905 3826 3972 facies
3880 3904 4194 3974 iudicium

2238 3989 2521 4073 qualiter
2564 4009 2715 4053 eum
2761 3989 2988 4056 iuvare
3028 3990 3258 4073 possis.
3361 3991 3669 4075 Recipies
3711 3992 3911 4056 etiam
3954 4013 3994 4058 a
4041 3992 4197 4059 Gar-

2238 4075 2451 4140 melita
2474 4080 2526 4152 ¹)
2572 4075 2829 4155 literas,
2886 4097 3165 4159 quarum
3221 4076 3484 4160 singula
3524 4076 3730 4142 verba
3772 4099 3813 4142 a
3854 4076 4038 4143 vobis
4082 4100 4196 4144 ex-

2239 4161 2441 4243 pendi
2504 4160 2722 4225 velim.
2845 4161 3052 4227 Nobis
3127 4169 3301 4227 certe
3364 4182 3779 4245 nequaquam
3857 4163 4192 4229 satisfecit.

2239 4247 2519 4312 Nullum
2588 4247 2797 4311 seriae
2861 4247 3349 4330 resipiscentiae
3412 4248 3679 4332 signum
3745 4246 3928 4311 dedit
3983 4249 4192 4329 nobis,

2241 4354 2394 4397 nam
2472 4332 3040 4416 genuflexionibus
3104 4342 3171 4398 et
3236 4333 3556 4399 eiusmodi
3619 4333 3885 4416 ineptiis
3950 4334 4196 4415 placari

2238 4439 2362 4482 nos
2405 4427 2611 4502 putat.
2680 4418 2859 4484 Male
2903 4419 3104 4482 etiam
3148 4438 3269 4483 nos
3302 4418 3530 4484 habuit
3564 4416 3735 4500 quod
3777 4419 4004 4483 aberat
4040 4418 4194 4483 Fer-

2238 4507 2458 4569 rom'us
2477 4505 2535 4586 2)
2581 4524 2656 4569 eo
2702 4503 2806 4568 die
2851 4505 2962 4587 qui
3007 4503 3108 4568 illi
3151 4502 3487 4570 condictus
3531 4503 3613 4569 ad
3660 4524 3729 4568 se
3772 4503 4191 4586 purgandum

2238 4591 2467 4655 fuerat.
2537 4587 2672 4655 Sed
2716 4591 2871 4673 quia
2913 4589 3144 4654 literae
3187 4588 3353 4654 nihil
3396 4589 3644 4654 habent
3678 4589 3864 4654 cuius
3898 4610 4004 4654 me
4038 4611 4193 4673 poe·

2238 4676 2467 4754 niteat,
2504 4675 2653 4758 plus
2697 4677 2856 4742 sat-is
2895 4684 2997 4741 est
3040 4676 3348 4740 monitae.
3441 4673 3705 4740 Scribes
3763 4672 3843 4738 de
3886 4680 4002 4740 tua
4040 4695 4190 4758 pro-

2237 4762 2515 4826 fectione
2559 4783 2759 4843 quum
2804 4763 2932 4827 erit
2965 4763 3193 4828 otium.
3286 4760 3587 4826 Iacobum
3621 4760 3991 4825 Metensem
4035 4761 4191 4825 hor-

2238 4847 2483 4912 taberis
2525 4868 2669 4912 meo
2722 4849 2986 4913 nomine
3042 4857 3115 4914 ut
3169 4848 3333 4913 mihi
3387 4846 3615 4932 paucis
3659 4843 3905 4910 indicet
3947 4868 4074 4930 quo
4118 4848 4191 4912 in

2238 4941 2414 4999 statu
2459 4932 2545 4996 D.
2591 4933 2940 4999 Fallesium
2981 4934 3335 5017 reliquerit.
3358 4937 3416 5009 ⁸)
3490 4932 3776 4997 Miratus
3821 4953 3967 4997 sum
4013 4934 4190 4997 enim

2259 5172 2402 5227 730.
2444 5173 2497 5236 1)
2546 5173 2679 5227 Vide
2716 5172 2790 5225 N.
2829 5171 2949 5227 726.

2445 5243 2505 5308 2)
2552 5242 2716 5296 Verbi
2747 5241 2925 5295 divini
2957 5239 3205 5293 minister
3248 5238 3578 5292 Gencvensis
3613 5239 3709 5305 (N.
3745 5239 3865 5292 515.
3902 5239 4050 5304 616).

2446 5314 2505 5378 3)
2547 5310 2713 5379 Quem
2750 5315 3059 5379 aeqrotassc
3102 5309 3407 5376 acecpimus
3451 5323 3517 5361 ιω
3552 5323 3669 5377 epp.
3711 5307 3930 5363 Calvam·
3960 5311 4038 5364 ad
4069 5326 4189 5364 cum

2238 5381 2338 5434 hoc
2371 5385 2492 5451 ipso
2526 5389 2787 5435 autumno
2822 5380 3059 5447 scriptis.
