4825 6175
619 443 739 508 159

614 649 822 697 annos
841 678 856 705 ,
917 623 1032 692 sed
1076 625 1158 691 de
1213 630 1353 689 toto
1398 628 1708 704 tempore,
1753 641 1880 703 quo
1924 618 2102 683 domi
2143 636 2329 683 meae
2373 622 2571 699 atque

613 716 776 783 foris
819 712 1008 791 vixit,
1050 732 1187 777 non
1228 730 1494 793 possum
1529 709 1590 772 ei
1623 706 1754 773 nisi
1796 702 2209 770 luculentum
2244 701 2397 767 fidei
2432 702 2569 784 pie·

613 802 771 868 tatis
814 806 880 864 et
921 797 1264 881 probitatis
1320 792 1767 860 testimonium
1823 789 2116 855 reddere.
2205 785 2393 852 Idem
2441 796 2571 851 tes-

614 896 845 953 tantur
887 883 1124 967 reliqui
1168 902 1398 948 omnes
1442 879 1827 962 quibuscum
1868 876 1967 940 illi
2018 874 2427 940 familiaritas
2465 873 2569 937 in-

617 972 930 1039 tercessit.
1033 968 1245 1052 Spero
1310 968 1448 1031 fore
1524 973 1603 1028 ut
1665 962 1994 1028 Dominus
2052 961 2219 1025 bene
2281 960 2575 1023 fortunet

612 1058 1008 1143 coniugium,
1057 1053 1355 1137 quamvis
1410 1051 1484 1114 in
1526 1051 1669 1132 ipso
1712 1048 2043 1133 prooemio
2088 1046 2236 1128 plus
2278 1044 2570 1129 pruden-

618 1146 754 1211 tiae
813 1142 1048 1206 merito
1102 1139 1309 1224 possit
1364 1134 1740 1201 desiderari.
1848 1132 1983 1199 Sed
2039 1130 2284 1213 aliquid
2329 1129 2570 1197 condo-

618 1229 918 1296 nandum
981 1233 1095 1291 'est
1165 1223 1420 1289 homini
1494 1223 1564 1286 in
1644 1221 1764 1284 tali
1826 1218 2211 1302 praesertim
2288 1216 2570 1300 negotiO.

617 1316 792 1383 Nam
870 1334 1067 1397 quam
1132 1309 1326 1393 pauci
1403 1318 1559 1374 sunt
1621 1307 1736 1389 qui
1813 1316 1953 1370 tum
2030 1305 2291 1387 sapiant
2366 1322 2568 1386 quum

614 1401 906 1467 maxime
951 1394 1339 1481 sapiendum
1393 1395 1528 1460 est!
1631 1393 1809 1457 Eum
1868 1390 2084 1455 iudico
2165 1387 2570 1471 sapientissi-

615 1507 804 1553 mum
848 1485 978 1568 qui,
1023 1481 1135 1547 ubi
1180 1480 1264 1547 ad
1319 1480 1489 1546 hanc
1547 1499 1688 1543 rem
1743 1485 2018 1542 ventum
2066 1484 2184 1553 est,
2241 1473 2412 1537 nihil
2455 1493 2570 1556 pe-

616 1573 799 1639 nitus
852 1570 1107 1653 desipit.
1214 1567 1478 1649 Lapsus
1532 1571 1636 1629 est
1699 1562 2118 1643 Theofredus,
2178 1556 2293 1624 sed
2345 1559 2570 1641 lapsus

617 1668 722 1724 cst
763 1657 1112 1731 humanus,
1158 1661 1224 1718 et
1266 1652 1480 1732 venia,
1522 1670 1670 1714 meo
1714 1646 1974 1732 quidem
2004 1646 2264 1722 iudicio,
2311 1643 2569 1727 dignus.

616 1744 792 1811 Nam
853 1762 987 1806 non
1047 1738 1426 1804 instituerat
1480 1735 1711 1801 herum
1768 1732 2023 1809 fallere,
2080 1739 2196 1796 aut
2247 1730 2568 1814 puellam:

617 1828 737 1896 sed
780 1828 882 1893 vis
937 1826 1208 1905 amoris,
1267 1823 1623 1889 amicorum
1681 1821 1955 1885 fortasse
2013 1816 2327 1899 impulsu,
2384 1814 2569 1879 testi·

617 1915 915 1983 monium
962 1910 1134 1995 quod
1178 1911 1258 1975 de
1318 1908 1537 1992 puella
1594 1906 1923 1984 audierat,
1968 1911 2036 1968 et
2078 1910 2294 1967 metus
2337 1922 2423 1965 ne
2469 1901 2571 1964 in-

619 2001 868 2068 cideret
904 1999 976 2063 in
1019 1997 1191 2062 male
1235 1997 1538 2061 feriatum
1585 2001 1652 2057 et
1693 1993 1998 2057 insanum
2045 1986 2305 2071 aliquod
2351 1993 2572 2069 caput,

618 2087 789 2171 quod
835 2086 975 2150 eius
1018 2081 1388 2147 ministerio
1411 2088 1638 2144 notam
1674 2078 1955 2161 aliquam
1981 2074 2221 2139 malam
2257 2073 2570 2136 inureret.

619 2176 841 2256 Atque
898 2191 974 2234 eo
1028 2170 1238 2252 magis
1296 2165 1665 2242 metuebat,
1726 2184 1855 2247 quo
1910 2162 2102 2245 plura
2147 2179 2222 2224 ac
2264 2178 2573 2241 praesen-

618 2260 790 2324 tiora
832 2255 1002 2321 vidit
1041 2253 1345 2336 exempla
1385 2272 1611 2316 eorum
1646 2270 1920 2333 quorum
1956 2268 2195 2312 uxores
2237 2242 2577 2326 improbae

620 2342 1063 2410 ministerium
1100 2338 1586 2405 subverterunt.
1656 2334 1850 2416 Quod
1886 2332 2093 2418 igitur
2135 2331 2289 2416 egit,
2334 2328 2403 2394 id
2441 2329 2579 2414 egit

620 2451 698 2496 eo
745 2429 960 2512 potius
1004 2425 1274 2492 consilio
1332 2435 1408 2488 ut
1463 2443 1620 2488 suae
1663 2421 1867 2505 quieti
1911 2428 1979 2484 et
2032 2438 2153 2482 suo
2210 2416 2577 2481 ministerio

622 2522 820 2598 atque
864 2512 1175 2579 ecclesiae
1217 2509 1589 2577 consuleret
1603 2558 1619 2586 ‚
1677 2527 1873 2590 quam
1917 2514 1994 2569 ut
2035 2502 2120 2568 D.
2185 2501 2578 2586 Veryeriensi

622 2621 884 2667 oausam
943 2598 1229 2679 aliquam
1288 2595 1631 2678 praeberet
1684 2591 2040 2656 molestiae.
2139 2589 2316 2653 Eum
2368 2587 2579 2671 igitur
2636 2596 2637 2599 ’

624 2687 840 2751 orabis
881 2706 1028 2749 meo
1071 2682 1337 2748 nomine
1380 2691 1458 2743 ut
1484 2678 1821 2760 Theofredo
1861 2678 2176 2760 ignoscat,
2216 2674 2411 2756 quem
2455 2672 2578 2737 filii

621 2772 763 2838 loco
798 2771 1181 2836 habiturum
1215 2788 1348 2833 non
1386 2764 1630 2830 dubito.
1687 2761 2073 2829 condonavi
2108 2769 2175 2825 et
2219 2780 2359 2843 ego,
2403 2757 2577 2841 quod

622 2879 730 2922 me
794 2854 1166 2922 inconsulto
1232 2852 1393 2917 haec
1458 2850 1683 2915 omnia
1745 2848 2021 2913 tentarit
2085 2857 2154 2911 et
2211 2845 2575 2929 perfecerit,

623 2963 819 3026 quem
863 2963 995 3005 non
1038 2950 1365 3023 postremo
1406 2938 1475 3001 in
1521 2935 1661 3000 loco
1696 2935 1942 2999 habere
1979 2932 2218 2998 debuit.
2288 2929 2423 2997 Sed
2461 2950 2578 2995 cur

622 3048 731 3094 me
773 3049 908 3093 non
953 3025 1357 3091 consuluerit
1400 3022 1564 3087 alias
1622 3018 1863 3086 audies.
1951 3019 2176 3084 Pudor
2231 3018 2383 3098 fuit,
2443 3037 2578 3081 non

624 3121 1066 3213 contemptus,
1138 3113 1326 3178 cuius
1381 3129 1647 3175 causam
1701 3104 2084 3191 aliquando,
2141 3106 2196 3170 si
2249 3125 2412 3187 opus
2451 3110 2577 3181 est,

624 3222 665 3267 a
711 3220 934 3267 eriam.

664 3223 741 3347 p.
799 3284 935 3352 Sed
980 3295 1058 3349 ut
1100 3286 1301 3348 finem
1345 3281 1599 3358 faciam,
1656 3300 1801 3344 meo
1846 3277 2112 3342 nomine
2155 3275 2434 3341 salutem
2479 3274 2578 3339 di-

625 3393 733 3438 ces
790 3371 874 3435 D.
951 3369 1374 3453 Veryeriemi,
1442 3365 1913 3446 testaberisque
1979 3383 2125 3427 meo
2183 3361 2449 3426 nomine
2506 3361 2579 3425 in

629 3457 972 3540 Theofredo
1024 3477 1131 3520 me
1183 3454 1349 3518 nihil
1400 3453 1724 3517 haetenus
1784 3447 2027 3514 vidisse
2065 3455 2180 3513 aut
2215 3445 2579 3529 deprehen-

627 3543 801 3608 disse
847 3542 993 3607 viro
1037 3541 1204 3605 bono
1247 3539 1592 3623 indignum
1614 3587 1628 3612 ,
1687 3555 1969 3619 eumque
2024 3533 2190 3598 mihi
2245 3552 2388 3599 esse
2446 3554 2580 3597 non

628 3629 839 3695 solum
886 3628 1166 3692 amicum
1212 3624 1326 3690 sed
1383 3633 1450 3688 et
1491 3622 1910 3698 familiarem,
1970 3618 2272 3702 quamvis
2325 3618 2396 3683 in
2456 3618 2580 3682 hoc

623 3714 889 3798 negotio
932 3714 1074 3796 ipse
1118 3732 1369 3794 quoque
1424 3709 1704 3774 habeam
1747 3705 1919 3790 quod
1963 3728 2114 3772 cum
2159 3727 2235 3770 eo
2276 3704 2421 3769 iure
2465 3725 2577 3768 ex-

671 3798 971 3863 ostulem.
1067 3796 1378 3863 Salutant
1433 3803 1501 3859 te
1555 3793 1767 3859 nostri
1824 3813 2072 3857 omnes.
2160 3789 2437 3856 Salvere
2476 3789 2579 3853 iu-

708 3885 808 3949 bis
853 3892 1001 3948 tuos
1046 3889 1446 3968 symmystas
1505 3889 1572 3945 ot
1621 3881 1973 3958 Textorem,
2029 3875 2112 3942 ad
2171 3896 2363 3959 quem
2409 3873 2578 3938 nihil

623 3971 787 4037 certi
831 3968 1113 4033 scribere
1170 3989 1433 4051 possum
1490 3963 1570 4031 de
1629 3964 1858 4029 uxoris
1912 3961 2303 4028 valetudine.
2394 3960 2578 4025 Non-

623 4055 786 4121 dum
832 4074 1061 4120 curare
1107 4053 1285 4136 potui
1330 4054 1519 4116 iuxta
1546 4051 1835 4116 Textoris
1877 4049 2373 4132 praescriptum,
2421 4067 2579 4129 quo-

624 4142 807 4207 niam
853 4138 1102 4205 Orbam
1147 4160 1216 4203 se
1257 4137 1537 4204 contulit
1580 4158 1725 4201 meo
1774 4155 2096 4200 consensu
2155 4131 2238 4197 ad
2296 4143 2577 4208 nostros,

624 4228 684 4293 si
719 4228 888 4291 forte
923 4247 1001 4291 ea
1035 4224 1557 4308 peregrinatione
1595 4219 1898 4286 nonnihil
1932 4219 2286 4285 iuvaretur.
2354 4216 2577 4299 Scrip-

626 4314 716 4379 sit
780 4334 849 4377 se
916 4310 1111 4394 paulo
1176 4309 1410 4374 melius
1475 4307 1732 4373 habere.
1831 4307 2229 4388 Priusquam
2293 4302 2581 4368 solveret

625 4398 784 4464 hinc
828 4404 1197 4479 sumpserat
1238 4394 1485 4478 aliquid
1531 4414 1757 4458 eorum
1801 4413 1966 4473 quae
2002 4411 2043 4454 a
2087 4390 2345 4455 Textore
2390 4398 2579 4453 crant

624 4483 1046 4569 praescripta.
1114 4481 1391 4546 Fatetur
1427 4499 1498 4546 se
1535 4478 1796 4562 quidem
1837 4477 2065 4542 morbo
2108 4475 2326 4558 aliquo
2371 4473 2577 4539 afflic-

625 4570 777 4649 tari,
820 4568 936 4634 sed
978 4566 1273 4633 nondum
1306 4565 1405 4630 illi
1444 4587 1594 4648 spes
1634 4563 1942 4647 adempta
1974 4569 2078 4627 est
2111 4560 2329 4643 prolis.
2403 4560 2576 4624 Nam

626 4677 711 4722 ex
754 4676 881 4739 quo
925 4651 1174 4719 Orbam
1218 4653 1509 4735 profecta
1549 4656 1667 4726 est,
1711 4669 1782 4714 se
1823 4655 2003 4715 certo
2045 4668 2188 4713 esse
2227 4645 2575 4730 gravidam

625 4741 838 4806 literis
889 4738 1258 4805 mandavit:
1334 4735 1508 4820 quod
1578 4736 1796 4801 nescio
1853 4754 1941 4799 an
1998 4732 2336 4815 scripserit
2388 4729 2576 4796 docta

627 4827 901 4892 certiore
963 4825 1178 4906 aliquo
1243 4823 1722 4906 experimentO,
1792 4818 2054 4904 quando
2117 4817 2203 4884 ad
2268 4827 2574 4900 quartum

626 4932 922 4978 mensem
981 4909 1316 4994 pervenit,
1373 4929 1459 4972 an
1515 4908 1680 4973 falsa
1737 4905 2161 4989 persuasione
2217 4905 2449 4968 matris
2510 4916 2576 4968 et

628 4998 909 5064 aliarum
964 4992 1504 5061 muliercularum
1518 5044 1536 5072 ,
1595 5012 1680 5058 an
1733 5002 1916 5057 metu
1973 5011 2059 5056 ne
2104 4989 2166 5055 ei
2222 4988 2577 5072 pharmaca

625 5082 1077 5167 propinentur.
1165 5079 1335 5146 Nam
1382 5077 1561 5144 dictu
1604 5080 1846 5143 mirum
1903 5086 2229 5159 quantum
2284 5095 2324 5138 a
2376 5074 2575 5156 phar-

626 5167 834 5234 macis
871 5166 1236 5232 abhorreat.
1331 5164 1470 5230 Vix
1513 5165 1691 5230 enim
1739 5163 1841 5230 vel
1886 5160 2152 5228 oximeli
2197 5158 2581 5225 subodorari

626 5260 844 5338 potest
885 5253 1129 5336 absque
1163 5270 1427 5316 nausea.
1490 5250 1636 5316 Has
1668 5248 1753 5314 ad
1789 5258 1852 5314 te
1894 5269 2109 5332 nugas
2142 5244 2354 5312 scribo
2387 5244 2582 5328 paulo

627 5337 956 5424 copiosius
998 5348 1075 5404 ut
1113 5337 1284 5404 haec
1321 5336 1580 5404 Textori
1620 5355 1931 5419 exponas,
1975 5332 2284 5418 quoniam
2325 5352 2460 5397 non
2502 5330 2582 5396 li-

2110 426 2641 497 nmsromn
2684 428 3026 494 esa-696

4506 425 4608 492 160

2672 617 2812 681 cuit
2853 613 2935 681 ad
2980 636 3133 680 eum
3187 634 3309 698 per
3350 614 3617 699 negotia
3658 612 3963 681 scribere.
4052 612 4287 680 Saluta
4332 631 4604 678 uxorem.

2671 700 2860 767 Vale.
2948 702 3346 768 Lausannae
3392 704 3449 767 3.
3496 698 3830 784 Septemb.
3886 705 4066 766 1545.

3805 836 3993 903 'I'uus
4035 837 4115 906 P.
4160 836 4454 902 Viretus.

2846 1008 2951 1074 'I'u
2989 1009 3231 1075 scribes
3267 1007 3352 1074 ad
3374 1029 3481 1073 me
3514 1029 3633 1092 per
3658 1007 3934 1074 Coelium
3950 1009 4009 1083 ²)

2675 1095 2731 1159 si
2788 1093 2946 1177 quid
2999 1094 3202 1162 habes
3266 1116 3591 1161 novarum
3646 1115 3872 1160 rerum
3925 1115 4010 1160 ex

2677 1179 3055 1247 Germania.

3571 1606 3724 1679 694.

2760 1743 3193 1813 MINIS'I'RI
3249 1743 3871 1916 GENEgIlgiJSSES
3938 1744 4543 1814 LAUSANNEN-

2856 1984 3084 2050 Petunt
3124 1991 3198 2050 ut
3238 1990 3521 2052 senatum
3543 1985 3929 2052 Bernensem
3971 1986 4199 2051 adeant
4239 1985 4343 2051 illi
4382 1985 4459 2050 in
4492 2003 4628 2050 eum

2672 2070 2865 2153 finem
2904 2076 2974 2135 ut
2995 2071 3333 2138 Deotheum
3371 2072 3831 2138 Genevensibus
3869 2072 4198 2138 concedant
4238 2072 4354 2154 qui
4393 2070 4630 2137 scholae

2666 2158 3102 2241 praeficiatur.

2682 2328 3105 2450 (Autogrsiphon
3138 2329 3377 2408 reperies
3412 2328 3466 2381 in
3506 2326 3637 2381 God.
3673 2328 3807 2382 Gen.
3830 2325 3947 2393 106,
3982 2327 4072 2381 fol.
4111 2326 4228 2381 141.
4301 2327 4353 2382 Δ
4532 2327 4636 2398 pha

2681 2406 2901 2451 exstant
2962 2398 3217 2450 ouvsslaei
3253 2396 3382 2451 Cod.
3418 2395 3535 2461 196,
3576 2396 3668 2450 sol.
3704 2395 3775 2449 84
3813 2413 3877 2461 v.,
3914 2396 4192 2450 Turretim
4229 2396 4361 2451 cod.
4390 2398 4416 2448 l
4460 2397 4510 2467 1,
4547 2396 4631 2450 fol.

2866 2464 2984 2533 125,
3020 2468 3299 2520 Bernense
3335 2467 3476 2534 Epp.
3519 2464 3645 2519 VII.
3683 2483 3735 2534 p.
3773 2462 3890 2532 718,
3930 2465 4147 2520 Simleri
4184 2465 4311 2521 Vol.
4345 2463 4466 2535 58.)

2681 2655 2824 2721 Piis
2844 2666 2911 2719 et
2943 2655 3149 2720 doctis
3193 2656 3355 2719 viris
3389 2654 3759 2738 pastoribus
3804 2663 3871 2719 et
3907 2653 4279 2720 doctoribus
4323 2654 4639 2721 ecclesiae

2749 2742 3243 2806 Lausannensis
3288 2742 3679 2825 symmystis
3725 2749 3793 2805 et
3836 2740 4151 2806 fratribus
4195 2740 4576 2807 carissimis.

2856 2895 3092 2961 Gratia
3136 2902 3203 2958 et
3246 2916 3378 2977 pax
3422 2895 3605 2961 vobis
3650 2917 3689 2960 a
3733 2895 3876 2961 Deo
3917 2905 4106 2979 patre
4149 2906 4370 2960 nostro
4417 2901 4489 2960 et
4512 2892 4640 2958 Do-

2684 2984 2861 3046 mino
2905 2982 3060 3046 Iesu
3103 2981 3401 3060 christo,
3458 2981 3696 3047 fratres
3755 2991 3822 3048 et
3863 2989 4268 3067 symmystae
4309 2978 4641 3047 carissimi

2683 3078 2750 3133 et
2789 3065 3245 3133 colendissimi.

2856 3186 2986 3268 Qui
3041 3187 3302 3253 scholae
3356 3196 3620 3253 nostrae
3675 3189 4140 3272 sesquiannum
4164 3188 4211 3269 ¹)
4266 3187 4404 3251 iam
4450 3206 4643 3270 prae-

2682 3275 2925 3353 fuerat,
2986 3278 3335 3356 impetrata
3387 3275 3697 3340 missione
3759 3295 3830 3340 se
3883 3273 4167 3340 contulit
4217 3271 4302 3337 ad
4356 3272 4646 3338 classem

2686 3360 3041 3426 Gaiensem
3061 3411 3076 3438 ‚
3135 3361 3307 3442 quod
3365 3381 3436 3424 se
3479 3359 3796 3443 aptiorem
3852 3359 4034 3426 verbi
4091 3359 4465 3424 ministerio
4508 3358 4648 3424 fore

2687 3446 2989 3528 sperabat
3040 3466 3239 3526 quam
3291 3444 3675 3511 scholastico
3728 3447 4006 3511 muneri.
4029 3444 4086 3531 ²)
4173 3444 4312 3510 Nos
4374 3444 4457 3510 in
4505 3444 4648 3509 eius

2685 3533 2902 3595 locum
2961 3552 3403 3597 successorem
3458 3531 3950 3615 designavimus
3992 3531 4435 3596 Franciscum
4482 3529 4647 3595 Deo-

2684 3616 2907 3696 theum,
2950 3617 3063 3699 qui
3105 3618 3236 3681 iam
3280 3625 3434 3681 ante
3474 3617 3661 3682 nobis
3703 3616 4055 3700 placuerat.
4145 3615 4283 3682 Sed
4322 3617 4648 3699 quoniam

2685 3701 2768 3767 ab
2830 3701 3277 3767 illustrissimo
3349 3713 3584 3769 senatu
3651 3704 3973 3768 Bernensi
4051 3703 4184 3768 iam
4261 3702 4652 3767 obtinuerat

2684 3786 2858 3872 apud
2902 3808 3021 3852 vos
3061 3787 3299 3868 locum,
3342 3789 3607 3854 tametsi
3644 3791 3907 3855 nonnisi
3950 3790 4147 3855 unius
4192 3788 4450 3854 mensis
4491 3809 4651 3872 pen-

2683 3875 2934 3939 sionem
2975 3883 3328 3956 receperat,
3373 3875 3725 3942 maluimus
3770 3885 3847 3941 ut
3879 3877 4141 3941 veniam
4187 3881 4340 3939 ante
4382 3879 4653 3958 peteret

2683 3981 2879 4041 quam
2924 3958 3077 4024 inde
3120 3959 3340 4043 aliqua
3383 3961 3649 4044 querela
3691 3970 4090 4028 nasceretur.
4156 3960 4457 4026 Bernam
4498 3979 4655 4045 pro-

2682 4046 2891 4111 fectus
2947 4053 3065 4110 est.
3166 4046 3527 4129 Repulsam
3596 4059 3855 4130 praeter
3911 4068 4096 4131 spem
4152 4047 4327 4131 passi
4387 4065 4652 4112 snmus.

2685 4129 2969 4196 Senatus
3011 4139 3235 4196 noster
3291 4153 3363 4198 re
3408 4132 3770 4211 intellecta,
3830 4133 4019 4199 cuius
4070 4132 4362 4198 nondum
4425 4133 4655 4197 fuerat

2683 4218 3011 4297 conscius,
3067 4218 3326 4284 senatui
3368 4219 3697 4284 Bernensi
3751 4217 4105 4304 diligenter
4156 4218 4464 4301 scripsit,
4531 4235 4653 4283 nos

2682 4303 3022 4368 ministris.
3122 4305 3317 4372 Nunc
3373 4326 3490 4370 vos
3506 4356 3522 4383 ,
3587 4305 3820 4370 stati-es
3877 4304 4314 4382 dilectissimi,
4372 4311 4654 4389 rogatos

2681 4389 2985 4453 volumus
3049 4401 3127 4453 ut
3192 4403 3484 4455 nostram
3546 4390 3927 4474 petitionem
4008 4388 4333 4454 adiuvetis
4414 4401 4653 4455 vestro

2682 4474 2995 4557 suffragio
3058 4475 3167 4538 vel
3221 4473 3457 4542 iudicio
3514 4477 3748 4557 potius.
3839 4477 4012 4541 Nam
4069 4494 4486 4559 magnopere
4548 4475 4650 4539 in·

2681 4569 2885 4624 terest
2928 4570 3003 4624 ut
3043 4560 3365 4646 intelligat
3422 4570 3689 4627 senatus
3732 4561 4093 4627 Bernensis
4136 4559 4319 4626 nullo
4361 4579 4653 4626 suarum

2701 4935 2848 5018 694.
2884 4866 2943 5000 {3
2978 4864 3216 4990 {3322
3226 4872 3500 4990 Ἢαπιοηῡ
3529 4935 3627 5005 qui
3659 4950 3712 4990 a.
3747 4933 3885 4989 1544
3926 4937 4144 4992 ineunte
4188 4941 4393 4992 aestaoe
4439 4937 4651 4994 Castel-

2678 5005 2815 5141 fg?
2834 5010 3180 5136 ἣιοὲἓεῧναι
3219 5020 3333 5059 non
3383 5006 3652 5072 integrum
3700 5006 4088 5074 sesquiannum
4122 5004 4338 5060 scholae
4366 5008 4649 5076 praefuit.

2684 5209 2840 5291 Maii
2872 5141 3305 5291 lssffiffefffmr
3331 5157 3487 5290 pazt
3507 5138 3795 5263 mxx.
3823 5225 4042 5263 munem
4087 5140 4653 5269 ἕλοιῑέοαὲομωααὲ

2684 5278 2899 5333 amasse
2930 5294 3064 5348 qma
3097 5294 3218 5332 cum
3249 5292 3369 5332 sun
3400 5278 3772 5334 bacculum-eis
3805 5279 3990 5333 minus
4022 5280 4152 5334 bene
4184 5281 4239 5335 ei
4268 5283 4651 5338 conveniebat.

2683 5346 2810 5416 Ipsi
2841 5362 3051 5417 quoque
3085 5347 3292 5403 Nostro
3324 5362 3440 5402 non
3472 5348 3695 5403 omnino
3728 5363 3787 5404 se
3813 5348 4161 5417 probaverat.
