4825 6175
224 406 329 471 501

219 591 450 660 hiscum
493 587 687 672 plane
743 541 1259 656 consentientem
1303 586 1515 655 faciat.
1536 586 1597 660 ⁶)
1684 586 1854 653 Vale
1896 587 1968 654 in
2010 585 2151 652 Do·

215 677 383 745 mino
424 674 580 741 Iesu
622 694 774 741 cum
823 671 1254 741 sanctissimis
1310 671 1577 757 collegis
1618 671 1876 741 Farcllo
1916 680 1987 740 et
2043 671 2152 738 Vs·-

211 759 839 927 fiammbgrf7qgae
891 758 1104 825 scribo
1160 765 1315 844 opto
1373 778 1516 826 esse
1570 757 1957 825 communia.
2054 761 2149 822 16.

954 1137 1363 1150 -n—-———-·

1106 1357 1262 1429 887.

714 1493 1155 1563 BUDAEUS
1201 1494 1629 1562 OALVINO.

374 1666 670 1734 Fratrem
726 1687 914 1733 suum
972 1665 1287 1734 Genevam
1342 1666 1827 1750 proficiscentem
1895 1663 2154 1732 Calvino

197 1753 597 1833 commendat,
653 1754 890 1818 tristem
944 1772 1154 1817 rerum
1199 1757 1428 1819 statum
1470 1753 1542 1818 in
1593 1751 1812 1819 Gallia
1855 1751 2044 1831 deflet,
2090 1771 2156 1817 se

202 1845 255 1907 et
295 1859 448 1906 snos
493 1859 525 1904 e
568 1837 835 1905 tenebris
889 1843 1125 1920 ereptos
1174 1840 1406 1922 qaudet
1461 1838 1646 1920 idque
1696 1836 2157 1904 Genevensibus

198 1926 426 1994 amicis
472 1928 780 2007 acceptum
822 1923 1027 2007 refert.

527 2096 632 2162 (Ex
671 2095 1009 2165 autographo
1043 2093 1177 2148 Ood.
1214 2092 1415 2147 Genev.
1454 2092 1570 2161 113,
1607 2095 1697 2150 fol.
1738 2093 1844 2161 70.)

619 2270 679 2332 A
723 2266 970 2333 Monsr.
1016 2264 1328 2348 Depville
1378 2286 1418 2330 a
1459 2266 1667 2331 Paris.
1697 2270 1748 2349 ¹)

371 2406 528 2472 Etsi
571 2412 950 2489 pergratum
987 2403 1151 2468 mihi
1196 2409 1388 2481 esset,
1431 2404 1484 2468 si
1531 2399 1741 2468 fidelis
1785 2403 2006 2470 nuncii
2051 2422 2158 2469 oc-

189 2493 373 2561 casio
424 2492 714 2569 daretur,
761 2490 1021 2573 saepius
1066 2489 1148 2554 ad
1195 2510 1314 2555 vos
1348 2489 1632 2558 scribere
1674 2490 1893 2572 itaque
1939 2508 2158 2553 rerum

191 2588 578 2646 vestrarum
622 2575 970 2643 certiorem
1010 2575 1187 2653 fieri,
1243 2583 1462 2639 tamen
1505 2573 1602 2638 ita
1643 2575 1918 2660 contigit
1960 2582 2036 2638 ut
2079 2573 2160 2638 ab

187 2687 266 2732 eo
314 2673 624 2746 tempore
667 2683 793 2745 quo
837 2682 873 2726 e
910 2660 1268 2726 Germania
1286 2661 1343 2740 ²)
1389 2660 1717 2743 profectus
1753 2681 1896 2725 sum
1943 2660 2161 2725 nullas

189 2774 230 2817 a
272 2772 390 2815 me
438 2748 671 2814 literas
731 2747 1071 2831 acceperis.
1169 2746 1380 2812 Paulo
1436 2753 1656 2811 autem
1716 2753 1870 2811 ante
1920 2746 2162 2829 profec-

189 2838 458 2903 tionem
506 2853 721 2899 meam
765 2852 934 2898 unas
977 2832 1059 2896 ad
1108 2837 1171 2896 te
1216 2830 1395 2908 dedi,
1453 2829 1686 2915 quibus
1730 2841 1795 2895 te
1841 2829 2162 2897 discessus

186 2923 328 2989 mei
378 2921 732 2987 certiorem
778 2916 1111 2985 faciebam.
1203 2917 1428 2999 Nuper
1488 2938 1676 2994 vero,
1736 2937 1934 2999 quum
1980 2937 2165 2983 socer

183 3009 431 3075 fratris
478 3005 578 3071 tui
624 3006 747 3071 hac
790 3004 917 3069 iter
958 3003 1297 3080 faceret,⁸)
1344 3003 1607 3068 omnino
1648 3001 1719 3066 in
1759 3002 1977 3067 animo
2022 3011 2165 3068 erat

185 3095 269 3161 ad
312 3103 385 3160 te
427 3094 741 3160 scribere:
788 3090 902 3157 sed
938 3089 1091 3173 quia
1126 3097 1385 3173 tempus
1429 3089 1723 3173 urgebat,
1770 3098 1835 3154 et
1877 3087 2160 3156 sciebam

187 3182 484 3247 statrem
532 3199 754 3244 meum
771 3177 831 3262 ⁴)
875 3176 957 3241 ad
1002 3184 1069 3240 te
1113 3174 1561 3259 profecturum
1579 3225 1594 3253 ,
1654 3174 1988 3257 hucusque
2033 3174 2164 3239 dis-

187 3267 341 3333 tuli.
446 3264 777 3331 Putabam
831 3271 1052 3327 autem
1110 3283 1259 3327 eum
1319 3260 1511 3328 citius
1564 3259 1914 3337 abiturum,
1970 3259 2166 3344 idque

189 3374 354 3420 cum
407 3350 761 3417 Balduino.
853 3345 986 3413 Sed
1023 3345 1343 3413 Balduim'
1385 3345 1858 3429 profectionem
1902 3347 2169 3431 negotia

187 3437 559 3523 quaedam,
607 3444 682 3500 ut
721 3433 1039 3518 intelligo,
1084 3439 1411 3498 remorata
1454 3439 1630 3497 sunt.
1651 3435 1707 3509 ὅ)
1773 3431 2002 3514 Itaque
2036 3432 2168 3495 fra·

187 3534 297 3590 ter
345 3544 516 3590 cum
563 3520 636 3586 St
795 3539 873 3584 no
887 3521 944 3593 ⁶)
990 3519 1169 3585 abire
1213 3519 1568 3585 constituit.
1658 3518 1950 3582 Tenetur
1991 3518 2168 3581 cuim

185 3632 258 3675 m
416 3630 462 3674 ο
510 3606 648 3673 desi
694 3609 830 3671 erio
871 3603 1138 3670 videndi
1194 3613 1288 3683 te,
1347 3613 1411 3669 et
1465 3624 1633 3686 quae
1675 3603 1821 3669 istic
1864 3611 2167 3687 aguntur,

187 3705 270 3762 ut
313 3706 428 3761 ita
474 3693 759 3759 fructum
817 3691 1098 3774 aliquem
1157 3689 1355 3756 faciat
1411 3688 1588 3772 apud
1641 3709 1760 3754 vos
1818 3689 1886 3753 in
1947 3690 2168 3773 cogni-

417 3950 490 4014 5)
527 3951 744 4004 Bacero
780 3953 957 4002 statas
1000 3942 1181 4000 rerum
1217 3946 1439 4000 Ber-nac
1471 3962 1532 4001 oo
1567 3946 1744 4013 anaqi-s
1780 3944 1992 4001 dolebat
2026 3945 2172 4014 qaod

199 4024 209 4035 '
248 4023 382 4077 sius
440 4021 713 4074 diuturna
757 4024 808 4071 et
862 4017 1139 4072 laboriosa
1183 4016 1474 4071 conamina
1519 4015 1666 4069 circa
1719 4013 2064 4069 concordiam
2109 4016 2172 4068 in

225 4092 475 4147 octrina
511 4086 944 4142 sacramentaria
980 4084 1358 4140 stabiliendam
1394 4084 1505 4137 iam
1540 4084 1761 4139 omnino
1798 4084 1963 4137 irrita
1996 4084 2175 4150 fuisse

177 4160 560 4217 videbantur.

419 4226 487 4293 6)
527 4223 620 4280 Sic
649 4223 843 4280 Codex.
871 4222 1017 4276 Edd.
1043 4222 1304 4276 decimum
1339 4225 1586 4275 octavum
1619 4219 1883 4288 exhubent,
1914 4219 2176 4285 fortassis

180 4314 254 4353 ex
294 4303 556 4364 autoyra
598 4295 680 4348 ho.

217 4366 374 4422 887.
424 4364 492 4427 1)
588 4378 755 4431 aprus
790 4361 1002 4415 calami.
1075 4355 1316 4413 Parisiis
1351 4359 1491 4411 enim
1526 4357 1753 4426 epistola
1788 4358 1993 4424 scripta
2031 4363 2122 4410 cst.

417 4433 490 4499 2)
527 4431 692 4485 Anno
727 4429 865 4484 1546
903 4428 1257 4510 Arqentorati
1302 4432 1549 4481 versatus
1591 4425 1790 4491 fuerat,
1838 4425 1910 4492 cf.
1950 4424 2028 4479 N.
2068 4423 2170 4479 793

179 4503 256 4559 de
291 4519 424 4575 qua
465 4499 696 4570 epistola
729 4500 816 4554 hic
849 4498 1100 4568 loquitur.

422 4570 494 4638 3)
531 4569 641 4624 Hic
678 4568 804 4622 Nic.
851 4567 927 4619 Le
953 4566 1086 4619 Fert
1122 4564 1425 4632 negotiator
1459 4567 1507 4615 et
1543 4562 1809 4630 trapetita
1841 4562 1966 4627 fuit,
2004 4577 2170 4632 eaque

182 4641 256 4697 dc
291 4654 499 4696 causa
532 4639 753 4706 saepius
824 4635 1252 4702 ereorinabatar,
1287 4648 1398 4687 non
1417 4646 1621 4700 semper
1653 4645 1918 4697 prospera
1938 4632 2170 4697 fortuna

178 4725 351 4765 usus.
516 4706 612 4760 uid
659 4721 766 4776 qao
852 4704 1029 4757 molae
1078 4701 1212 4768 fidei
1262 4717 1390 4767 erqo
1448 4701 1738 4755 creditores
1790 4701 2167 4755 accusabatur.

184 4778 311 4845 (Cf.
362 4776 468 4832 Ga
508 4778 599 4844 ffe,
637 4775 765 4827 Ami
802 4772 996 4827 Perrin
1025 4788 1084 4839 p.
1121 4769 1188 4824 96
1217 4776 1283 4824 «ct
1319 4768 1501 4824 Nouo.
1565 4783 1712 4837 »oyes
1748 4767 1926 4823 d'ht'st.
1962 4786 2013 4836 p.
2051 4766 2166 4833 45.)

420 4844 497 4914 4)
533 4845 794 4899 loannem
834 4846 998 4911 puta,
1054 4854 1214 4910 quam
1263 4838 1400 4892 alter
1446 4788 1788 4905 Luciovious,
1835 4838 1932 4906 qui
1973 4836 2062 4892 liic
2107 4837 2167 4891 in

179 4932 430 4973 censum
476 4914 663 4968 venire
688 4918 887 4982 posset,
919 4909 1075 4974 infra
1109 4908 1428 4963 nominatim
1463 4906 1774 4961 inducatur.

421 4980 496 5047 5)
535 4980 854 5036 Notandum
899 4994 1026 5048 erqo
1060 4974 1397 5031 Balduinnm
1434 4991 1503 5029 m.
1545 4974 1756 5029 Martio
1788 4973 1967 5030 adhue
2005 4973 2166 5028 Lute-
2214 5020 2221 5083 3
2269 5043 2485 5099 mm

179 5056 301 5109 tiae
339 5056 752 5108 commoratam
785 5063 913 5114 esse,
947 5046 1025 5101 od
1057 5062 1168 5102 rem
1198 5045 1532 5110 familiarem
1564 5043 1889 5099 curandam.

422 5118 499 5185 6)
536 5118 626 5173 An
649 5115 928 5174 Roberto?
957 5116 1055 5185 qm·
1083 5120 1264 5170 tamen
1299 5130 1360 5169 eo
1393 5129 1542 5169 anno
1578 5113 1644 5167 de
1674 5112 1898 5178 officina
1934 5126 2037 5165 saa
2065 5110 2168 5165 Ge·

181 5206 403 5246 nevam
475 5186 864 5254 transferenda
914 5184 1155 5238 nondum
1209 5183 1480 5253 coqitaoit.
1571 5181 1718 5236 Nan·
1774 5181 1842 5235 de
1895 5178 2171 5250 Stephano
2216 5170 2222 5243 ζ

183 5261 456 5315 Budaeo
498 5257 583 5311 hic
618 5258 715 5324 aqi
748 5257 839 5309 vix
872 5252 1278 5319 crediderimua
1313 5252 1512 5321 quippo
1533 5266 1684 5322 qaeu·
1722 5266 1758 5304 a
1789 5249 1968 5315 fratre
2001 5249 2170 5303 altero

181 5331 360 5385 aliter
401 5326 773 5383 distinxisset.

1978 401 2140 464 154⁷
2184 398 2471 468 MART.

4078 398 4205 466 5⁰2

2251 586 2433 654 tione
2474 585 2817 671 evangelii,
2863 606 2992 670 qua
3023 586 3095 652 in
3134 607 3208 653 re
3251 593 3366 652 tua
3407 587 3804 655 consuetudo
3846 589 4210 673 plurimum

2253 672 2316 739 ei
2356 671 2666 757 prodesse
2707 679 2939 754 potest.
3030 673 3197 739 Peto
3252 672 3476 756 itaque
3533 676 3810 758 propter
3857 677 4203 745 caritatem

2253 766 2328 825 ut
2371 779 2521 825 cum
2562 778 2645 824 ea
2685 758 3096 825 humanitate
3150 758 3464 841 suscipias
3507 780 3638 843 qua
3676 781 3782 827 me
3825 769 3892 827 et
3930 763 4207 830 fratrem

2253 844 2642 912 Ludovicum
2680 843 3041 927 suscepisti.

2424 927 2531 996 De
2572 930 2769 996 rebus
2826 950 2992 1013 quae
3048 928 3156 995 hic
3208 937 3491 1015 agantur
3509 928 3564 1015 ⁷)
3612 952 3694 997 ex
3747 931 3889 1015 ipso
3933 953 4203 1018 cognos-

2252 1036 2400 1082 cere
2450 1014 2698 1098 poteris
2754 1023 2822 1081 et
2873 1036 2952 1079 ex
3013 1013 3343 1100 Stephano.
3445 1014 3635 1097 Quae
3689 1038 3844 1083 vero
3901 1035 4094 1103 agam
4136 1029 4205 1087 et

2252 1100 2409 1184 quid
2476 1122 2581 1166 me
2644 1100 2755 1167 hic
2819 1099 3136 1179 detineat,
3201 1100 3284 1166 ad
3350 1109 3417 1166 te
3481 1103 3861 1185 scriberem,
3923 1104 4049 1170 nisi
4119 1127 4203 1173 ex

2253 1188 2455 1252 fratre
2518 1207 2744 1269 posses
2808 1206 2881 1252 co
2930 1206 3214 1253 noscere.
3324 1186 3685 1253 Consilium
3764 1211 3983 1255 mcum
4058 1192 4202 1270 fuit,

2252 1293 2460 1356 quum
2529 1271 2743 1338 adhuc
2818 1270 2955 1339 ilhc
3029 1293 3273 1352 essem,
3354 1294 3433 1338 ea
3495 1294 3662 1358 quae
3725 1295 3808 1340 ex
3886 1275 4204 1359 colloquio

2253 1358 2789 1441 sermonibusque
2856 1359 3089 1423 vestris
3154 1357 3540 1424 didisceram
3558 1359 3617 1444 ⁸)
3673 1381 3964 1446 quaeque
4023 1362 4203 1429 vide-

2254 1463 2397 1508 ram
2456 1443 2787 1527 impartiri
2854 1443 3223 1510 domesticis
3278 1453 3345 1509 et
3405 1444 3863 1526 familiaribus,
3931 1456 4006 1512 ut
4061 1450 4205 1532 qui-

2256 1530 2381 1596 bus
2456 1550 2561 1594 me
2637 1529 2937 1612 inprimis
3003 1527 3360 1595 debitorem
3440 1531 3900 1615 agnoscebam,
3979 1543 4047 1598 et
4112 1536 4207 1600 ita

2256 1635 2420 1697 quos
2475 1634 2733 1699 possem
2799 1615 3066 1680 iuvante
3110 1615 3398 1681 Domino
3457 1616 3852 1682 lucrifacere.
3942 1616 4091 1700 Qua
4134 1620 4205 1685 in

2256 1722 2328 1765 re
2384 1700 2670 1766 multum
2735 1700 2901 1765 mihi
2960 1700 3278 1783 profuisse
3340 1701 3611 1785 cognovi
3670 1723 3863 1767 usum
3930 1713 3994 1769 et
4051 1725 4205 1772 con-

2256 1785 2671 1852 suetudinem
2738 1807 2904 1869 quae
2985 1786 3149 1851 mihi
3216 1786 3551 1853 vobiscum
3622 1787 3902 1854 fuerunt.
3987 1789 4205 1859 Debe-

2258 1893 2406 1937 mus
2452 1878 2671 1936 autem
2716 1872 3002 1936 Domino
3046 1872 3295 1956 gratias
3340 1894 3377 1936 a
3426 1894 3534 1938 ere
3577 1874 3688 1956 qui
3732 1894 3814 1937 ex
3859 1875 4064 1941 tantis
4110 1885 4204 1941 te-

2259 1957 2481 2023 nebris
2525 1971 2645 2021 nos
2687 1956 2930 2041 eripuit
2964 1965 3033 2021 et
3066 1956 3351 2040 aliquam
3416 1979 3597 2024 ucem
3646 1959 3829 2024 vorbi
3873 1961 3972 2026 sui
4018 1962 4206 2027 fami·

2258 2043 2385 2108 liae
2408 2052 2694 2108 -nostrae
2747 2043 3124 2126 impartitus
3170 2053 3298 2121 est,
3360 2044 3453 2108 ita
3507 2055 3579 2109 ut
3624 2044 3942 2127 colloquia
3984 2057 4210 2113 nostra

2259 2131 2391 2193 iam
2436 2149 2520 2193 ex
2564 2135 2750 2210 parte
2793 2129 2927 2194 sint
2969 2128 3048 2194 de
3104 2128 3249 2194 luce
3293 2129 3617 2213 evangelii
3662 2130 3764 2195 his
3810 2134 4209 2216 temporibus

2260 2212 2477 2299 gratia
2515 2210 2643 2279 Dei
2687 2215 2932 2292 oborta,
2996 2213 3078 2279 dc
3112 2235 3317 2299 regno
3353 2214 3601 2281 Christi
3641 2226 3707 2279 et
3739 2217 3991 2283 iustitia
4036 2221 4210 2285 eius:

2262 2299 2500 2382 quibus
2543 2298 2955 2366 sermonibus
3010 2320 3132 2367 nos
3191 2300 3604 2366 consolamur
3661 2302 3730 2365 in
3785 2301 3908 2367 hac
3951 2304 4213 2371 calami-

2263 2393 2396 2450 tate
2442 2394 2828 2468 temporum,
2873 2386 3111 2467 quibus
3146 2386 3326 2450 intus
3361 2393 3427 2449 et
3462 2385 3617 2451 foris
3651 2396 4072 2471 oppugnatur
4106 2412 4211 2458 cc·

2264 2470 2492 2549 clesia,
2554 2472 2834 2537 scientes
2892 2491 3170 2555 regnum
3215 2471 3470 2546 Ohristi
3527 2480 3593 2536 et
3650 2481 4025 2540 sanctorum
4071 2477 4212 2543 eius

2266 2567 2610 2622 aeternum
2653 2557 2790 2621 fore
2832 2556 3023 2621 iuxta
3064 2556 3459 2640 prophetias,
3502 2555 3851 2640 Deumque
3883 2560 4211 2628 subiectu-

2266 2663 2415 2706 rum
2461 2662 2689 2708 omnes
2724 2642 2837 2725 qui
2870 2662 3072 2725 regno
3098 2640 3344 2709 Christi
3380 2642 3480 2707 sui
3517 2642 3962 2709 adversantur.
4032 2648 4209 2712 Dum

2267 2739 2485 2793 autem
2544 2727 2651 2792 hic
2705 2729 2772 2792 in
2828 2727 3039 2792 medio
3094 2727 3377 2793 nationis
3436 2748 3678 2810 pravae
3737 2736 3804 2794 et
3868 2751 4213 2813 perversae

2266 2812 2564 2897 degimus
2601 2833 2836 2898 magno
2873 2813 2940 2877 in
2978 2813 3265 2896 periculo
3300 2834 3659 2892 versamur,
3698 2815 4031 2899 multaque
4068 2839 4217 2884 cau-

2267 2898 2449 2964 tione>
2487 2899 2673 2964 nobis
2718 2919 2880 2982 opus
2925 2907 3043 2964 est.
3129 2900 3348 2964 Deum
3391 2899 3614 2981 itaque
3672 2908 3739 2964 ct
3780 2909 4032 2983 patrem
4076 2902 4216 2968 Do-

2267 2984 2430 3049 mini
2474 3007 2590 3068 per
2644 2985 2857 3068 ipsum
2912 2983 3368 3068 deprecamur,
3428 2991 3503 3049 ut
3558 2986 3861 3070 spiritum
3915 2997 4217 3054 nostrum

2267 3077 2334 3136 et
2389 3092 2626 3154 corpus
2684 3069 2992 3157 dignetur
3048 3071 3305 3156 integra
3363 3077 3430 3135 et
3483 3070 3901 3138 immaculata
3955 3094 4216 3141 conser-

2268 3177 2426 3222 vare
2471 3158 2551 3222 ab
2611 3158 2810 3222 huius
2866 3155 3097 3223 mundi
3150 3156 3528 3240 pollutione.
3619 3155 3769 3238 Qua
3809 3159 3880 3223 in
3938 3181 4006 3224 re
4051 3161 4217 3243 peti-

2268 3264 2419 3308 mus
2462 3251 2538 3307 ut
2577 3243 2878 3326 precibus
2924 3242 3159 3309 vestris
3204 3264 3321 3308 nos
3357 3241 3533 3326 apud
3557 3240 3917 3309 Dominum
3962 3245 4218 3326 iuvetis,

2269 3328 2665 3412 consilioque
2719 3338 2936 3395 vestro
2997 3327 3173 3394 fideli
3228 3349 3345 3413 per
3396 3329 3620 3394 literas
3675 3337 3868 3412 atque
3913 3331 4219 3399 exhorta-

2270 3413 2501 3480 tiones.

2442 3500 2683 3565 Frater
2728 3498 3081 3565 Dadovicus
3135 3498 3332 3583 paulo
3387 3507 3541 3564 ante
3597 3500 3953 3567 discessum
3998 3523 4221 3567 meum

2271 3607 2351 3652 ex
2397 3584 2760 3651 Germania
2797 3585 2867 3649 in
2912 3584 3178 3650 Italiam
3227 3585 3551 3667 profectus
3597 3583 3830 3671 erat.⁹)
3918 3587 4224 3654 Habebat

2271 3671 2341 3736 in
2378 3671 2597 3737 animo
2633 3691 2779 3735 eam
2813 3690 3161 3754 peragrare
3202 3679 3267 3735 et
3305 3669 3456 3734 inde
3501 3692 3767 3737 rursum
3810 3680 4030 3755 petere
4052 3673 4223 3739 Ger·

2273 3758 2596 3821 maniam:
2645 3777 2770 3839 quo
2820 3756 2888 3821 in
2935 3755 3234 3833 consilio,
3280 3764 3354 3819 ut
3398 3754 3480 3820 ad
3526 3778 3633 3821 mc
3678 3756 3955 3840 scripsit,
4008 3758 4224 3825 adhuc

2274 3843 2640 3925 permansit
2695 3863 2813 3908 nec
2868 3839 3161 3907 decrevit
3213 3840 3343 3906 huc
3401 3841 3633 3907 redire.
3722 3842 3837 3907 Mc
3894 3865 4059 3926 quae
4117 3845 4225 3911 hic

2276 3927 2612 3992 detineant
2656 3949 2739 3993 ex
2784 3928 2988 3992 fratre
3033 3947 3398 4010 cognosces.

2447 4013 2574 4077 His
2642 4012 2864 4078 diebus
2939 4012 3219 4078 nobilem
3299 4012 3416 4077 tibi
3493 4023 3715 4076 notum
3795 4024 4225 4098 cognomento

2280 4098 2495 4164 Sancti
2542 4098 2873 4163 Laurentii
2899 4100 2980 4167 ¹⁰)
3025 4097 3180 4162 vidi.
3249 4095 3374 4162 Vir
3418 4105 3517 4161 est
3559 4098 3838 4163 ferventi
3881 4099 4018 4165 zelo
4063 4122 4223 4185 erga

2274 4183 2638 4250 Dominum
2686 4196 2754 4248 et
2811 4184 3076 4265 spiritu,
3148 4184 3249 4247 tui
3305 4198 3520 4247 autem
3580 4181 4094 4250 studiosissimus
4152 4196 4221 4252 et

2273 4271 2777 4336 amantissimus.
2867 4270 2972 4334 Ex
3019 4269 3157 4335 eius
3210 4267 3530 4351 colloquio
3576 4289 3881 4352 magnam
3926 4273 4220 4335 consola-

2271 4357 2517 4422 tionem
2562 4355 2722 4440 cepi.
2810 4355 3016 4420 Parat
3057 4354 3538 4437 profectionem,
3583 4353 3696 4420 scd
3743 4353 4025 4420 Satanas
4068 4357 4219 4420 hac·

2271 4450 2462 4508 tenus
2507 4443 2564 4507 ei
2601 4440 3067 4523 impedimento
3111 4440 3249 4504 fuit..
3341 4439 3549 4522 Spero
3591 4452 3810 4505 autem
3856 4439 4219 4506 Dominum

2273 4528 2332 4592 ei
2377 4528 2772 4593 adfuturum.
2862 4527 3190 4591 Dominus
3248 4524 3488 4607 dirigat
3546 4528 3717 4590 viam
3767 4527 3907 4590 cius
3950 4525 4031 4590 ad
4079 4548 4215 4592 vos.

2271 4615 2520 4697 Magno
2564 4612 2737 4677 enim
2785 4609 3104 4677 desiderio
3149 4613 3347 4676 vostri
3404 4622 3666 4676 tenetur
3722 4625 3787 4675 ct
3844 4611 4057 4676 taedio
4101 4612 4221 4677 ho-

2272 4720 2416 4763 rum
2463 4698 2768 4764 locorum.
2840 4695 3171 4762 Salutabis
3218 4717 3362 4761 meo
3399 4698 3660 4761 nominc
3699 4715 3963 4761 uxorem
4016 4706 4215 4763 tuam.

2269 4842 2302 4848 ι
2309 4840 2677 4848 Μ-ψ--η--α

2478 4902 2534 4970 7)
2574 4903 2829 4971 Epistola
2875 4903 3007 4957 haec
3051 4903 3258 4970 scripio
3305 4908 3383 4956 est
3427 4905 3620 4969 paucis
3654 4907 3781 4954 ante
3815 4908 4033 4955 mortem
4069 4906 4222 4971 ’τρέε

2273 4974 2598 5027 Fransct'sci
2641 4971 2856 5038 dicbus,
2910 4986 3016 5041 quo
3066 4977 3298 5040 tempore
3340 4969 3782 5039 persequutiones
3827 4972 4060 5024 maxime
4103 4986 4220 5025 sae-

2476 5109 2534 5173 8)
2573 5111 2669 5163 sic.

2447 5177 2537 5313 133
2573 5176 3045 5315 Ιὲἶᾷιὲιῗιῗέῗὲξΐοῗα
3086 5243 3306 5301 Calvina·
3346 5244 3424 5298 ad
3466 5242 3737 5313 quendam
3779 5242 4221 5299 Sam-Laureae

3706 5397 3806 5453 32.

2217 5334 2222 5350 ¹
2272 5333 2324 5371 a.
2366 5314 2497 5369 1549
2530 5318 2753 5385 scripta.
2823 5315 2992 5381 (Vide
3024 5317 3085 5368 in
3118 5313 3225 5369 fine
3257 5314 3423 5368 huius
3456 5312 3637 5379 anni.)
