4825 6175
498 2177 503 2180 ·
600 2160 841 2242 prives.

615 430 698 495 39
2168 428 2698 498 EPISTOLAE
2745 432 3102 496 618—620.
4539 437 4614 501 40

613 636 781 683 num
836 637 1030 682 suum
1082 615 1514 684 carmelitam
1530 667 1548 697 ,
1617 617 1775 702 quin
1832 618 1990 703 fuga
2045 617 2390 685 consulere
2445 615 2569 684 sibi

615 703 702 769 sit
745 709 1005 769 coactus
1022 705 1098 780 ⁸).
1188 703 1282 768 Et
1335 709 1680 786 postquam
1725 703 1857 769 iam
1916 702 2208 788 periculo
2250 703 2570 770 liberatus

614 794 775 869 erat,
831 786 1304 854 condemnatus
1362 797 1464 855 est
1520 795 1598 853 ut
1647 789 2039 868 haereticus,
2085 798 2153 855 et
2209 788 2367 871 quia
2427 789 2451 853 i
2532 810 2570 854 e

614 894 750 939 non
793 874 1039 953 aderat,
1094 874 1249 940 libri
1304 874 1444 940 eius
1498 874 1818 941 combusti
1878 887 2036 940 sunt
2082 875 2361 958 publice.
2506 874 2569 939 io

614 958 851 1026 accidit
884 959 1022 1025 filio
1067 959 1439 1044 Maryravii
1480 960 2007 1044 Antverpiensis,
2064 967 2132 1026 et
2188 959 2334 1026 aliis
2378 958 2567 1025 bonis

613 1064 689 1111 ac
732 1044 861 1128 piis
903 1045 1066 1112 viris
1108 1046 1251 1112 sine
1294 1066 1588 1111 numero.
1681 1046 1976 1112 Oonatur
2018 1047 2123 1112 vir
2163 1045 2276 1111 ille
2320 1046 2416 1112 sic
2460 1065 2565 1111 re-

611 1131 961 1197 conciliare
1018 1131 1143 1197 sibi
1202 1153 1442 1216 papam
1484 1131 1974 1216 indignantem:
2022 1131 2247 1216 quidni
2292 1139 2565 1197 conatus

608 1216 785 1283 idem
821 1225 922 1282 est
955 1216 1039 1281 ad
1061 1218 1299 1295 Deum,
1347 1239 1387 1283 a
1430 1217 1620 1284 cuius
1654 1239 1858 1283 manu
1892 1218 2159 1302 gravius
2187 1217 2561 1301 premitur?

610 1301 848 1368 dicitur
912 1303 1091 1367 enim
1148 1303 1445 1368 laborare
1502 1304 1911 1388 gravissimis
1970 1303 2563 1386 diversissimisque

608 1386 871 1453 morbis.
962 1386 1209 1455 Schola
1250 1388 1693 1456 Lovaniensis
1734 1410 1857 1472 per
1897 1389 2328 1456 Brabantiam
2384 1388 2563 1454 eiicit

608 1492 693 1538 ex
736 1473 908 1540 ludis
952 1474 1317 1541 minoribus
1360 1474 1583 1540 omnia
1624 1495 1792 1558 quae
1836 1474 2087 1542 Christi
2141 1481 2299 1540 sunt
2311 1476 2385 1551 4).
2448 1473 2562 1539 Iu-

607 1559 865 1638 lianica,
913 1569 989 1625 ut
1031 1560 1124 1625 ita
1169 1560 1401 1640 dicam,
1460 1559 1857 1626 reformatio,
1949 1560 2279 1626 Dominus
2322 1561 2562 1624 confir-

607 1651 742 1710 met
785 1644 1125 1712 ecclesiam
1168 1666 1374 1712 suam.
1462 1646 1622 1712 Misi
1665 1646 1749 1711 ad
1793 1654 1861 1712 te
1902 1647 2127 1712 literas
2172 1645 2257 1711 D.
2293 1644 2558 1724 Bneeri,

607 1736 675 1795 et
729 1752 877 1796 oum
930 1733 1061 1798 tuis
1084 1731 1142 1815 ³)
1198 1731 1425 1796 literas
1480 1752 1687 1815 papae
1738 1731 1821 1795 ad
1878 1753 2047 1810 suos,
2105 1738 2174 1797 et
2232 1751 2341 1796 eas
2396 1751 2559 1814 quas

605 1817 868 1900 scripsit
908 1815 992 1882 ad
1029 1816 1398 1896 Gaesarem,
1446 1816 1679 1901 dignas
1725 1828 1900 1883 certe
1936 1838 2101 1900 quae
2138 1817 2219 1882 ab
2254 1816 2559 1882 omnibus

607 1902 943 1987 legantur,
1005 1912 1072 1969 et
1128 1902 1392 1970 scholiis
1450 1903 1719 1968 adiectis
1775 1902 2256 1989 intelligantur.
2346 1900 2556 1969 Obse-

604 1995 849 2071 quutus
904 2009 976 2053 es
1040 1989 1354 2054 nimirum
1409 1988 1679 2055 consilio
1733 1988 1991 2055 Buceri.
2095 1987 2290 2069 Quod
2345 1989 2400 2053 si
2462 1988 2556 2053 sic

601 2074 820 2152 habet,
879 2074 1083 2139 velim
1137 2095 1289 2154 nos,
1355 2081 1601 2140 statuto
1654 2074 1898 2158 pretio,
1965 2081 2084 2140 tuo
2141 2072 2361 2140 labore
2420 2095 2555 2138 non

943 2159 1050 2224 De
1116 2160 1389 2227 concilio
1454 2160 1664 2227 veluti
1730 2181 1847 2244 per
1911 2161 2235 2226 somnium
2304 2158 2549 2238 audivi,

603 2254 989 2313 revocatum
1034 2267 1176 2312 esse
1195 2247 1270 2330 ⁶).
1358 2244 1644 2312 Comitia
1661 2243 1716 2332 ⁷)
1760 2267 1895 2311 non
1938 2245 2313 2330 procedunt.
2381 2244 2556 2310 Hac-

600 2338 793 2397 tenus
837 2331 1014 2398 solus
1058 2333 1399 2415 episcopus
1441 2332 1874 2416 Auqusianm,
1920 2354 2131 2416 nuper
2179 2330 2554 2397 cardinalis

599 2416 832 2496 factus,
888 2416 1301 2483 Wormatiae
1344 2417 1489 2497 fuit,
1548 2427 1615 2482 et
1657 2437 1769 2482 eas
1812 2439 2023 2502 nugas
2079 2418 2216 2502 egit
2269 2437 2437 2499 quae
2479 2417 2552 2481 in

599 2523 780 2567 more
814 2511 972 2567 sunt
1004 2502 1390 2568 inferiorum
1424 2504 1790 2581 civitatum,
1829 2511 1896 2568 et
1920 2504 2171 2568 Romae
2205 2522 2547 2586 nunquam

599 2597 879 2654 cessant.
969 2589 1270 2668 Larvati,
1316 2597 1395 2654 ut
1436 2609 1573 2654 non
1617 2595 2117 2674 cognoscantur,
2176 2588 2402 2653 domos
2444 2588 2549 2652 in-

597 2681 778 2738 trant
819 2674 1095 2740 civium:
1142 2675 1235 2740 ibi
1280 2675 1505 2754 edunt,
1550 2675 1803 2754 bibunt,
1848 2674 2106 2752 ludunt,
2154 2674 2416 2752 saltant,
2468 2673 2548 2737 li-

597 2758 1000 2841 bidinantur,
1060 2768 1125 2826 et
1164 2759 1482 2845 quidquid
1526 2782 1668 2827 esse
1713 2768 1931 2845 potest
1970 2758 2339 2827 iucundum
2381 2758 2542 2825 faci-

594 2852 747 2924 unt,
812 2845 1156 2929 aliquoties
1223 2848 1476 2931 ingenti
1542 2868 1691 2914 cum
1758 2846 1998 2911 damno
2064 2852 2130 2911 et
2186 2845 2550 2930 ignominia

594 2932 1102 3015 patrisfamilias.
1172 2932 1262 2997 Et
1298 2954 1433 2998 non
1468 2941 1585 3013 est,
1632 2940 1710 2997 ut
1751 2932 1963 3012 audio,
2005 2932 2115 3016 qui
2152 2930 2259 2997 vel
2304 2931 2548 2996 mutire

596 3017 851 3084 audeat.
953 3019 1500 3102 Praeparationes
1566 3018 1803 3104 dignae
1819 3070 1836 3099 ,
1902 3019 2045 3083 sive
2114 3016 2197 3083 ad
2263 3017 2548 3099 comitia,

596 3104 739 3170 sive
812 3104 895 3170 ad
954 3104 1318 3170 concilium.
1409 3106 1755 3189 Exsurgat
1796 3104 2159 3185 Dominus,
2219 3124 2547 3189 rogemus,

595 3189 678 3254 ad
722 3188 1150 3256 iudicandum
1194 3211 1462 3258 causam
1507 3212 1699 3256 suam
1743 3189 1823 3257 de
1867 3200 2062 3275 gente
2111 3213 2242 3256 non
2284 3196 2548 3256 sancta:

592 3275 689 3342 sic
733 3276 912 3343 enim
956 3278 1029 3341 in
1073 3275 1213 3342 dies
1252 3276 1507 3361 flagitia
1549 3296 1939 3361 magnorum
1982 3277 2325 3342 hominum
2374 3297 2548 3343 cres-

593 3369 771 3442 cunt,
837 3370 913 3428 ut
968 3362 1133 3427 mihi
1188 3362 1492 3429 videatur
1547 3364 1717 3429 iram
1777 3362 1907 3428 Dei
1963 3363 2336 3446 propiorem
2404 3383 2548 3428 esse

592 3468 788 3529 quam
831 3455 1156 3533 putemus.
1244 3448 1605 3533 Largiatur
1647 3449 1707 3514 is
1750 3447 1970 3527 nobis,
2034 3456 2112 3512 ut
2169 3448 2342 3512 diem
2403 3447 2546 3513 eius

591 3542 1044 3618 exspectemus
1089 3553 1240 3599 cum
1291 3534 1545 3619 gaudio.
1628 3533 1834 3601 Volui
1865 3540 1952 3614 te,
1997 3534 2088 3597 mi
2133 3532 2405 3611 Calvina,
2450 3533 2546 3599 sic

592 3619 915 3686 salutare:
961 3620 1114 3685 boni
1158 3619 1460 3687 consulas
1503 3640 1685 3706 rogo.
1770 3620 1941 3685 Vale
1984 3640 2136 3686 cum
2179 3618 2433 3684 familia
2475 3620 2547 3682 in

591 3704 901 3771 Domino.
989 3706 1333 3772 Ministros
1376 3705 1629 3772 Christi
1670 3705 1814 3790 pios
1867 3705 2134 3771 nomine
2177 3725 2322 3770 meo
2367 3704 2544 3770 salu·

592 3788 778 3857 tabis.
868 3791 1187 3871 Basileae,
1230 3794 1294 3858 ’6.
1337 3791 1586 3858 Martii.
1676 3793 1875 3858 Anno
1924 3795 2087 3855 1545
2108 3791 2188 3874 8).

1633 3927 1746 3996 Os.
1791 3927 2148 4013 Myconius
2191 3934 2366 3992 tuus.

788 4117 850 4251 43
897 4182 1073 4253 Quum
1108 4184 1177 4239 de
1207 4184 1356 4239 ludis
1387 4183 1692 4240 minoribus
1716 4183 1883 4245 dicat,
1918 4185 2018 4238 vix
2038 4184 2127 4239 hie
2152 4185 2392 4253 ooqitare
2416 4198 2543 4252 pos·

583 4268 772 4309 sumne
810 4254 878 4309 de
920 4253 991 4308 32
1037 4254 1288 4308 articulis
1331 4254 1385 4307 d.
1421 4251 1470 4306 6.
1509 4252 1652 4308 Nov.
1693 4251 1827 4307 1544
1862 4268 1899 4307 a
1933 4250 2355 4308 Lovaneneibus
2410 4266 2539 4320 pro-

584 4324 840 4392 mulqatis
875 4323 952 4376 ad
1093 4338 1121 4376 s
1154 4321 1344 4376 studia
1387 4322 1751 4392 theologorum
1787 4321 1972 4376 deince
2008 4336 2038 4376 s
2081 4322 2232 4391 πέρι·
2263 4321 2537 4377 debebant.

583 4391 778 4459 (Slez'd.
819 4390 906 4445 11.
942 4390 977 4444 3
1012 4390 1061 4443 2.
1137 4389 1345 4445 Ger-des
1390 4390 1538 4445 Eiet.
1583 4391 1684 4457 ref.
1734 4390 1858 4444 111.
1895 4338 2007 4444 185
2045 4397 2095 4445 et
2140 4392 2203 4444 in
2236 4389 2383 4460 App.
2426 4388 2539 4443 IX.

579 4478 632 4529 p.
652 4459 739 4518 87.
779 4460 1002 4526 Imther,
1027 4460 1199 4514 wider
1222 4459 1312 4514 die
1326 4458 1398 4514 32
1420 4459 1544 4514 Art.
1563 4459 1615 4513 d.
1644 4458 2015 4528 Theoloqisten
2036 4473 2086 4514 υ.
2109 4459 2341 4514 Loewen
2362 4457 2537 4527 1545.)

786 4529 845 4597 5)
882 4529 1012 4582 Has
1046 4529 1235 4583 literas
1275 4528 1497 4584 Caluini
1528 4527 1606 4583 ad
1640 4528 1913 4583 Bneerum
1951 4527 2247 4598 Myconius
2291 4528 2536 4596 reeiyna—

580 4605 732 4654 verat
765 4598 867 4665 (N.
901 4596 1029 4663 627)
1064 4598 1242 4667 ibique
1276 4596 1566 4668 didicerat,
1599 4598 1717 4651 nisi
1743 4598 1997 4663 fallimur
2032 4600 2217 4666 (ipsae
2249 4597 2390 4651 enim
2424 4612 2538 4651 non

578 4668 821 4731 exstant)
882 4667 1170 4721 Calvinum
1222 4672 1414 4721 contra
1464 4665 1656 4736 Papae
1708 4666 2147 4720 Admonitionem
2204 4667 2536 4734 scripturum

580 4751 706 4790 esse.
779 4735 1002 4789 Interea
1049 4737 1160 4788 iam
1197 4737 1439 4803 primum
1617 4735 1891 4789 ernionem
1938 4740 2220 4802 acceperat
2263 4750 2536 4788 excusum.

581 4805 764 4873 Lepas
798 4806 940 4857 enim
976 4808 1210 4871 oportet.-
1247 4803 1339 4872 qui
1376 4809 1496 4857 attu
1522 4804 1563 4857 't
1596 4804 1834 4874 primum
1870 4803 2296 4873 quaternionem,
2337 4809 2390 4858 et
2422 4819 2536 4857 non

578 4879 641 4927 ut
676 4873 831 4926 Beea
863 4873 1050 4927 habet.-
1084 4872 1178 4941 qui
1214 4873 1414 4939 attulit,
1452 4875 1687 4942 primum
1724 4874 2139 4941 quaternionem
2174 4878 2268 4926 etc.
2308 4871 2533 4927 distinc-

578 4943 724 4996 tione
759 4942 819 4994 in
854 4941 1031 4995 medio
1061 4942 1263 5009 posita.
1318 4940 1407 4996 De
1442 4959 1520 5010 ep.
1546 4942 1737 5010 Papae
1770 4942 1823 4995 d.
1858 4940 1941 4997 24.
1968 4941 2113 5010 Any.
2150 4939 2288 4994 1544
2324 4942 2533 5007 scripta

579 5028 626 5065 v.
655 5009 933 5065 Rainaldi
954 5012 1200 5064 Annales
1236 5008 1375 5064 1544
1406 5027 1464 5064 n.
1500 5010 1533 5064 7
1578 5010 1639 5063 T.
1659 5010 1813 5064 XXI.
1888 5009 2230 5077 Seckendorf
2260 5008 2386 5064 ΙΙΙ.
2424 5007 2532 5062 480

579 5096 716 5148 seqq.
788 5080 951 5133 Sleid.
985 5096 1042 5147 p.
1076 5078 1180 5133 357
1216 5086 1267 5132 et
1302 5079 1549 5149 Proleqy.
1586 5087 1779 5135 nostra
1826 5078 1959 5133 VII.
1995 5095 2050 5146 p.
2085 5077 2172 5131 28.

783 5148 842 5212 6)
880 5149 1013 5203 bello
1046 5149 1249 5203 sedicet
1279 5150 1609 5216 impeditum,
1647 5154 1698 5201 et
1730 5150 1841 5201 iam
1876 5149 1938 5201 in
1962 5147 2103 5201 Idus
2124 5147 2369 5201 Martias
2396 5162 2527 5214 pro-

576 5223 840 5283 roqatum.
910 5216 1100 5281 (Sleid.
1136 5216 1239 5269 364
1277 5218 1799 5286 *S'arffi-Courrayer.
1830 5233 1885 5285 p.
1926 5216 2069 5283 199.)

782 5285 838 5351 7)
886 5285 1313 5341 Womatiensia
1349 5286 1545 5352 (Sleid.
1584 5285 1670 5340 11.
1704 5284 1848 5349 373).

780 5353 840 5421 8)
877 5355 1127 5424 Suspicio
1160 5355 1320 5410 nobis
1353 5356 1436 5410 vel
1468 5355 1659 5409 invitis
1691 5357 1870 5410 oritur
1898 5353 1966 5408 de
1983 5353 2088 5408 hac
2114 5352 2356 5422 epistola,
2391 5368 2525 5423 qua·
2573 5339 2579 5391 ¹

3574 620 3723 694 619.

3105 755 3642 826 onoonnms
3669 758 3737 842 ¹).
3767 758 4201 827 onvmo.

2847 924 3099 993 Calvina·
3154 927 3375 993 laudes
3426 931 3598 995 canit
3652 930 3943 1011 epistolae
3999 932 4086 996 ad
4147 929 4508 997 Sadozetum
4564 936 4613 997 et

2670 1011 2823 1078 121>st
2865 1013 3167 1079 adversus
3203 1012 3507 1098 Piyhium
3547 1016 3893 1098 scriptoris,
3937 1017 4065 1082 imo
4105 1021 4163 1082 et
4185 1016 4613 1098 habitationis,

2668 1117 2793 1164 uno
2835 1104 3042 1164 tamen
3081 1100 3224 1181 ῐοοο,
3267 1101 3379 1182 qui
3421 1100 3496 1167 de
3538 1121 3723 1167 coena
3763 1108 3869 1182 est,
3914 1107 4174 1183 excepte.

2962 1269 3075 1335 (Ex
3110 1272 3445 1341 autographo
3482 1270 3614 1327 Ood.
3654 1272 3856 1327 Genev.
3894 1272 4012 1340 109,
4046 1272 4138 1328 fol.
4174 1271 4284 1338 10.)

2666 1455 3109 1524 Ornatissimo
3154 1459 3297 1525 viro
3325 1460 3410 1524 D.
3454 1460 3694 1525 Ioanni
3733 1460 4012 1527 Calvino
4053 1460 4378 1526 libertatis
4414 1480 4609 1526 evan-

2807 1543 3054 1629 gelicae
3097 1543 3348 1611 vindici
3391 1544 3656 1611 domino
3701 1568 3819 1611 suo
3863 1545 4473 1614 observandissimo.

2837 1713 3277 1781 Ornatissime
3321 1717 3459 1784 viri
3528 1716 3876 1799 Quantum
3919 1716 4406 1785 lucubrationes
4465 1727 4609 1783 tuae

2664 1799 2870 1865 doctis
2907 1820 2981 1865 ac
3014 1801 3144 1884 piis
3177 1802 3344 1868 viris
3377 1802 3682 1887 placeant
3720 1811 3918 1887 atque
3949 1804 4330 1887 probentur,
4378 1804 4609 1888 episto-

2661 1885 2768 1951 lae
2803 1888 3108 1970 angustia
3141 1887 3209 1951 in
3249 1890 3621 1972 praesentia
3663 1887 4015 1954 denarrare
4050 1889 4230 1955 haud
4265 1889 4604 1973 permittit.

2660 1970 2966 2037 Profecto
3009 1973 3371 2039 reverendo
3414 1974 3587 2058 patri
3639 1974 3908 2040 Luthero
3980 1984 4100 2040 tua
4153 1975 4431 2058 epistola
4486 1996 4610 2059 qua

2664 2056 2948 2122 Sadoleto
2996 2058 3351 2143 respondes
3409 2061 3503 2124 ita
3560 2060 3771 2125 modis
3816 2060 4117 2127 omnibus
4158 2061 4497 2145 perplacet
4537 2078 4608 2125 ac

2657 2142 3076 2227 praedicatur
3117 2153 3193 2209 ut
3236 2145 3404 2210 nihil
3451 2167 3669 2228 supra.
3758 2146 4070 2212 Breviter
4110 2154 4331 2213 autem
4372 2152 4609 2232 rogant

2658 2250 2836 2295 nunc
2879 2238 3066 2295 tuam
3106 2231 3419 2314 pietatem
3465 2253 3723 2298 mecum
3750 2231 4097 2299 christiani
4121 2232 4361 2298 fratres
4399 2242 4467 2298 et
4493 2253 4604 2316 op·

2657 2314 2802 2378 timi
2861 2319 3100 2399 quique
3154 2336 3272 2399 per
3323 2315 3748 2383 christianam
3797 2318 4158 2399 caritatem,
4215 2325 4289 2383 ut
4331 2319 4606 2384 alteram

2657 2401 2756 2465 tui
2792 2401 3018 2484 scripti
3052 2409 3312 2485 partem
3347 2411 3577 2469 contra
3601 2402 3918 2487 Piyhium,
3965 2425 4161 2488 quam
4200 2414 4264 2469 te
4300 2402 4380 2471 de
4414 2424 4606 2488 prae-

2653 2485 3088 2552 destinatione
3123 2485 3443 2554 adversus
3479 2488 3759 2555 eundem
3800 2488 4132 2555 editurum
4167 2489 4329 2555 adeo
4374 2498 4598 2556 sancte

2653 2571 2983 2654 polliceris
3025 2573 3098 2637 in
3144 2573 3310 2639 libro
3354 2582 3468 2639 tuo
3512 2573 3591 2640 de
3635 2596 3828 2641 servo
3872 2575 4164 2654 arbitrio,
4225 2574 4496 2642 tandem
4539 2577 4609 2640 in

2652 2658 2983 2741 publicum
3020 2660 3300 2726 emittas.
3389 2660 3621 2728 Faciet
3663 2661 3843 2726 enim
3878 2661 4002 2726 hoc
4037 2662 4313 2729 mirifice
4358 2660 4445 2727 ad
4487 2663 4609 2727 im-

2651 2744 2985 2810 becfflium
3037 2745 3322 2811 fratrum
3376 2754 3443 2811 et
3499 2746 4042 2813 confortationem
4099 2755 4168 2812 et
4209 2748 4608 2815 aedificatio-

2652 2851 2823 2909 nem,
2869 2830 2984 2912 qui
3027 2830 3268 2915 alioqui
3299 2831 3520 2916 Piykii
3559 2832 3940 2916 ampullosis
3984 2834 4200 2900 verbis
4245 2843 4312 2899 et
4346 2842 4613 2900 senten-

2652 2916 2763 2980 tiis
2805 2914 3043 2982 fucatis
3098 2924 3367 3000 possent
3423 2917 3824 2998 labefactari,
3880 2940 4080 3001 quum
4138 2918 4452 2986 subdolus
4496 2919 4608 2985 ille

2652 3010 3042 3086 argumento
3099 3002 3285 3068 nullo
3341 3002 3777 3086 plausibiliori
3821 3005 4064 3071 rationi
4106 3004 4439 3071 humanae
4484 3007 4609 3071 im-

2652 3108 2898 3238 ponere
2941 3090 3282 3171 potuisset.
3370 3089 3468 3155 Iis
3514 3093 3693 3156 enim
3738 3091 4079 3175 principiis
4125 3090 4204 3158 de
4246 3092 4458 3158 libero
4504 3114 4609 3157 ar-

2696 3174 2847 3239 itrio
2912 3184 2980 3238 et
3041 3175 3635 3259 praedestinatione
3700 3177 4124 3254 labefactatis,
4194 3178 4382 3243 facile
4427 3174 4603 3262 apud

2652 3259 3081 3343 simpliciores
3125 3261 3404 3327 aliorum
3449 3262 3874 3328 articulorum
3929 3283 4045 3329 seu
4103 3264 4391 3346 capitum
4433 3263 4608 3330 chri-

2651 3346 2905 3411 stianae
2948 3346 3285 3431 religionis
3328 3348 3523 3413 ruina
3566 3358 3893 3431 sequetur.
3968 3348 4117 3430 Quo
4154 3348 4367 3416 officio
4412 3350 4607 3434 plane

2649 3432 2760 3514 pio
2797 3441 2993 3515 atque
3028 3434 3392 3498 etiamnum
3432 3434 3916 3516 pernecessario
3952 3434 4132 3500 haud
4172 3435 4303 3501 scio
4341 3457 4426 3501 an
4468 3454 4608 3501 ma-

2649 3517 2755 3582 ius
2800 3518 3196 3601 reipublicae
3238 3519 3636 3585 christianae
3671 3519 3797 3586 hac
3833 3528 4225 3604 tempestate
4269 3529 4609 3606 praestare

2653 3623 2900 3686 posses,
2944 3605 3327 3687 praesertim
3374 3625 3578 3688 quum
3614 3625 3800 3689 papa,
3848 3606 4277 3674 antichristus
4312 3607 4446 3688 ille,
4496 3606 4607 3673 de-

2648 3708 2786 3752 nuo
2844 3709 2998 3754 suas
3052 3691 3326 3756 naenias
3380 3690 3733 3757 vaferrime
3796 3712 3915 3775 per
3981 3692 4232 3758 bullam
4299 3693 4606 3760 Caesaris

2650 3772 2896 3838 mundo
2930 3775 3280 3841 obtrudere
3314 3784 3383 3840 et
3415 3777 3753 3842 insinuare
3773 3787 4062 3843 conetur.
4123 3778 4388 3846 Confice
4426 3801 4603 3866 ergo,

2651 3879 2959 3943 rogamus
3018 3881 3135 3943 per
3192 3861 3555 3941 Christum,
3621 3863 3900 3929 bestiam
3960 3864 4144 3930 illam
4201 3865 4605 3952 Pighianam

2648 3945 2720 4009 in
2777 3943 2902 4013 hoc
2961 3966 3217 4030 quoque
3268 3947 3884 4033 praedestinationis
3941 3950 4222 4034 negotio,
4281 3952 4604 4036 quemad·

2648 4028 2917 4096 modum
2981 4031 3258 4099 eandem
3320 4035 3656 4117 superiore
3719 4041 3834 4100 tuo
3895 4033 4065 4102 libro
4129 4057 4387 4103 summa
4447 4058 4601 4105 cum

2646 4115 2840 4182 laude
2884 4123 2953 4182 et
2993 4118 3203 4201 gloria
3244 4121 3507 4202 penitus
3551 4120 3865 4186 stravisti.

2821 4201 3176 4270 Caeterum
3220 4205 3302 4270 de
3343 4206 3773 4271 Institutione
3809 4216 3923 4272 tua
3958 4206 4039 4272 de
4073 4206 4390 4291 religione
4424 4209 4605 4277 chri-

2644 4289 2881 4367 stiana,
2916 4288 3086 4354 libro
3117 4290 3343 4357 multis
3375 4290 3750 4356 nominibus
3783 4311 4000 4372 aureo,
4040 4314 4272 4359 murus
4307 4293 4605 4362 aheneus

2643 4374 3006 4439 exsistente
3022 4377 3081 4458 ²)
3139 4377 3341 4443 nullis
3384 4377 3699 4442 arietibus
3741 4378 4181 4463 expugnabili,
4226 4379 4394 4445 nihil
4438 4381 4604 4447 satis

2639 4596 2711 4650 lis
2742 4596 2832 4651 hic
2866 4597 2914 4650 le
2949 4598 3062 4651 itur
3103 4597 3181 4651 ad
3232 4598 3452 4651 initimn
3505 4598 3715 4654 Martis
3758 4600 4063 4669 referenda.
4137 4600 4287 4656 Nam
4325 4602 4487 4670 infra
4524 4602 4598 4658 N.

2639 4663 2742 4718 627
2779 4664 2831 4718 d.
2939 4706 2951 4718 .
2992 4665 3194 4720 Martii
3234 4664 3498 4721 Calvinus
3540 4668 3693 4721 illum
3736 4670 3977 4737 primum
4019 4674 4432 4739 quaternionem
4472 4672 4598 4743 My·

2639 4733 2797 4788 conio
2830 4748 2888 4787 se
2920 4734 3128 4789 mittere
3162 4735 3311 4799 dicit,
3346 4752 3503 4805 quem
3538 4736 3625 4790 hic
3672 4737 3761 4791 die
3795 4736 3830 4791 6
3863 4738 3978 4792 iam
4025 4742 4297 4807 accepisse
4329 4740 4597 4807 affimat.

2641 4801 2934 4857 Praeterea
2973 4805 3225 4874 Myconii
3257 4806 3487 4871 epistola
3521 4807 3788 4860 exstitisse
3820 4807 4036 4861 videtur
4082 4808 4160 4861 ad
4204 4824 4368 4878 quam
4411 4808 4470 4863 0.
4518 4825 4596 4863 re-

2637 4872 2926 4939 apondisse
2953 4872 3240 4940 putandus
3262 4879 3342 4927 est
3366 4891 3532 4943 quum
3560 4874 3813 4945 Myconii
3844 4877 4241 4931 excusationem
4263 4892 4595 4945 supervaca-

2636 4956 2794 4994 neam
2831 4942 2996 5007 dicat,
3031 4942 3096 4995 de
3127 4957 3239 5011 qna
3275 4951 3454 4997 tamen
3486 4946 3547 4997 in
3580 4944 3685 4999 hac
3715 4945 3872 4999 niba.
3950 4945 4095 5013 Quid
4130 4947 4184 4999 si
4199 4946 4407 5001 Beeam
4434 4947 4596 5002 dieas

2635 5025 2702 5063 ex
2723 5011 2938 5065 duabus
2955 5027 3124 5064 unam
3156 5010 3363 5077 fecisse,
3398 5014 3679 5067 nonnullis
3697 5015 3926 5080 omissis,
3961 5016 4043 5068 ita
4069 5022 4131 5068 ut
4145 5031 4296 5070 nune
4317 5017 4380 5070 in
4407 5016 4597 5081 fronte

2634 5080 2885 5159 {eqantm-
2928 5095 3068 5149 quae
3112 5095 3307 5134 revera
3346 5083 3617 5136 recentius
3664 5084 3873 5151 scripta
3915 5082 4070 5146 fuere
4083 5082 4114 5136 ,9
4178 5082 4288 5138 Sed
4328 5100 4497 5153 penes
4545 5091 4594 5140 te

2632 5147 2808 5203 mdwz'
2800 5149 2897 5201 'um
2933 5154 3062 5205 estc.

2658 5216 2793 5270 ele.
2833 5216 2891 5279 1)
2933 5217 3167 5271 Marcus
3195 5217 3480 5272 Crodelius
3500 5218 3712 5273 scholae
3740 5216 4030 5287 Toryensis
4052 5222 4403 5289 yubernator,
4425 5225 4591 5277 etiam

2631 5302 2747 5338 cnm
2787 5286 3206 5420 2112e)la}whthone
3241 5290 3556 5342 commercio
3590 5288 3837 5342 literaria
3871 5290 4101 5343 iunctae.

2836 5362 2850 5379 ⁶
2971 5362 3029 5410 ta
3063 5355 3178 5410 iste.
