4825 6175
660 428 781 492 143

652 621 867 690 retur,
924 611 1039 679 sed
1090 612 1422 677 variatum
1474 619 1576 678 est
1631 612 1702 676 in
1755 609 2011 675 ratione
2052 607 2476 692 procedendi,
2531 612 2608 673 ut

650 701 1023 783 loquuntur.
1131 698 1197 763 N
1199 718 1285 763 00
1347 699 1624 764 deerant
1686 697 1800 781 qui
1862 703 2210 761 censerent
2270 693 2604 759 hominem

652 784 1091 870 ablegandum
1145 785 1437 849 Bernam
1511 804 1662 849 cum
1716 782 1917 847 totius
1977 781 2152 845 vitae
2208 780 2485 844 historia
2538 786 2607 843 et

648 873 928 938 fratrum
971 869 1384 953 praeiudicio,
1470 870 1640 935 Pars
1682 875 1907 933 tamen
1941 867 2151 930 maior
2192 866 2450 930 censuit
2488 864 2606 928 ho-

648 958 901 1023 minem
967 976 1262 1022 seorsum
1329 976 1472 1021 esse
1542 952 2029 1020 admonendum
2094 961 2173 1015 ut
2237 971 2308 1015 00
2373 955 2607 1032 sponte

649 1042 1017 1108 ministerio
1061 1039 1410 1118 abdicaret,
1457 1061 1533 1107 ac
1576 1041 1870 1106 Bernam
1922 1037 2046 1102 1100
2087 1035 2168 1101 de
2212 1055 2408 1101 causa
2452 1055 2606 1100 con-

649 1128 925 1206 cederet,
971 1129 1150 1192 intra
1191 1126 1566 1209 quindecim
1623 1125 1763 1191 dies
1816 1124 1886 1189 id
1942 1133 2308 1188 curaturus.
2410 1119 2607 1202 Quod

651 1216 708 1281 si
754 1214 878 1279 hoc
918 1214 1197 1278 fratrum
1239 1212 1587 1277 consilium
1629 1231 1767 1276 non
1809 1210 2113 1292 placeret,
2170 1207 2464 1272 Beruam
2506 1214 2606 1270 ta-

649 1322 807 1367 men
849 1300 1370 1381 proficisceretur
1421 1297 1768 1362 auditurus
1819 1297 2097 1360 fratrum
2140 1293 2604 1358 accusationes.

652 1386 1121 1452 Constitutum-
1143 1392 1366 1448 autem
1410 1390 1542 1461 est,
1601 1382 1658 1447 si
1713 1403 1783 1447 se
1837 1390 2069 1463 sponte
2112 1399 2246 1443 non
2289 1375 2608 1442 abdicarit

649 1471 1045 1545 ministerio,
1120 1479 1197 1534 ut
1261 1477 1409 1534 acta
1474 1469 1614 1534 eius
1678 1466 2030 1550 diligenter
2094 1463 2602 1547 perscribantur,

649 1558 941 1623 Bernam
975 1555 1323 1620 mittantur
1361 1576 1509 1620 01110
1552 1552 1805 1618 duobus
1840 1549 2150 1616 fratribus
2184 1550 2296 1632 qui
2338 1568 2604 1614 causam

649 1643 825 1708 hanc
867 1649 1135 1707 strenue
1177 1649 1397 1725 agant.
1485 1639 1743 1706 Delecti
1802 1659 2031 1703 sumus
2087 1656 2208 1718 ego
2252 1642 2320 1698 et
2367 1634 2607 1699 Torna-

650 1747 779 1807 0110,
826 1727 1126 1811 quamvis
1169 1725 1336 1791 mihi
1378 1726 1589 1810 magis
1631 1724 1918 1808 placeret
1960 1729 2037 1786 ut
2081 1721 2251 1786 alius
2283 1741 2431 1785 meo
2467 1718 2605 1784 loco

650 1815 1055 1880 mitteretur:
1110 1810 1226 1877 sed
1293 1831 1481 1877 000110
1538 1812 1756 1876 visum
1812 1819 1913 1874 est
1978 1807 2289 1872 fratribus
2357 1804 2605 1869 multas

651 1902 734 1967 ob
791 1920 1036 1966 causas.
1150 1896 1329 1979 Quid
1386 1897 1473 1962 sit
1530 1894 1744 1968 000100
1817 1913 2247 1976 responsurus
2303 1890 2605 1955 nondum

650 2006 916 2071 possum
962 1983 1276 2049 divinare.
1365 1981 1648 2048 lactavit
1704 1980 1878 2065 apud
1933 1978 2174 2043 multos
2189 2027 2203 2055 ,
2259 1998 2330 2042 se
2373 1974 2604 2040 minis-

649 2072 892 2138 terium
937 2069 1020 2135 ad
1065 2077 1325 2153 tempus
1378 2068 1930 2132 intermissurum.
2020 2063 2155 2129 Sed
2191 2063 2363 2127 nosti
2404 2082 2603 2145 quam

651 2159 738 2225 sit
778 2157 1006 2222 varius
1047 2162 1116 2220 et
1158 2175 1285 2238 quo
1328 2160 1625 2236 spectent
1665 2153 1886 2217 omnia
1925 2150 2065 2215 eius
2108 2146 2344 2215 studia.

824 2240 959 2308 Sed
1005 2242 1325 2306 hactenus
1381 2238 1462 2305 de
1510 2237 1760 2304 Gemite.
1863 2235 2118 2301 Delecti
2175 2235 2462 2300 decanus
2536 2240 2605 2297 et

648 2329 848 2395 iurati
914 2328 1088 2392 novi.
1211 2326 1356 2409 Ego
1420 2333 1677 2390 creatus
1757 2342 1904 2388 sum
1984 2320 2268 2386 decanus
2339 2325 2604 2403 praeter

648 2433 867 2481 meam
909 2411 1499 2495 exspectationem,
1565 2409 1877 2486 Batinus,
1942 2405 2348 2487 Theoti-edm,
2394 2403 2605 2469 Fran·

646 2502 851 2567 0100110
894 2506 962 2564 01
1010 2499 1331 2563 Tornaeus
1372 2495 1592 2561 iurati.
1681 2493 1905 2558 Habes
1948 2512 2272 2558 summam
2308 2499 2602 2557 actorum

646 2588 716 2651 in
762 2594 1092 2670 postrema
1127 2583 1250 2648 hac
1293 2581 1567 2666 synodo,
1611 2600 1777 2664 quae
1812 2589 1877 2643 te
1911 2580 2078 2645 scire
2113 2577 2290 2643 volui
2326 2585 2404 2641 ut
2437 2574 2601 2641 mihi

647 2672 773 2737 hac
818 2671 901 2736 de
955 2689 1027 2734 re
1083 2668 1376 2749 [scribas]
1394 2670 1452 2749 ⁹)
1508 2676 1689 2731 tuam
1744 2664 2157 2730 sententiam.
2249 2661 2428 2728 Audi
2466 2662 2601 2725 iam

648 2757 794 2822 alia.
864 2756 1083 2821 Mater
1126 2776 1210 2819 ex
1239 2774 1408 2818 uxor
1428 2752 1649 2818 Iacobi
1674 2748 1996 2839 RoUietifl
2024 2747 2496 2833 Symphoriani
2519 2751 2600 2826 ¹⁰)

645 2853 830 2992 geste
872 2842 1169 2908 sublatae
1211 2847 1386 2905 sunt.
1454 2839 1607 2922 Ipse
1648 2858 1804 2903 vero
1846 2837 1979 2901 iam
2023 2836 2321 2900 laborare
2364 2833 2598 2916 coepit.

714 2949 976 2994 eremur
1030 2948 1118 2991 ne
1182 2933 1363 3008 peste
1418 2924 1617 2988 etiam
1687 2933 2023 3005 correptus
2079 2922 2182 2987 sit.
2292 2918 2604 2985 Meminit

647 3014 823 3098 apud
846 3035 969 3078 nos
990 3011 1418 3096 pecuniarum
1441 3009 1556 3075 abs
1579 3019 1645 3074 te
1667 3016 1900 3074 mutuo
1923 3016 2354 3091 acceptarum.
2400 3005 2601 3070 Mitto

647 3100 731 3165 ad
771 3109 837 3165 te
880 3098 1425 3166 commentarium
1471 3117 1695 3162 rerum
1739 3105 2076 3178 gestarum
2118 3093 2437 3158 adversus
2471 3092 2601 3155 fra-

648 3196 786 3252 tres
828 3183 1280 3251 Provinciales
1335 3203 1528 3265 quem
1586 3202 1627 3245 a
1684 3180 1938 3246 Farezlo
1993 3180 2232 3262 accepi.
2322 3175 2602 3244 Ourabis

646 3291 823 3356 ergo,
868 3271 926 3336 si
968 3278 1174 3353 potes,
1220 3267 1393 3353 quod
1438 3267 1664 3352 exigit,
1708 3276 1775 3332 et
1809 3276 1996 3330 tuum
2032 3264 2222 3330 nobis
2255 3263 2603 3330 consilium

645 3380 728 3425 ex
778 3378 952 3423 0000.

731 3381 776 3443 p
819 3443 1045 3525 Quum
1089 3441 1211 3506 has
1255 3439 1609 3505 scriberem
1661 3445 1817 3503 tuae
1866 3435 2030 3501 mihi
2072 3434 2302 3500 literae
2323 3434 2409 3515 ¹¹)
2452 3433 2603 3498 red-

645 3529 823 3594 ditae
867 3538 1022 3594 sunt
1061 3547 1180 3610 per
1220 3528 1492 3590 fratrem
1524 3524 1710 3588 illum
1756 3524 1869 3606 qui
1911 3525 2010 3587 Ar
2057 3528 2355 3586 entorato
2390 3541 2603 3603 nuper

642 3617 843 3680 venit.
933 3612 1292 3678 Praestabo
1338 3611 1400 3674 ei
1452 3608 1627 3693 quod
1671 3617 1912 3692 potero.
2004 3543 2202 3688 &uod
2244 3605 2476 3672 scribis
2521 3603 2602 3669 de

641 3697 1217 3774 Neocomensibus,
1264 3705 1345 3761 ut
1388 3695 1626 3761 habeat
1669 3696 1912 3760 clarius
1956 3693 2312 3775 explicabo.
2392 3692 2603 3756 Miror

642 3787 821 3853 enim
863 3782 1035 3868 quod
1091 3783 1387 3849 nondum
1443 3782 1527 3846 ad
1581 3802 1699 3847 vos
1754 3780 2154 3865 scripserint.
2243 3778 2391 3861 Ego
2436 3775 2601 3840 nihil

640 3881 800 3957 puto
843 3892 985 3936 esse
1030 3869 1159 3935 fuci
1201 3869 1273 3933 in
1321 3887 1548 3933 eorum
1593 3866 1903 3933 consiliis.
1992 3864 2166 3929 Nam
2207 3865 2350 3947 ipse
2392 3864 2599 3927 inter-

641 3957 738 4023 fui
778 3966 846 4021 et
885 3966 1155 4039 rogatus
1199 3954 1334 4018 dixi
1374 3974 1590 4018 meam
1635 3952 2062 4029 sententiam,
2120 3970 2286 4033 quae
2330 3956 2443 4013 tuo
2487 3946 2599 4012 de-

642 4038 885 4110 siderio
929 4063 1063 4106 non
1107 4038 1516 4123 repugnabat
1533 4091 1547 4116 ,
1603 4038 1759 4122 quia
1812 4038 1996 4121 pium
2040 4043 2107 4099 et
2161 4035 2597 4101 christianum

641 4149 785 4194 0000
831 4126 1036 4192 habeo
1081 4125 1327 4191 multas
1371 4125 1454 4190 ob
1498 4145 1727 4190 causas
1770 4142 2171 4207 persuasum.
2241 4119 2435 4200 Quod
2481 4140 2598 4184 au-

644 4222 777 4279 tem
821 4212 1053 4295 scripsi
1108 4210 1190 4276 de
1247 4209 1629 4275 sufficiendo
1680 4210 1970 4276 Tussano
1988 4258 2002 4287 ‚
2055 4229 2188 4272 non
2241 4207 2337 4271 ita
2389 4205 2598 4288 rigide

640 4298 940 4382 intelligo
975 4306 1055 4361 ut
1087 4296 1285 4362 velim
1318 4295 1389 4361 id
1424 4318 1540 4379 per
1584 4318 1700 4361 vos
1735 4296 1999 4379 penitus
2033 4302 2355 4359 curatum.
2424 4292 2484 4355 N
2489 4312 2598 4355 am

641 4384 769 4468 ipsi
815 4383 1069 4449 dabunt
1110 4402 1376 4447 omnem
1429 4402 1697 4464 operam
1755 4390 1834 4445 ut
1885 4379 1970 4444 ad
2013 4401 2083 4444 se
2137 4376 2486 4452 advocent,
2539 4376 2597 4440 si

641 4471 788 4537 fieri
831 4477 1064 4552 potest,
1121 4475 1189 4532 et
1228 4467 1286 4533 si
1331 4466 1742 4532 commodum
1801 4472 1903 4531 est
1944 4464 2255 4531 ecclesiae
2297 4462 2597 4528 Monbel-

639 4554 979 4641 gardensi:
1024 4562 1142 4619 aut
1185 4553 1242 4618 01
1286 4551 1367 4617 ab
1402 4574 1478 4618 00
1512 4550 1835 4629 excidant,
1880 4552 1938 4616 si
1982 4552 2130 4633 quis
2171 4549 2339 4615 alius
2386 4558 2599 4631 potest

641 4650 837 4726 aptus
882 4638 1183 4715 inveniri,
1230 4658 1362 4702 non
1412 4638 1828 4703 recusabunt.
1919 4634 2056 4702 Sed
2095 4657 2179 4701 ex
2226 4634 2474 4700 Farelli
2516 4634 2595 4697 li-

641 4729 802 4794 teris
845 4725 1174 4809 intelliges
1228 4744 1423 4807 quam
1480 4720 1744 4788 difficile
1802 4723 1889 4787 sit
1942 4723 2002 4787 ei
2043 4721 2401 4805 subrogare
2446 4741 2596 4786 suc-

641 4832 981 4880 cessorem.
1090 4809 1237 4875 Hoc
1303 4809 1515 4874 solum
1532 4860 1550 4887 ,
1617 4816 1943 4891 quantum
2007 4806 2384 4890 intelligere
2446 4826 2593 4889 pos·

640 4908 818 4976 sunt,
845 4897 929 4981 ¹²)
971 4904 1203 4979 optant
1245 4894 1306 4960 N
1310 4914 1742 4972 eoeomenses,
1791 4902 1890 4973 ut,
1945 4894 2256 4976 quoniam
2298 4901 2371 4957 tu
2419 4892 2596 4958 vales

845 5066 900 5129 9)
944 5066 1149 5119 Charta
1184 5066 1247 5119 in
1281 5066 1529 5134 marqine
1561 5066 1819 5120 lacerata.

813 5132 908 5200 10)
946 5134 1002 5186 S.
1043 5132 1436 5202 Symphoriam‘
1476 5134 1653 5198 vietae,
1702 5148 1860 5203 quem
1894 5134 2053 5202 vulyo
2086 5133 2249 5187 11οάίο
2286 5130 2341 5185 S.
2382 5130 2592 5200 Sapha·

639 5205 736 5258 rin
769 5207 1015 5336 00010)οἎ
1000 5202 1077 5255 ad
1057 5204 1292 5324 figgfmm
1328 5202 1565 5257 Lemani
1608 5218 1721 5256 11011
1764 5203 1960 5270 procul
1994 5218 2032 5257 a
2062 5202 2285 5256 Viviaco
2322 5200 2465 5254 situs
2499 5209 2593 5256 est.

818 5338 909 5405 12)
945 5341 1025 5395 010
1056 5339 1275 5408 quidem
1307 5339 1494 5396 codex.
1578 5339 1773 5394 Verum
1805 5339 2088 5409 legendum
2120 5346 2227 5395 001.-
2262 5356 2499 5410 possum.

2201 415 2731 489 EPIS'POLAE
2776 423 3115 488 682-685

4530 426 4630 494 144

2708 609 3064 675 autoritate
3105 617 3174 676 et
3216 610 3431 696 gratia
3482 611 3658 694 apud
3708 611 4096 692 Tussanm,
4153 610 4548 679 Basilienses
4578 623 4634 682 et

2710 696 3261 780 Argentinenses,
3321 704 3397 762 tu
3438 697 3628 764 iuves
3683 717 3913 762 eorum
3966 718 4232 764 causam
4287 719 4409 781 pro
4461 700 4627 780 virili,

2709 802 2831 848 nec
2873 781 3001 864 ipsi
3046 781 3324 848 deerunt
3364 783 3576 849 officio
3619 803 3756 848 suc.
3821 783 4040 868 Magis
4082 804 4240 868 ergo
4283 804 4325 849 a
4362 805 4467 849 100
4505 806 4630 869 pec-

2709 874 2931 933 catum
2997 875 3102 932 est
3164 869 3279 950 qni
3341 888 3478 933 000
3547 868 3809 935 disertis
3876 868 4089 937 verbis
4154 890 4298 935 rem
4362 874 4628 953 exposui.

2708 951 2906 1033 Quod
2950 953 3182 1019 scribis
3226 951 3308 1019 de
3353 954 3568 1020 aureis
3604 954 3815 1020 tribus
3857 975 3978 1038 pro
4021 956 4283 1034 viatico,
4350 958 4631 1039 quoniam

2710 1037 3010 1104 Farelhas
3049 1039 3395 1105 adiunctus
3438 1047 3539 1104 est
3580 1040 3793 1106 socius
3827 1041 4177 1125 legationis
4209 1042 4396 1108 cuius
4437 1063 4634 1126 sump-

2709 1133 2816 1189 tus
2859 1124 3205 1192 exsolvere
3248 1124 3497 1189 iustum
3552 1135 3724 1204 erat,
3786 1147 3919 1191 non
3973 1126 4255 1192 multum
4314 1129 4632 1210 superfuit.

2708 1207 2905 1290 Quod
2947 1217 3171 1275 tamen
3213 1219 3516 1294 superest
3554 1209 3781 1277 habeo.
3872 1212 4170 1278 Farellus
4207 1213 4325 1278 vix
4369 1213 4637 1296 patieba-

2706 1301 2818 1394 tur
2859 1315 3014 1360 01100
3058 1305 3361 1379 sumptus
3396 1296 3682 1362 exsolvi:
3724 1296 3840 1363 sed
3881 1308 4146 1364 coactus
4189 1306 4311 1378 est,
4351 1300 4504 1381 quia
4524 1300 4635 1364 Ba-

2706 1380 2935 1446 0110010
2964 1390 3108 1446 erat
3142 1381 3554 1465 profecturus
3588 1403 3710 1449 1100
3744 1384 3906 1449 satis
3942 1384 4331 1467 suppetebat
4363 1386 4636 1468 pecunia.

2706 1465 2895 1565 Yale,
2940 1473 3009 1531 et
3050 1468 3203 1533 boni
3245 1468 3541 1547 consule,
3600 1469 3658 1533 si
3715 1489 3952 1552 parum
3993 1470 4354 1553 prudenter
4396 1478 4465 1536 et
4505 1491 4638 1536 con·

2706 1549 2989 1617 siderate
3031 1553 3259 1618 scribo.
3351 1554 3522 1619 Nam
3581 1555 3696 1620 vix
3754 1554 3908 1621 licet
3960 1576 4082 1637 per
4139 1554 4408 1640 negotia
4449 1557 4639 1640 respi-

2705 1658 2871 1703 rare.
2940 1636 3240 1704 Scribam
3285 1637 3368 1704 ad
3396 1639 3712 1705 Gir-onum
3755 1651 3823 1705 et
3848 1640 4199 1706 Sultzerum
4240 1643 4457 1724 primo
4501 1662 4641 1726 quo·

2705 1743 2833 1805 que
2876 1730 3174 1822 tempore
3218 1723 3298 1790 de
3341 1725 3623 1789 fratrum
3661 1726 3942 1811 negotio.
4031 1727 4201 1793 Vale
4243 1729 4505 1806 iterum,
4558 1746 4643 1792 sa·

2707 1809 2934 1874 lutatis
2978 1810 3203 1876 amicis
3217 1862 3234 1888 ,
3292 1811 3680 1876 nominatim
3731 1812 3997 1878 6010010
4050 1834 4202 1879 0001
4260 1815 4403 1879 01110
4459 1833 4644 1879 uxore

2706 1901 2776 1960 et
2817 1902 2964 1984 tua.·
3038 1896 3435 1961 Lausannae
3480 1900 3580 1961 21.
3627 1898 3914 1981 Augusti
3969 1902 4147 1963 1545.

2880 2031 2956 2098 Si
3004 2031 3217 2098 000100
3269 2034 3636 2118 ablegetur,
3694 2042 3769 2098 ut
3825 2054 4037 2117 spero,

2705 2119 2910 2183 velim
2948 2128 3013 2182 10
3048 2119 3121 2182 10
3156 2127 3452 2202 tempore
3481 2122 3768 2203 cogitare
3800 2118 3883 2185 de
3925 2120 4040 2186 ad-

2706 2202 3039 2288 iungendo
3105 2204 3269 2268 mihi
3331 2206 3594 2290 collega.
3708 2205 3900 2286 Quod
3978 2206 4039 2272 si

2706 2292 2910 2374 pestis
2963 2290 3078 2355 illa
3122 2292 3503 2369 retineatur,
3563 2292 3680 2357 vix
3723 2311 3847 2375 ego
3891 2290 4036 2356 diu·

2706 2376 2838 2441 tius
2882 2375 2990 2440 hic
3033 2375 3332 2443 haereb0.

3612 2888 3767 2961 683.

3192 3026 3664 3095 OALVINUS
3708 3027 4173 3097 FARELLO.

2884 3200 3234 3266 Tosscmum
3274 3201 3540 3266 vocandi
3580 3201 3910 3266 aemilium
3952 3202 4082 3283 ipsi
4123 3220 4250 3268 non
4289 3221 4660 3286 maynopere
4780 3240 4787 3252 ·

2693 3285 2918 3385 placet.
3008 3286 3392 3385 Mutationes
3449 3287 3518 3350 in
3561 3287 3812 3370 collegio
3865 3288 4300 3354 ministrorum
4349 3288 4660 3353 60000011-

2704 3392 2955 3521 {alenam
2981 3372 3384 3523 mg·
3421 3373 3729 3454 quendam
3776 3374 4156 3440 commendat
4209 3376 4324 3457 qui
4368 3373 4663 3442 Nemone

2706 3627 2818 3692 (Ex
2853 3631 3080 3698 autogra
3118 3627 3190 3681 110
3238 3627 3369 3682 Ood.
3418 3628 3619 3684 Genev.
3658 3626 3774 3695 106,
3820 3629 3911 3683 fol.
3947 3628 4065 3684 137.
4135 3631 4336 3686 Exstat
4411 3637 4664 3686 meteres

2704 3696 2835 3750 Cod.
2874 3695 2991 3763 111,
3029 3696 3084 3750 fo
3106 3737 3119 3750 .
3157 3695 3261 3751 124
3313 3699 3526 3752 Bernae
3560 3697 3619 3750 in
3652 3698 3811 3752 Arch.
3850 3700 3990 3768 Epp.
4031 3699 4157 3755 VII.
4193 3718 4246 3770 p.
4281 3697 4350 3753 69
4424 3706 4489 3755 et
4525 3697 4662 3770 apud

2704 3765 2995 3820 Simlerum
3046 3765 3172 3820 Vol.
3225 3740 3310 3820 5'7.
3414 3766 3759 3890 mmm}
3776 3785 4000 3904 ,margo
4054 3769 4331 3838 paululum
4381 3772 4662 3825 vetustate

2703 4021 3059 4089 Guillelmo
3102 4023 3368 4090 Farello
3413 4023 3475 4088 N
3478 4025 3875 4090 cocornensis
3920 4024 4228 4091 ecclesiae
4271 4025 4659 4094 fidelissimo

3008 4111 3254 4194 pastori
3298 4109 3488 4175 fratri
3532 4118 3601 4176 et
3644 4111 3851 4176 amico
3896 4110 4339 4195 integerrimo.

2876 4246 2979 4335 [S.
3001 4247 3092 4336 A]
3099 4247 3232 4331 pud
3272 4248 3623 4313 Tassanum
3665 4247 4023 4330 quidquam
4059 4255 4314 4316 tentare
4355 4252 4465 4318 fas
4501 4251 4661 4317 mihi

2700 4353 2837 4399 non
2881 4333 3144 4400 videtur
3159 4384 3176 4412 ,
3236 4331 3442 4399 donec
3498 4333 3695 4398 fuerit
3736 4354 4007 4415 prorsus
4053 4331 4193 4422 [de]
4252 4337 4398 4403 eius
4444 4336 4660 4404 reditu

2701 4418 3141 4504 desperatum.
3170 4421 3219 4501 ¹)
3305 4419 3538 4485 Meum
3591 4420 3767 4483 enim
3803 4419 4150 4485 consilium
4206 4430 4338 4497 est,
4397 4426 4460 4489 si
4509 4418 4661 4507 quid

2701 4507 2889 4588 aequi
2929 4505 3169 4590 poterit
3203 4526 3243 4569 a
3282 4502 3640 4655 [prilineipe
3674 4505 3988 4582 obtinere,
4035 4518 4111 4570 ut
4143 4506 4387 4574 redeat.
4463 4506 4660 4592 Quod

2699 4592 2756 4657 si
2792 4591 2917 4657 hac
2951 4613 3065 4675 spe
3105 4590 3354 4657 exclusi
3418 4591 3724 4668 uerimus‚
3763 4601 3920 4656 tunc
3956 4590 4342 4658 conabimur
4410 4594 4660 4694 monis

2700 4678 3004 4743 omnibus
3048 4699 3203 4743 01110
3259 4676 3641 4758 pertrahere
3692 4678 3766 4741 in
3823 4686 4010 4741 tuum
4067 4678 4304 4744 locum.
4457 4683 4482 4747 i
4528 4700 4659 4746 10111

2697 4764 2898 4828 fuerit
2951 4765 3293 4829 restitutus
3310 4813 3326 4840 ,
3395 4770 3471 4826 tu
3525 4781 3674 4827 cum
3738 4759 3868 4848 [fra
3904 4763 4113 4828 tribus
4182 4763 4434 4849 dispice
4497 4785 4659 4832 num

2698 4851 2845 4932 quis
2908 4849 3077 4915 alius
3137 4849 3345 4932 possit
3406 4849 3765 4932 subrogari.
3917 4871 3962 4912 n
4028 4850 4308 4916 fratrum
4364 4852 4586 4918 literis
4601 4853 4656 4928 ²)

2698 4954 2834 4999 non
2893 4932 3148 5022 [v]ideo
3208 4932 3366 5017 quid
3430 4940 3770 5016 tantopere
3831 4935 4294 5018 reprehendas.
4399 4938 4658 5006 Causas

2720 5208 2861 5264 683.
2900 5208 2954 5274 1)
2998 5207 3068 5262 N.
3104 5204 3224 5275 670,
3251 5212 3360 5261 not.
3397 5207 3446 5262 1.
3483 5204 3604 5271 680,
3638 5213 3747 5261 not.
3783 5205 3834 5261 3.

2699 5345 2805 5413 (Ν.
2837 5278 2962 5414 67ξῖ
2991 5276 3128 5400 aaa
3140 5275 3542 5411 Βῗὴὼτνονιιυι
3580 5275 4026 5333 Νοοοοηοεηοὲιιηι
4059 5279 4251 5335 literae
4282 5295 4397 5336 0011
4432 5283 4656 5337 exstem
