<?xml version="1.0" encoding="UTF-8"?>
<!DOCTYPE html PUBLIC "-//W3C//DTD XHTML 1.0 Transitional//EN"
    "http://www.w3.org/TR/xhtml1/DTD/xhtml1-transitional.dtd">
<html xmlns="http://www.w3.org/1999/xhtml" xml:lang="en" lang="en">
 <head>
  <title>
</title>
<meta http-equiv="Content-Type" content="text/html;charset=utf-8" />
  <meta name='ocr-system' content='tesseract 3.04.00' />
  <meta name='ocr-capabilities' content='ocr_page ocr_carea ocr_par ocr_line ocrx_word'/>
</head>
<body>
  <div class='ocr_page' id='page_1' title='image "./ioanniscalvinio10unkngoog_0196.png"; bbox 0 0 4825 6175; ppageno 0'>
   <div class='ocr_carea' id='block_1_1' title="bbox 607 441 736 502">
    <p class='ocr_par' dir='ltr' id='par_1_1' title="bbox 607 441 736 502">
     <span class='ocr_line' id='line_1_1' title="bbox 607 441 736 502; baseline 0.016 -2"><span class='ocrx_word' id='word_1_1' title='bbox 607 441 736 502; x_wconf 79' lang='lat'><strong>323</strong></span> 
     </span>
    </p>
   </div>
   <div class='ocr_carea' id='block_1_2' title="bbox 595 627 2567 798">
    <p class='ocr_par' dir='ltr' id='par_1_2' title="bbox 595 627 2567 798">
     <span class='ocr_line' id='line_1_2' title="bbox 603 627 2567 716; baseline 0.002 -23"><span class='ocrx_word' id='word_1_2' title='bbox 603 648 863 693; x_wconf 84' lang='lat' dir='ltr'><strong>comme</strong></span> <span class='ocrx_word' id='word_1_3' title='bbox 906 627 954 692; x_wconf 90' lang='lat' dir='ltr'><strong>il</strong></span> <span class='ocrx_word' id='word_1_4' title='bbox 999 647 1040 693; x_wconf 89' lang='lat' dir='ltr'><strong>a</strong></span> <span class='ocrx_word' id='word_1_5' title='bbox 1081 627 1266 709; x_wconf 82' lang='lat' dir='ltr'><strong>faict·‚</strong></span> <span class='ocrx_word' id='word_1_6' title='bbox 1326 649 1399 694; x_wconf 92' lang='lat' dir='ltr'><strong>se</strong></span> <span class='ocrx_word' id='word_1_7' title='bbox 1442 635 1817 695; x_wconf 83' lang='lat' dir='ltr'><strong>monstrant</strong></span> <span class='ocrx_word' id='word_1_8' title='bbox 1857 649 2026 716; x_wconf 76' lang='lat' dir='ltr'><strong>vray</strong></span> <span class='ocrx_word' id='word_1_9' title='bbox 2067 636 2442 714; x_wconf 68' lang='lat' dir='ltr'><strong>protect-eur</strong></span> <span class='ocrx_word' id='word_1_10' title='bbox 2485 627 2567 696; x_wconf 91' lang='lat' dir='ltr'><strong>de</strong></span> 
     </span>
     <span class='ocr_line' id='line_1_3' title="bbox 595 713 2169 798; baseline 0.003 -19"><span class='ocrx_word' id='word_1_11' title='bbox 595 733 770 780; x_wconf 77' lang='lat' dir='ltr'><strong>vous</strong></span> <span class='ocrx_word' id='word_1_12' title='bbox 812 721 880 779; x_wconf 92' lang='lat' dir='ltr'><strong>et</strong></span> <span class='ocrx_word' id='word_1_13' title='bbox 921 713 1005 779; x_wconf 92' lang='lat' dir='ltr'><strong>de</strong></span> <span class='ocrx_word' id='word_1_14' title='bbox 1047 721 1199 780; x_wconf 90' lang='lat' dir='ltr'><strong>tout</strong></span> <span class='ocrx_word' id='word_1_15' title='bbox 1239 734 1314 781; x_wconf 90' lang='lat' dir='ltr'><strong>ce</strong></span> <span class='ocrx_word' id='word_1_16' title='bbox 1356 716 1468 798; x_wconf 91' lang='lat' dir='ltr'><strong>qui</strong></span> <span class='ocrx_word' id='word_1_17' title='bbox 1508 734 1675 781; x_wconf 87' lang='lat' dir='ltr'><strong>vous</strong></span> <span class='ocrx_word' id='word_1_18' title='bbox 1718 734 2054 783; x_wconf 89' lang='lat' dir='ltr'><strong>concerne.</strong></span> <span class='ocrx_word' id='word_1_19' title='bbox 2083 717 2169 795; x_wconf 81' lang='lat'><strong>¹⁹)</strong></span> 
     </span>
    </p>
   </div>
   <div class='ocr_carea' id='block_1_3' title="bbox 765 850 2567 951">
    <p class='ocr_par' dir='ltr' id='par_1_3' title="bbox 765 850 2567 951">
     <span class='ocr_line' id='line_1_4' title="bbox 765 850 2567 951; baseline 0.002 -38"><span class='ocrx_word' id='word_1_20' title='bbox 765 850 1021 917; x_wconf 73' lang='lat' dir='ltr'><strong>&#39;Vostre</strong></span> <span class='ocrx_word' id='word_1_21' title='bbox 1065 850 1336 951; x_wconf 75' lang='lat' dir='ltr'><strong>humble</strong></span> <span class='ocrx_word' id='word_1_22' title='bbox 1378 851 1554 918; x_wconf 89' lang='lat' dir='ltr'><strong>frere</strong></span> <span class='ocrx_word' id='word_1_23' title='bbox 1569 902 1586 930; x_wconf 87' lang='lat'><strong>,</strong></span> <span class='ocrx_word' id='word_1_24' title='bbox 1647 853 1975 919; x_wconf 85' lang='lat' dir='ltr'><strong>serviteur</strong></span> <span class='ocrx_word' id='word_1_25' title='bbox 2030 861 2099 918; x_wconf 86' lang='lat' dir='ltr'><strong>et</strong></span> <span class='ocrx_word' id='word_1_26' title='bbox 2153 852 2367 918; x_wconf 78' lang='lat' dir='ltr'><strong>entier</strong></span> <span class='ocrx_word' id='word_1_27' title='bbox 2408 873 2567 937; x_wconf 81' lang='lat' dir='ltr'><strong>amy</strong></span> 
     </span>
    </p>
   </div>
   <div class='ocr_carea' id='block_1_4' title="bbox 1012 936 2302 1091">
    <p class='ocr_par' dir='ltr' id='par_1_4' title="bbox 1012 936 2302 1091">
     <span class='ocr_line' id='line_1_5' title="bbox 1012 936 1349 1017; baseline 0.009 -15"><span class='ocrx_word' id='word_1_28' title='bbox 1012 956 1054 1002; x_wconf 89' lang='lat' dir='ltr'><strong>a</strong></span> <span class='ocrx_word' id='word_1_29' title='bbox 1093 936 1349 1017; x_wconf 75' lang='lat' dir='ltr'><strong>iamais,</strong></span> 
     </span>
     <span class='ocr_line' id='line_1_6' title="bbox 1788 1023 2302 1091; baseline 0.002 -1"><span class='ocrx_word' id='word_1_30' title='bbox 1788 1023 2000 1090; x_wconf 88' lang='lat' dir='ltr'><strong>Iehan</strong></span> <span class='ocrx_word' id='word_1_31' title='bbox 2044 1023 2302 1091; x_wconf 86' lang='lat' dir='ltr'><strong>Calvin.</strong></span> 
     </span>
    </p>
   </div>
   <div class='ocr_carea' id='block_1_5' title="bbox 1379 1317 1782 1329">
    <p class='ocr_par' dir='ltr' id='par_1_5' title="bbox 1379 1317 1782 1329">
     <span class='ocr_line' id='line_1_7' title="bbox 1379 1317 1782 1329; baseline 0.007 -3"><span class='ocrx_word' id='word_1_32' title='bbox 1379 1317 1782 1329; x_wconf 70' lang='grc'><strong>--.-..</strong></span> 
     </span>
    </p>
   </div>
   <div class='ocr_carea' id='block_1_6' title="bbox 1133 1571 2025 1794">
    <p class='ocr_par' dir='ltr' id='par_1_6' title="bbox 1133 1571 2025 1794">
     <span class='ocr_line' id='line_1_8' title="bbox 1507 1571 1661 1643; baseline 0.013 -2"><span class='ocrx_word' id='word_1_33' title='bbox 1507 1571 1661 1643; x_wconf 80' lang='grc'><strong>785.</strong></span> 
     </span>
     <span class='ocr_line' id='line_1_9' title="bbox 1133 1724 2025 1794; baseline -0.001 -1"><span class='ocrx_word' id='word_1_34' title='bbox 1133 1724 1607 1794; x_wconf 82' lang='lat' dir='ltr'><strong>OALVINUS</strong></span> <span class='ocrx_word' id='word_1_35' title='bbox 1651 1724 2025 1793; x_wconf 72' lang='lat' dir='ltr'><strong>VIRETO.</strong></span> 
     </span>
    </p>
   </div>
   <div class='ocr_carea' id='block_1_7' title="bbox 756 1895 2563 1997">
    <p class='ocr_par' dir='ltr' id='par_1_7' title="bbox 756 1895 2563 1997">
     <span class='ocr_line' id='line_1_10' title="bbox 756 1895 2563 1997; baseline 0 -36"><span class='ocrx_word' id='word_1_36' title='bbox 756 1895 976 1997; x_wconf 36' lang='lat' dir='ltr'><strong>‚Mutii</strong></span> <span class='ocrx_word' id='word_1_37' title='bbox 1015 1898 1075 1963; x_wconf 83' lang='lat' dir='ltr'><strong>ei</strong></span> <span class='ocrx_word' id='word_1_38' title='bbox 1118 1918 1346 1980; x_wconf 77' lang='lat' dir='ltr'><strong>equum</strong></span> <span class='ocrx_word' id='word_1_39' title='bbox 1404 1904 1474 1965; x_wconf 65' lang='lat' dir='ltr'><strong>ut</strong></span> <span class='ocrx_word' id='word_1_40' title='bbox 1529 1898 1834 1965; x_wconf 77' lang='lat' dir='ltr'><strong>commode</strong></span> <span class='ocrx_word' id='word_1_41' title='bbox 1884 1896 2197 1964; x_wconf 71' lang='lat' dir='ltr'><strong>Genavam</strong></span> <span class='ocrx_word' id='word_1_42' title='bbox 2229 1896 2563 1981; x_wconf 75' lang='lat' dir='ltr'><strong>pervenire</strong></span> 
     </span>
    </p>
   </div>
   <div class='ocr_carea' id='block_1_8' title="bbox 597 2151 2563 2427">
    <p class='ocr_par' dir='ltr' id='par_1_8' title="bbox 597 2151 2563 2427">
     <span class='ocr_line' id='line_1_11' title="bbox 599 2151 2563 2277; baseline -0.001 -70"><span class='ocrx_word' id='word_1_43' title='bbox 599 2151 890 2235; x_wconf 74' lang='lat' dir='ltr'><strong>(Sequitur</strong></span> <span class='ocrx_word' id='word_1_44' title='bbox 907 2154 1109 2235; x_wconf 80' lang='lat' dir='ltr'><strong>ubique</strong></span> <span class='ocrx_word' id='word_1_45' title='bbox 1170 2155 1565 2219; x_wconf 83' lang='lat' dir='ltr'><strong>raecedeutem,</strong></span> <span class='ocrx_word' id='word_1_46' title='bbox 1600 2154 1707 2209; x_wconf 82' lang='lat' dir='ltr'><strong>nisi</strong></span> <span class='ocrx_word' id='word_1_47' title='bbox 1731 2155 1877 2224; x_wconf 90' lang='lat' dir='ltr'><strong>quod</strong></span> <span class='ocrx_word' id='word_1_48' title='bbox 1900 2155 2186 2211; x_wconf 81' lang='lat' dir='ltr'><strong>Ionvillaei</strong></span> <span class='ocrx_word' id='word_1_49' title='bbox 2209 2153 2563 2277; x_wconf 53' lang='lat' dir='ltr'><strong>⁸f⁰ff¹⁵⁸ph⁰¹²</strong></span> 
     </span>
     <span class='ocr_line' id='line_1_12' title="bbox 597 2221 2546 2306; baseline -0.001 -30"><span class='ocrx_word' id='word_1_50' title='bbox 597 2229 911 2305; x_wconf 67' lang='lat' dir='ltr'><strong>reperiatur</strong></span> <span class='ocrx_word' id='word_1_51' title='bbox 945 2241 1004 2277; x_wconf 87' lang='lat' dir='ltr'><strong>m</strong></span> <span class='ocrx_word' id='word_1_52' title='bbox 1039 2224 1079 2278; x_wconf 91' lang='lat' dir='ltr'>C</span> <span class='ocrx_word' id='word_1_53' title='bbox 1156 2264 1168 2276; x_wconf 92' lang='lat'><strong>.</strong></span> <span class='ocrx_word' id='word_1_54' title='bbox 1207 2222 1323 2291; x_wconf 87' lang='grc'><strong>196,</strong></span> <span class='ocrx_word' id='word_1_55' title='bbox 1359 2224 1453 2280; x_wconf 78' lang='lat' dir='ltr'><strong>fol.</strong></span> <span class='ocrx_word' id='word_1_56' title='bbox 1486 2222 1573 2277; x_wconf 85' lang='lat'><strong>81.</strong></span> <span class='ocrx_word' id='word_1_57' title='bbox 1613 2251 1677 2261; x_wconf 90' lang='lat'><em>—</em></span> <span class='ocrx_word' id='word_1_58' title='bbox 1723 2224 2122 2294; x_wconf 77' lang='lat' dir='ltr'><strong>Autographon</strong></span> <span class='ocrx_word' id='word_1_59' title='bbox 2168 2224 2205 2277; x_wconf 91' lang='lat'><strong>1.</strong></span> <span class='ocrx_word' id='word_1_60' title='bbox 2263 2263 2277 2306; x_wconf 68' lang='lat'>3</span> <span class='ocrx_word' id='word_1_61' title='bbox 2333 2240 2368 2277; x_wconf 92' lang='lat' dir='ltr'><strong>o</strong></span> <span class='ocrx_word' id='word_1_62' title='bbox 2443 2221 2546 2303; x_wconf 60' lang='lat'><strong>160</strong></span> 
     </span>
     <span class='ocr_line' id='line_1_13' title="bbox 598 2290 2563 2427; baseline 0.001 -81"><span class='ocrx_word' id='word_1_63' title='bbox 598 2291 878 2346; x_wconf 69' lang='lat' dir='ltr'><strong>Turn-etim</strong></span> <span class='ocrx_word' id='word_1_64' title='bbox 913 2292 1004 2346; x_wconf 78' lang='lat' dir='ltr'><strong>fol.</strong></span> <span class='ocrx_word' id='word_1_65' title='bbox 1047 2291 1147 2345; x_wconf 79' lang='lat'><strong>140</strong></span> <span class='ocrx_word' id='word_1_66' title='bbox 1172 2310 1221 2346; x_wconf 87' lang='lat' dir='ltr'><strong>v.</strong></span> <span class='ocrx_word' id='word_1_67' title='bbox 1275 2294 1554 2417; x_wconf 61' lang='lat' dir='ltr'><strong>Bernerfie</strong></span> <span class='ocrx_word' id='word_1_68' title='bbox 1577 2290 1784 2427; x_wconf 48' lang='lat'><strong>{3559</strong></span> <span class='ocrx_word' id='word_1_69' title='bbox 1818 2299 1980 2350; x_wconf 86' lang='lat' dir='ltr'><strong>caett.</strong></span> <span class='ocrx_word' id='word_1_70' title='bbox 2018 2322 2081 2333; x_wconf 89' lang='lat'>—</span> <span class='ocrx_word' id='word_1_71' title='bbox 2119 2292 2313 2348; x_wconf 73' lang='lat' dir='ltr'><strong>Versio</strong></span> <span class='ocrx_word' id='word_1_72' title='bbox 2349 2293 2563 2362; x_wconf 78' lang='lat' dir='ltr'><strong>anghca</strong></span> 
     </span>
    </p>
   </div>
   <div class='ocr_carea' id='block_1_9' title="bbox 593 2527 2560 2769">
    <p class='ocr_par' dir='ltr' id='par_1_9' title="bbox 593 2527 2560 2769">
     <span class='ocr_line' id='line_1_14' title="bbox 593 2527 2560 2597; baseline 0.002 -3"><span class='ocrx_word' id='word_1_73' title='bbox 593 2528 816 2595; x_wconf 79' lang='lat' dir='ltr'><strong>Fideli</strong></span> <span class='ocrx_word' id='word_1_74' title='bbox 859 2528 1131 2595; x_wconf 86' lang='lat' dir='ltr'>Domini</span> <span class='ocrx_word' id='word_1_75' title='bbox 1173 2530 1385 2594; x_wconf 78' lang='lat' dir='ltr'>nostri</span> <span class='ocrx_word' id='word_1_76' title='bbox 1428 2528 1583 2596; x_wconf 91' lang='lat' dir='ltr'><strong>Iesu</strong></span> <span class='ocrx_word' id='word_1_77' title='bbox 1632 2527 1880 2596; x_wconf 83' lang='lat' dir='ltr'><strong>Christi</strong></span> <span class='ocrx_word' id='word_1_78' title='bbox 1940 2550 2130 2596; x_wconf 89' lang='lat' dir='ltr'><strong>servo</strong></span> <span class='ocrx_word' id='word_1_79' title='bbox 2185 2530 2386 2597; x_wconf 90' lang='lat' dir='ltr'><strong>Petro</strong></span> <span class='ocrx_word' id='word_1_80' title='bbox 2440 2530 2560 2597; x_wconf 89' lang='lat' dir='ltr'><strong>Vi-</strong></span> 
     </span>
     <span class='ocr_line' id='line_1_15' title="bbox 594 2615 2559 2717; baseline 0.002 -37"><span class='ocrx_word' id='word_1_81' title='bbox 594 2626 739 2681; x_wconf 87' lang='lat' dir='ltr'><strong>reto</strong></span> <span class='ocrx_word' id='word_1_82' title='bbox 781 2615 1278 2682; x_wconf 86' lang='lat' dir='ltr'><strong>Lausannensis</strong></span> <span class='ocrx_word' id='word_1_83' title='bbox 1322 2615 1630 2717; x_wconf 76' lang='lat' dir='ltr'><strong>ecclesiae</strong></span> <span class='ocrx_word' id='word_1_84' title='bbox 1687 2615 1937 2700; x_wconf 87' lang='lat' dir='ltr'><strong>pastori</strong></span> <span class='ocrx_word' id='word_1_85' title='bbox 1992 2616 2184 2682; x_wconf 74' lang='lat' dir='ltr'><strong>fratri</strong></span> <span class='ocrx_word' id='word_1_86' title='bbox 2240 2624 2308 2681; x_wconf 89' lang='lat' dir='ltr'><strong>et</strong></span> <span class='ocrx_word' id='word_1_87' title='bbox 2349 2620 2559 2685; x_wconf 90' lang='lat' dir='ltr'><strong>amico</strong></span> 
     </span>
     <span class='ocr_line' id='line_1_16' title="bbox 1397 2723 1753 2769; baseline -0.006 0"><span class='ocrx_word' id='word_1_88' title='bbox 1397 2723 1753 2769; x_wconf 75' lang='lat' dir='ltr'><strong>carissimo.</strong></span> 
     </span>
    </p>
   </div>
   <div class='ocr_carea' id='block_1_10' title="bbox 594 2837 2561 4300">
    <p class='ocr_par' dir='ltr' id='par_1_10' title="bbox 594 2837 2561 4300">
     <span class='ocr_line' id='line_1_17' title="bbox 767 2837 2559 2921; baseline 0.001 -16"><span class='ocrx_word' id='word_1_89' title='bbox 767 2837 838 2905; x_wconf 82' lang='lat' dir='ltr'><strong>S.</strong></span> <span class='ocrx_word' id='word_1_90' title='bbox 920 2838 992 2902; x_wconf 90' lang='lat' dir='ltr'><strong>Is</strong></span> <span class='ocrx_word' id='word_1_91' title='bbox 1049 2839 1163 2921; x_wconf 91' lang='lat' dir='ltr'><strong>qui</strong></span> <span class='ocrx_word' id='word_1_92' title='bbox 1221 2839 1388 2905; x_wconf 90' lang='lat' dir='ltr'><strong>mihi</strong></span> <span class='ocrx_word' id='word_1_93' title='bbox 1441 2847 1590 2906; x_wconf 88' lang='lat' dir='ltr'><strong>tuas</strong></span> <span class='ocrx_word' id='word_1_94' title='bbox 1648 2837 1935 2906; x_wconf 80' lang='lat' dir='ltr'>reddidit</span> <span class='ocrx_word' id='word_1_95' title='bbox 1988 2838 2324 2905; x_wconf 91' lang='lat' dir='ltr'><strong>nesciebat</strong></span> <span class='ocrx_word' id='word_1_96' title='bbox 2379 2839 2559 2906; x_wconf 91' lang='lat' dir='ltr'><strong>unde</strong></span> 
     </span>
     <span class='ocr_line' id='line_1_18' title="bbox 594 2924 2559 3009; baseline 0.001 -20"><span class='ocrx_word' id='word_1_97' title='bbox 594 2933 819 2990; x_wconf 87' lang='lat' dir='ltr'><strong>essent</strong></span> <span class='ocrx_word' id='word_1_98' title='bbox 870 2924 1104 2990; x_wconf 88' lang='lat' dir='ltr'><strong>allatae</strong></span> <span class='ocrx_word' id='word_1_99' title='bbox 1162 2934 1277 2991; x_wconf 87' lang='lat' dir='ltr'><strong>aut</strong></span> <span class='ocrx_word' id='word_1_100' title='bbox 1341 2945 1382 2990; x_wconf 88' lang='lat' dir='ltr'><strong>a</strong></span> <span class='ocrx_word' id='word_1_101' title='bbox 1440 2947 1567 3009; x_wconf 95' lang='lat' dir='ltr'><strong>quo</strong></span> <span class='ocrx_word' id='word_1_102' title='bbox 1619 2926 1919 3009; x_wconf 75' lang='lat' dir='ltr'><strong>scriptae.</strong></span> <span class='ocrx_word' id='word_1_103' title='bbox 2018 2925 2256 3009; x_wconf 87' lang='lat' dir='ltr'><strong>Itaque</strong></span> <span class='ocrx_word' id='word_1_104' title='bbox 2311 2926 2559 2993; x_wconf 88' lang='lat' dir='ltr'><strong>factum</strong></span> 
     </span>
     <span class='ocr_line' id='line_1_19' title="bbox 595 3010 2554 3097; baseline 0.002 -21"><span class='ocrx_word' id='word_1_105' title='bbox 595 3018 701 3077; x_wconf 87' lang='lat' dir='ltr'><strong>est</strong></span> <span class='ocrx_word' id='word_1_106' title='bbox 764 3019 843 3076; x_wconf 90' lang='lat' dir='ltr'><strong>ut</strong></span> <span class='ocrx_word' id='word_1_107' title='bbox 903 3010 1103 3096; x_wconf 90' lang='lat' dir='ltr'><strong>paulo</strong></span> <span class='ocrx_word' id='word_1_108' title='bbox 1168 3013 1378 3077; x_wconf 90' lang='lat' dir='ltr'><strong>serius</strong></span> <span class='ocrx_word' id='word_1_109' title='bbox 1442 3031 1554 3078; x_wconf 85' lang='lat' dir='ltr'><strong>eas</strong></span> <span class='ocrx_word' id='word_1_110' title='bbox 1618 3013 1977 3095; x_wconf 75' lang='lat' dir='ltr'><strong>receperim</strong></span> <span class='ocrx_word' id='word_1_111' title='bbox 2040 3032 2239 3097; x_wconf 90' lang='lat' dir='ltr'><strong>quam</strong></span> <span class='ocrx_word' id='word_1_112' title='bbox 2298 3012 2554 3079; x_wconf 91' lang='lat' dir='ltr'><strong>vellem.</strong></span> 
     </span>
     <span class='ocr_line' id='line_1_20' title="bbox 597 3097 2557 3182; baseline 0.001 -19"><span class='ocrx_word' id='word_1_113' title='bbox 597 3097 847 3166; x_wconf 87' lang='lat' dir='ltr'><strong>Ouravi</strong></span> <span class='ocrx_word' id='word_1_114' title='bbox 891 3098 1064 3181; x_wconf 92' lang='lat' dir='ltr'><strong>quod</strong></span> <span class='ocrx_word' id='word_1_115' title='bbox 1107 3099 1395 3181; x_wconf 88' lang='lat' dir='ltr'><strong>optabas,</strong></span> <span class='ocrx_word' id='word_1_116' title='bbox 1456 3108 1533 3165; x_wconf 94' lang='lat' dir='ltr'><strong>ut</strong></span> <span class='ocrx_word' id='word_1_117' title='bbox 1576 3098 1690 3164; x_wconf 89' lang='lat' dir='ltr'><strong>tibi</strong></span> <span class='ocrx_word' id='word_1_118' title='bbox 1735 3099 2115 3166; x_wconf 90' lang='lat' dir='ltr'><strong>commodus</strong></span> <span class='ocrx_word' id='word_1_119' title='bbox 2157 3120 2364 3182; x_wconf 92' lang='lat' dir='ltr'><strong>equus</strong></span> <span class='ocrx_word' id='word_1_120' title='bbox 2408 3099 2557 3165; x_wconf 90' lang='lat' dir='ltr'><strong>abs-</strong></span> 
     </span>
     <span class='ocr_line' id='line_1_21' title="bbox 598 3184 2557 3269; baseline 0.001 -20"><span class='ocrx_word' id='word_1_121' title='bbox 598 3204 727 3267; x_wconf 93' lang='lat' dir='ltr'><strong>que</strong></span> <span class='ocrx_word' id='word_1_122' title='bbox 762 3205 1002 3269; x_wconf 89' lang='lat' dir='ltr'><strong>pompa</strong></span> <span class='ocrx_word' id='word_1_123' title='bbox 1043 3185 1435 3250; x_wconf 82' lang='lat' dir='ltr'><strong>mitteretur.</strong></span> <span class='ocrx_word' id='word_1_124' title='bbox 1524 3184 1772 3250; x_wconf 84' lang='lat' dir='ltr'><strong>Missus</strong></span> <span class='ocrx_word' id='word_1_125' title='bbox 1807 3195 2028 3252; x_wconf 90' lang='lat' dir='ltr'><strong>autem</strong></span> <span class='ocrx_word' id='word_1_126' title='bbox 2070 3187 2263 3253; x_wconf 85' lang='lat' dir='ltr'><strong>citius</strong></span> <span class='ocrx_word' id='word_1_127' title='bbox 2304 3185 2557 3262; x_wconf 89' lang='lat' dir='ltr'><strong>fuisset,</strong></span> 
     </span>
     <span class='ocr_line' id='line_1_22' title="bbox 597 3269 2558 3352; baseline 0.003 -18"><span class='ocrx_word' id='word_1_128' title='bbox 597 3269 732 3335; x_wconf 90' lang='lat' dir='ltr'><strong>nisi</strong></span> <span class='ocrx_word' id='word_1_129' title='bbox 773 3270 1338 3352; x_wconf 85' lang='lat' dir='ltr'><strong>praemonuissem</strong></span> <span class='ocrx_word' id='word_1_130' title='bbox 1392 3277 1676 3347; x_wconf 89' lang='lat' dir='ltr'><strong>nostros,</strong></span> <span class='ocrx_word' id='word_1_131' title='bbox 1736 3269 1857 3336; x_wconf 91' lang='lat' dir='ltr'><strong>tibi</strong></span> <span class='ocrx_word' id='word_1_132' title='bbox 1911 3293 2049 3337; x_wconf 93' lang='lat' dir='ltr'><strong>non</strong></span> <span class='ocrx_word' id='word_1_133' title='bbox 2104 3271 2303 3338; x_wconf 91' lang='lat' dir='ltr'><strong>licere</strong></span> <span class='ocrx_word' id='word_1_134' title='bbox 2357 3272 2558 3339; x_wconf 88' lang='lat' dir='ltr'><strong>istinc</strong></span> 
     </span>
     <span class='ocr_line' id='line_1_23' title="bbox 595 3356 2558 3436; baseline 0.002 -16"><span class='ocrx_word' id='word_1_135' title='bbox 595 3356 779 3421; x_wconf 85' lang='lat' dir='ltr'><strong>exire</strong></span> <span class='ocrx_word' id='word_1_136' title='bbox 822 3365 976 3420; x_wconf 90' lang='lat' dir='ltr'><strong>ante</strong></span> <span class='ocrx_word' id='word_1_137' title='bbox 1020 3358 1400 3423; x_wconf 90' lang='lat' dir='ltr'><strong>concionem</strong></span> <span class='ocrx_word' id='word_1_138' title='bbox 1435 3358 1849 3423; x_wconf 88' lang='lat' dir='ltr'><strong>matutinam.</strong></span> <span class='ocrx_word' id='word_1_139' title='bbox 1934 3357 2322 3424; x_wconf 79' lang='lat' dir='ltr'><strong>Maluissem</strong></span> <span class='ocrx_word' id='word_1_140' title='bbox 2357 3368 2558 3436; x_wconf 87' lang='lat' dir='ltr'><strong>certe,</strong></span> 
     </span>
     <span class='ocr_line' id='line_1_24' title="bbox 596 3440 2553 3522; baseline 0.003 -17"><span class='ocrx_word' id='word_1_141' title='bbox 596 3442 656 3505; x_wconf 90' lang='lat' dir='ltr'><strong>si</strong></span> <span class='ocrx_word' id='word_1_142' title='bbox 713 3441 785 3505; x_wconf 93' lang='lat' dir='ltr'><strong>in</strong></span> <span class='ocrx_word' id='word_1_143' title='bbox 842 3450 1139 3522; x_wconf 90' lang='lat' dir='ltr'><strong>tempore</strong></span> <span class='ocrx_word' id='word_1_144' title='bbox 1191 3440 1425 3507; x_wconf 87' lang='lat' dir='ltr'><strong>literae</strong></span> <span class='ocrx_word' id='word_1_145' title='bbox 1483 3444 1849 3521; x_wconf 90' lang='lat' dir='ltr'><strong>venissent,</strong></span> <span class='ocrx_word' id='word_1_146' title='bbox 1910 3453 1976 3509; x_wconf 90' lang='lat' dir='ltr'><strong>te</strong></span> <span class='ocrx_word' id='word_1_147' title='bbox 2035 3446 2228 3510; x_wconf 90' lang='lat' dir='ltr'><strong>citius</strong></span> <span class='ocrx_word' id='word_1_148' title='bbox 2284 3445 2553 3510; x_wconf 89' lang='lat' dir='ltr'><strong>accersi.</strong></span> 
     </span>
     <span class='ocr_line' id='line_1_25' title="bbox 595 3525 2557 3614; baseline 0.004 -26"><span class='ocrx_word' id='word_1_149' title='bbox 595 3525 857 3591; x_wconf 85' lang='lat' dir='ltr'><strong>Verum</strong></span> <span class='ocrx_word' id='word_1_150' title='bbox 902 3525 1282 3608; x_wconf 87' lang='lat' dir='ltr'><strong>suspicabar</strong></span> <span class='ocrx_word' id='word_1_151' title='bbox 1324 3534 1391 3590; x_wconf 88' lang='lat' dir='ltr'><strong>te</strong></span> <span class='ocrx_word' id='word_1_152' title='bbox 1433 3548 1569 3593; x_wconf 90' lang='lat' dir='ltr'><strong>una</strong></span> <span class='ocrx_word' id='word_1_153' title='bbox 1622 3551 1773 3595; x_wconf 90' lang='lat' dir='ltr'><strong>cum</strong></span> <span class='ocrx_word' id='word_1_154' title='bbox 1820 3528 2258 3613; x_wconf 74' lang='lat' dir='ltr'><strong>Christophoro</strong></span> <span class='ocrx_word' id='word_1_155' title='bbox 2299 3530 2557 3614; x_wconf 87' lang='lat' dir='ltr'><strong>profec-</strong></span> 
     </span>
     <span class='ocr_line' id='line_1_26' title="bbox 595 3612 2556 3682; baseline 0.002 -6"><span class='ocrx_word' id='word_1_156' title='bbox 595 3624 760 3677; x_wconf 83' lang='lat' dir='ltr'><strong>tum.</strong></span> <span class='ocrx_word' id='word_1_157' title='bbox 829 3613 933 3678; x_wconf 85' lang='lat' dir='ltr'><strong>Ea</strong></span> <span class='ocrx_word' id='word_1_158' title='bbox 972 3612 1167 3676; x_wconf 89' lang='lat' dir='ltr'><strong>etiam</strong></span> <span class='ocrx_word' id='word_1_159' title='bbox 1204 3631 1404 3678; x_wconf 90' lang='lat' dir='ltr'><strong>causa</strong></span> <span class='ocrx_word' id='word_1_160' title='bbox 1436 3612 1561 3678; x_wconf 91' lang='lat' dir='ltr'><strong>fuit</strong></span> <span class='ocrx_word' id='word_1_161' title='bbox 1604 3634 1721 3679; x_wconf 91' lang='lat' dir='ltr'><strong>cur</strong></span> <span class='ocrx_word' id='word_1_162' title='bbox 1761 3615 2068 3681; x_wconf 77' lang='lat' dir='ltr'><strong>familiari</strong></span> <span class='ocrx_word' id='word_1_163' title='bbox 2109 3617 2349 3682; x_wconf 92' lang='lat' dir='ltr'><strong>nuncio</strong></span> <span class='ocrx_word' id='word_1_164' title='bbox 2387 3615 2556 3680; x_wconf 88' lang='lat' dir='ltr'><strong>nihil</strong></span> 
     </span>
     <span class='ocr_line' id='line_1_27' title="bbox 597 3696 2560 3786; baseline 0.002 -22"><span class='ocrx_word' id='word_1_165' title='bbox 597 3696 682 3764; x_wconf 89' lang='lat' dir='ltr'><strong>ad</strong></span> <span class='ocrx_word' id='word_1_166' title='bbox 727 3709 792 3764; x_wconf 90' lang='lat' dir='ltr'><strong>te</strong></span> <span class='ocrx_word' id='word_1_167' title='bbox 836 3696 1129 3763; x_wconf 88' lang='lat' dir='ltr'><strong>dederim</strong></span> <span class='ocrx_word' id='word_1_168' title='bbox 1163 3698 1525 3765; x_wconf 89' lang='lat' dir='ltr'><strong>literarum.</strong></span> <span class='ocrx_word' id='word_1_169' title='bbox 1593 3698 1672 3766; x_wconf 83' lang='lat' dir='ltr'><strong>Si</strong></span> <span class='ocrx_word' id='word_1_170' title='bbox 1706 3698 1931 3766; x_wconf 90' lang='lat' dir='ltr'><strong>habita</strong></span> <span class='ocrx_word' id='word_1_171' title='bbox 1969 3704 2278 3768; x_wconf 88' lang='lat' dir='ltr'><strong>concione</strong></span> <span class='ocrx_word' id='word_1_172' title='bbox 2311 3703 2560 3786; x_wconf 91' lang='lat' dir='ltr'><strong>poteris</strong></span> 
     </span>
     <span class='ocr_line' id='line_1_28' title="bbox 594 3784 2558 3869; baseline 0.001 -20"><span class='ocrx_word' id='word_1_173' title='bbox 594 3784 994 3850; x_wconf 90' lang='lat' dir='ltr'><strong>Neodunum</strong></span> <span class='ocrx_word' id='word_1_174' title='bbox 1053 3806 1258 3868; x_wconf 92' lang='lat' dir='ltr'><strong>usque</strong></span> <span class='ocrx_word' id='word_1_175' title='bbox 1328 3787 1708 3869; x_wconf 91' lang='lat' dir='ltr'><strong>pervenire,</strong></span> <span class='ocrx_word' id='word_1_176' title='bbox 1760 3787 1891 3851; x_wconf 92' lang='lat' dir='ltr'><strong>eris</strong></span> <span class='ocrx_word' id='word_1_177' title='bbox 1943 3787 2052 3853; x_wconf 90' lang='lat' dir='ltr'><strong>hic</strong></span> <span class='ocrx_word' id='word_1_178' title='bbox 2105 3787 2344 3853; x_wconf 89' lang='lat' dir='ltr'><strong>Lunae</strong></span> <span class='ocrx_word' id='word_1_179' title='bbox 2402 3797 2558 3853; x_wconf 89' lang='lat' dir='ltr'><strong>ante</strong></span> 
     </span>
     <span class='ocr_line' id='line_1_29' title="bbox 597 3869 2559 3957; baseline 0.003 -23"><span class='ocrx_word' id='word_1_180' title='bbox 597 3871 829 3935; x_wconf 87' lang='lat' dir='ltr'><strong>horam</strong></span> <span class='ocrx_word' id='word_1_181' title='bbox 875 3870 1154 3954; x_wconf 82' lang='lat' dir='ltr'><strong>prandii.</strong></span> <span class='ocrx_word' id='word_1_182' title='bbox 1245 3869 1384 3937; x_wconf 83' lang='lat' dir='ltr'><strong>Sed</strong></span> <span class='ocrx_word' id='word_1_183' title='bbox 1425 3892 1585 3938; x_wconf 85' lang='lat' dir='ltr'><strong>cave</strong></span> <span class='ocrx_word' id='word_1_184' title='bbox 1629 3880 1696 3936; x_wconf 86' lang='lat' dir='ltr'><strong>te</strong></span> <span class='ocrx_word' id='word_1_185' title='bbox 1738 3872 1992 3957; x_wconf 85' lang='lat' dir='ltr'><strong>fatiges.</strong></span> <span class='ocrx_word' id='word_1_186' title='bbox 2061 3874 2295 3939; x_wconf 90' lang='lat' dir='ltr'><strong>Lunae</strong></span> <span class='ocrx_word' id='word_1_187' title='bbox 2336 3873 2559 3956; x_wconf 87' lang='lat' dir='ltr'><strong>potius</strong></span> 
     </span>
     <span class='ocr_line' id='line_1_30' title="bbox 595 3955 2561 4041; baseline 0.002 -20"><span class='ocrx_word' id='word_1_188' title='bbox 595 3955 662 4021; x_wconf 86' lang='lat' dir='ltr'><strong>N</strong></span> <span class='ocrx_word' id='word_1_189' title='bbox 665 3956 995 4022; x_wconf 90' lang='lat' dir='ltr'><strong>eodunum</strong></span> <span class='ocrx_word' id='word_1_190' title='bbox 1040 3958 1284 4022; x_wconf 90' lang='lat' dir='ltr'><strong>venias.</strong></span> <span class='ocrx_word' id='word_1_191' title='bbox 1375 3955 1557 4023; x_wconf 82' lang='lat' dir='ltr'><strong>Satis</strong></span> <span class='ocrx_word' id='word_1_192' title='bbox 1611 3967 1977 4041; x_wconf 85' lang='lat' dir='ltr'><strong>opportune</strong></span> <span class='ocrx_word' id='word_1_193' title='bbox 2032 3968 2096 4025; x_wconf 88' lang='lat' dir='ltr'><strong>te</strong></span> <span class='ocrx_word' id='word_1_194' title='bbox 2154 3959 2561 4039; x_wconf 83' lang='lat' dir='ltr'><strong>habebimus,</strong></span> 
     </span>
     <span class='ocr_line' id='line_1_31' title="bbox 599 4040 2561 4112; baseline 0.002 -4"><span class='ocrx_word' id='word_1_195' title='bbox 599 4042 659 4108; x_wconf 92' lang='lat' dir='ltr'><strong>si</strong></span> <span class='ocrx_word' id='word_1_196' title='bbox 703 4043 870 4108; x_wconf 90' lang='lat' dir='ltr'><strong>bene</strong></span> <span class='ocrx_word' id='word_1_197' title='bbox 912 4041 1200 4110; x_wconf 90' lang='lat' dir='ltr'><strong>habebis.</strong></span> <span class='ocrx_word' id='word_1_198' title='bbox 1290 4040 1530 4108; x_wconf 82' lang='lat' dir='ltr'><strong>Saluta</strong></span> <span class='ocrx_word' id='word_1_199' title='bbox 1583 4044 1822 4110; x_wconf 71' lang='lat' dir='ltr'><strong>fiatres</strong></span> <span class='ocrx_word' id='word_1_200' title='bbox 1882 4064 2128 4111; x_wconf 89' lang='lat' dir='ltr'><strong>omnes.</strong></span> <span class='ocrx_word' id='word_1_201' title='bbox 2228 4046 2561 4112; x_wconf 89' lang='lat' dir='ltr'><strong>Dominus</strong></span> 
     </span>
     <span class='ocr_line' id='line_1_32' title="bbox 599 4128 2561 4200; baseline 0.002 -7"><span class='ocrx_word' id='word_1_202' title='bbox 599 4138 669 4193; x_wconf 88' lang='lat' dir='ltr'><strong>te</strong></span> <span class='ocrx_word' id='word_1_203' title='bbox 714 4129 998 4195; x_wconf 87' lang='lat' dir='ltr'><strong>adducat</strong></span> <span class='ocrx_word' id='word_1_204' title='bbox 1037 4129 1227 4196; x_wconf 92' lang='lat' dir='ltr'><strong>nobis</strong></span> <span class='ocrx_word' id='word_1_205' title='bbox 1280 4128 1678 4196; x_wconf 90' lang='lat' dir='ltr'><strong>incolumem</strong></span> <span class='ocrx_word' id='word_1_206' title='bbox 1733 4139 1801 4195; x_wconf 88' lang='lat' dir='ltr'><strong>et</strong></span> <span class='ocrx_word' id='word_1_207' title='bbox 1855 4130 2154 4197; x_wconf 85' lang='lat' dir='ltr'><strong>hilarem.</strong></span> <span class='ocrx_word' id='word_1_208' title='bbox 2244 4132 2561 4200; x_wconf 79' lang='lat' dir='ltr'><strong>Genevae</strong></span> 
     </span>
     <span class='ocr_line' id='line_1_33' title="bbox 598 4215 1631 4300; baseline 0.005 -22"><span class='ocrx_word' id='word_1_209' title='bbox 598 4217 702 4279; x_wconf 85' lang='lat'><strong>26.</strong></span> <span class='ocrx_word' id='word_1_210' title='bbox 740 4215 974 4282; x_wconf 86' lang='lat' dir='ltr'><strong>Martii</strong></span> <span class='ocrx_word' id='word_1_211' title='bbox 1015 4236 1213 4300; x_wconf 91' lang='lat' dir='ltr'><strong>super</strong></span> <span class='ocrx_word' id='word_1_212' title='bbox 1254 4235 1542 4282; x_wconf 90' lang='lat' dir='ltr'><strong>coenam.</strong></span> <span class='ocrx_word' id='word_1_213' title='bbox 1581 4222 1631 4292; x_wconf 94' lang='lat'><strong>¹)</strong></span> 
     </span>
    </p>
   </div>
   <div class='ocr_carea' id='block_1_11' title="bbox 1524 4351 2449 4421">
    <p class='ocr_par' dir='ltr' id='par_1_11' title="bbox 1524 4351 2449 4421">
     <span class='ocr_line' id='line_1_34' title="bbox 1524 4351 2449 4421; baseline 0.003 -3"><span class='ocrx_word' id='word_1_214' title='bbox 1524 4351 1812 4419; x_wconf 92' lang='lat' dir='ltr'><strong>Ioannes</strong></span> <span class='ocrx_word' id='word_1_215' title='bbox 1855 4352 2173 4421; x_wconf 83' lang='lat' dir='ltr'><strong>Calvinus</strong></span> <span class='ocrx_word' id='word_1_216' title='bbox 2216 4362 2387 4421; x_wconf 89' lang='lat' dir='ltr'><strong>tuus.</strong></span> <span class='ocrx_word' id='word_1_217' title='bbox 2444 4365 2449 4370; x_wconf 81' lang='grc'><strong><em>’</em></strong></span> 
     </span>
    </p>
   </div>
   <div class='ocr_carea' id='block_1_12' title="bbox 603 4493 1009 4500">
    <p class='ocr_par' dir='ltr' id='par_1_12' title="bbox 603 4493 1009 4500">
     <span class='ocr_line' id='line_1_35' title="bbox 603 4493 1009 4500; baseline 0 1675"><span class='ocrx_word' id='word_1_218' title='bbox 603 4493 1009 4500; x_wconf 95' lang='lat' dir='ltr'><strong> </strong></span> 
     </span>
    </p>
   </div>
   <div class='ocr_carea' id='block_1_13' title="bbox 601 4573 2565 4852">
    <p class='ocr_par' dir='ltr' id='par_1_13' title="bbox 601 4573 2565 4852">
     <span class='ocr_line' id='line_1_36' title="bbox 779 4573 2561 4646; baseline 0.002 -20"><span class='ocrx_word' id='word_1_219' title='bbox 779 4573 871 4639; x_wconf 88' lang='grc'><strong>19)</strong></span> <span class='ocrx_word' id='word_1_220' title='bbox 909 4576 1003 4628; x_wconf 81' lang='lat' dir='ltr'><strong>Au</strong></span> <span class='ocrx_word' id='word_1_221' title='bbox 1037 4573 1167 4629; x_wconf 83' lang='lat' dir='ltr'><strong>dos.-</strong></span> <span class='ocrx_word' id='word_1_222' title='bbox 1218 4575 1432 4629; x_wconf 84' lang='lat' dir='ltr'><strong>Receue</strong></span> <span class='ocrx_word' id='word_1_223' title='bbox 1489 4576 1541 4628; x_wconf 86' lang='lat' dir='ltr'><strong>lo</strong></span> <span class='ocrx_word' id='word_1_224' title='bbox 1594 4575 1630 4628; x_wconf 81' lang='lat'><strong>2</strong></span> <span class='ocrx_word' id='word_1_225' title='bbox 1665 4576 1862 4645; x_wconf 86' lang='lat' dir='ltr'><strong>Apvril</strong></span> <span class='ocrx_word' id='word_1_226' title='bbox 1917 4574 2072 4630; x_wconf 82' lang='lat'><strong>1546.</strong></span> <span class='ocrx_word' id='word_1_227' title='bbox 2155 4577 2450 4646; x_wconf 87' lang='lat' dir='ltr'><strong>Respondu</strong></span> <span class='ocrx_word' id='word_1_228' title='bbox 2509 4576 2561 4630; x_wconf 92' lang='lat' dir='ltr'><strong>le</strong></span> 
     </span>
     <span class='ocr_line' id='line_1_37' title="bbox 605 4642 1837 4714; baseline -0.001 -17"><span class='ocrx_word' id='word_1_229' title='bbox 605 4643 700 4697; x_wconf 80' lang='lat'><strong>11⁰</strong></span> <span class='ocrx_word' id='word_1_230' title='bbox 742 4642 813 4697; x_wconf 89' lang='lat' dir='ltr'><strong>du</strong></span> <span class='ocrx_word' id='word_1_231' title='bbox 849 4660 1051 4697; x_wconf 86' lang='lat' dir='ltr'><strong>mesme</strong></span> <span class='ocrx_word' id='word_1_232' title='bbox 1086 4644 1224 4698; x_wconf 89' lang='lat' dir='ltr'><strong>mois</strong></span> <span class='ocrx_word' id='word_1_233' title='bbox 1261 4661 1361 4714; x_wconf 88' lang='lat' dir='ltr'><strong>par</strong></span> <span class='ocrx_word' id='word_1_234' title='bbox 1395 4645 1582 4698; x_wconf 89' lang='lat' dir='ltr'><strong>Pierrc</strong></span> <span class='ocrx_word' id='word_1_235' title='bbox 1617 4643 1837 4698; x_wconf 77' lang='lat' dir='ltr'><strong>Dar-ras.</strong></span> 
     </span>
     <span class='ocr_line' id='line_1_38' title="bbox 627 4711 2565 4783; baseline 0.001 -16"><span class='ocrx_word' id='word_1_236' title='bbox 627 4712 766 4767; x_wconf 81' lang='lat'><strong>¹785.</strong></span> <span class='ocrx_word' id='word_1_237' title='bbox 808 4712 865 4780; x_wconf 85' lang='lat'><strong>1)</strong></span> <span class='ocrx_word' id='word_1_238' title='bbox 915 4712 1054 4766; x_wconf 79' lang='lat' dir='ltr'><strong>Vide</strong></span> <span class='ocrx_word' id='word_1_239' title='bbox 1099 4716 1323 4769; x_wconf 79' lang='lat' dir='ltr'><strong>omniuo</strong></span> <span class='ocrx_word' id='word_1_240' title='bbox 1364 4730 1504 4783; x_wconf 74' lang='lat' dir='ltr'><strong>quae</strong></span> <span class='ocrx_word' id='word_1_241' title='bbox 1551 4714 1940 4769; x_wconf 79' lang='lat' dir='ltr'><strong>annotavimus</strong></span> <span class='ocrx_word' id='word_1_242' title='bbox 1984 4713 2064 4768; x_wconf 78' lang='lat' dir='ltr'><strong>ad</strong></span> <span class='ocrx_word' id='word_1_243' title='bbox 2105 4712 2184 4769; x_wconf 85' lang='lat' dir='ltr'><strong>N.</strong></span> <span class='ocrx_word' id='word_1_244' title='bbox 2233 4711 2348 4767; x_wconf 87' lang='grc'><strong>783.</strong></span> <span class='ocrx_word' id='word_1_245' title='bbox 2422 4712 2565 4768; x_wconf 73' lang='lat' dir='ltr'><strong>Dies</strong></span> 
     </span>
     <span class='ocr_line' id='line_1_39' title="bbox 601 4780 2564 4852; baseline 0 -17"><span class='ocrx_word' id='word_1_246' title='bbox 601 4782 808 4836; x_wconf 76' lang='lat' dir='ltr'><strong>,Lunae</strong></span> <span class='ocrx_word' id='word_1_247' title='bbox 842 4797 948 4850; x_wconf 78' lang='lat' dir='ltr'><strong>quo</strong></span> <span class='ocrx_word' id='word_1_248' title='bbox 983 4780 1317 4837; x_wconf 76' lang='lat' dir='ltr'><strong>Neodunum</strong></span> <span class='ocrx_word' id='word_1_249' title='bbox 1366 4784 1454 4837; x_wconf 82' lang='lat' dir='ltr'><strong>ille</strong></span> <span class='ocrx_word' id='word_1_250' title='bbox 1502 4783 1767 4852; x_wconf 77' lang='lat' dir='ltr'><strong>appellere</strong></span> <span class='ocrx_word' id='word_1_251' title='bbox 1813 4783 2035 4837; x_wconf 80' lang='lat' dir='ltr'><strong>debebat</strong></span> <span class='ocrx_word' id='word_1_252' title='bbox 2066 4780 2151 4836; x_wconf 83' lang='lat'><strong>29.</strong></span> <span class='ocrx_word' id='word_1_253' title='bbox 2191 4782 2395 4838; x_wconf 72' lang='lat' dir='ltr'><strong>Martii</strong></span> <span class='ocrx_word' id='word_1_254' title='bbox 2429 4789 2564 4839; x_wconf 82' lang='lat' dir='ltr'><strong>erat.</strong></span> 
     </span>
    </p>
   </div>
   <div class='ocr_carea' id='block_1_14' title="bbox 2147 440 3085 509">
    <p class='ocr_par' dir='ltr' id='par_1_14' title="bbox 2147 440 3085 509">
     <span class='ocr_line' id='line_1_40' title="bbox 2147 440 3085 509; baseline 0 -2"><span class='ocrx_word' id='word_1_255' title='bbox 2147 440 2676 509; x_wconf 79' lang='lat' dir='ltr'><strong>EPISTOLAE</strong></span> <span class='ocrx_word' id='word_1_256' title='bbox 2723 446 2758 506; x_wconf 91' lang='lat'>7</span> <span class='ocrx_word' id='word_1_257' title='bbox 2765 446 2842 508; x_wconf 82' lang='grc'><strong>84</strong></span> <span class='ocrx_word' id='word_1_258' title='bbox 2860 444 2998 507; x_wconf 87' lang='grc'><strong>-7</strong></span> <span class='ocrx_word' id='word_1_259' title='bbox 3002 445 3085 509; x_wconf 87' lang='grc'><strong>87</strong></span> 
     </span>
    </p>
   </div>
   <div class='ocr_carea' id='block_1_15' title="bbox 2609 631 2628 5413">
    <p class='ocr_par' dir='ltr' id='par_1_15' title="bbox 2609 631 2628 5413">
     <span class='ocr_line' id='line_1_41' title="bbox 2609 631 2628 5413; baseline 0 0"><span class='ocrx_word' id='word_1_260' title='bbox 2609 631 2628 5413; x_wconf 95' lang='lat' dir='ltr'><strong> </strong></span> 
     </span>
    </p>
   </div>
   <div class='ocr_carea' id='block_1_16' title="bbox 4495 442 4595 507">
    <p class='ocr_par' dir='ltr' id='par_1_16' title="bbox 4495 442 4595 507">
     <span class='ocr_line' id='line_1_42' title="bbox 4495 442 4595 507; baseline 0.02 -3"><span class='ocrx_word' id='word_1_261' title='bbox 4495 442 4595 507; x_wconf 80' lang='lat'><strong>324</strong></span> 
     </span>
    </p>
   </div>
   <div class='ocr_carea' id='block_1_17' title="bbox 3246 624 4050 849">
    <p class='ocr_par' dir='ltr' id='par_1_17' title="bbox 3246 624 4050 849">
     <span class='ocr_line' id='line_1_43' title="bbox 3577 624 3732 699; baseline 0.013 -2"><span class='ocrx_word' id='word_1_262' title='bbox 3577 624 3732 699; x_wconf 71' lang='lat'><strong>786.</strong></span> 
     </span>
     <span class='ocr_line' id='line_1_44' title="bbox 3246 777 4050 849; baseline -0.001 0"><span class='ocrx_word' id='word_1_263' title='bbox 3246 779 3610 849; x_wconf 78' lang='lat' dir='ltr'>LASOUS</span> <span class='ocrx_word' id='word_1_264' title='bbox 3650 777 4050 848; x_wconf 76' lang='lat' dir='ltr'><strong>BUOERO.</strong></span> 
     </span>
    </p>
   </div>
   <div class='ocr_carea' id='block_1_18' title="bbox 2654 952 4602 1295">
    <p class='ocr_par' dir='ltr' id='par_1_18' title="bbox 2654 952 4602 1295">
     <span class='ocr_line' id='line_1_45' title="bbox 2844 952 4601 1037; baseline 0.002 -18"><span class='ocrx_word' id='word_1_265' title='bbox 2844 953 3159 1023; x_wconf 70' lang='lat' dir='ltr'><strong>Hortatur</strong></span> <span class='ocrx_word' id='word_1_266' title='bbox 3215 974 3359 1019; x_wconf 84' lang='lat' dir='ltr'><strong>eum</strong></span> <span class='ocrx_word' id='word_1_267' title='bbox 3409 957 3483 1018; x_wconf 82' lang='lat' dir='ltr'><strong>ut</strong></span> <span class='ocrx_word' id='word_1_268' title='bbox 3531 952 3905 1036; x_wconf 75' lang='lat' dir='ltr'><strong>colloquium</strong></span> <span class='ocrx_word' id='word_1_269' title='bbox 3969 953 4228 1035; x_wconf 78' lang='lat' dir='ltr'><strong>aliquod</strong></span> <span class='ocrx_word' id='word_1_270' title='bbox 4268 960 4601 1037; x_wconf 74' lang='lat' dir='ltr'><strong>promoveat</strong></span> 
     </span>
     <span class='ocr_line' id='line_1_46' title="bbox 2667 1038 4599 1123; baseline 0 -17"><span class='ocrx_word' id='word_1_271' title='bbox 2667 1041 3201 1123; x_wconf 73' lang='lat' dir='ltr'><strong>interprinoipes</strong></span> <span class='ocrx_word' id='word_1_272' title='bbox 3261 1038 3613 1106; x_wconf 78' lang='lat' dir='ltr'><strong>Germanos</strong></span> <span class='ocrx_word' id='word_1_273' title='bbox 3678 1038 4445 1107; x_wconf 69' lang='lat' dir='ltr'><strong>etecdesiasheloetwas·</strong></span> <span class='ocrx_word' id='word_1_274' title='bbox 4497 1061 4599 1123; x_wconf 77' lang='lat' dir='ltr'><strong>quo</strong></span> 
     </span>
     <span class='ocr_line' id='line_1_47' title="bbox 2654 1125 4602 1295; baseline 0.001 -103"><span class='ocrx_word' id='word_1_275' title='bbox 2654 1126 3107 1295; x_wconf 57' lang='lat' dir='ltr'><strong>maiis</strong></span> <span class='ocrx_word' id='word_1_276' title='bbox 3163 1126 3241 1192; x_wconf 79' lang='lat' dir='ltr'><strong>de</strong></span> <span class='ocrx_word' id='word_1_277' title='bbox 3296 1145 3367 1191; x_wconf 80' lang='lat' dir='ltr'><strong>re</strong></span> <span class='ocrx_word' id='word_1_278' title='bbox 3434 1126 3932 1191; x_wconf 71' lang='lat' dir='ltr'><strong>sacramentaria</strong></span> <span class='ocrx_word' id='word_1_279' title='bbox 3984 1125 4235 1192; x_wconf 78' lang='lat' dir='ltr'><strong>tandem</strong></span> <span class='ocrx_word' id='word_1_280' title='bbox 4298 1125 4455 1208; x_wconf 69' lang='lat' dir='ltr'><strong>finis</strong></span> <span class='ocrx_word' id='word_1_281' title='bbox 4505 1128 4602 1193; x_wconf 82' lang='lat' dir='ltr'><strong>im-</strong></span> 
     </span>
    </p>
   </div>
   <div class='ocr_carea' id='block_1_19' title="bbox 2673 1380 4604 1520">
    <p class='ocr_par' dir='ltr' id='par_1_19' title="bbox 2673 1380 4604 1520">
     <span class='ocr_line' id='line_1_48' title="bbox 2673 1380 4604 1505; baseline 0.001 -68"><span class='ocrx_word' id='word_1_282' title='bbox 2673 1383 2785 1450; x_wconf 83' lang='lat' dir='ltr'><strong>(Ex</strong></span> <span class='ocrx_word' id='word_1_283' title='bbox 2821 1382 3069 1438; x_wconf 83' lang='lat' dir='ltr'><strong>Gordesii</strong></span> <span class='ocrx_word' id='word_1_284' title='bbox 3104 1381 3316 1436; x_wconf 88' lang='lat' dir='ltr'><strong>Scriuio</strong></span> <span class='ocrx_word' id='word_1_285' title='bbox 3351 1381 3661 1463; x_wconf 76' lang='lat' dir='ltr'><strong>antiquario</strong></span> <span class='ocrx_word' id='word_1_286' title='bbox 3681 1380 3780 1435; x_wconf 82' lang='grc' dir='ltr'><strong>Π.</strong></span> <span class='ocrx_word' id='word_1_287' title='bbox 3816 1380 4275 1505; x_wconf 44' lang='lat' dir='ltr'><strong>p-jilpfflffim</strong></span> <span class='ocrx_word' id='word_1_288' title='bbox 4314 1400 4504 1438; x_wconf 84' lang='lat' dir='ltr'><strong>recusa</strong></span> <span class='ocrx_word' id='word_1_289' title='bbox 4531 1402 4604 1456; x_wconf 74' lang='lat' dir='ltr'><strong>ap.</strong></span> 
     </span>
     <span class='ocr_line' id='line_1_49' title="bbox 3114 1450 4187 1520; baseline -0.002 -15"><span class='ocrx_word' id='word_1_290' title='bbox 3114 1451 3435 1520; x_wconf 84' lang='lat' dir='ltr'><strong>Kuyperum</strong></span> <span class='ocrx_word' id='word_1_291' title='bbox 3468 1467 3528 1503; x_wconf 84' lang='lat' dir='ltr'><strong>m</strong></span> <span class='ocrx_word' id='word_1_292' title='bbox 3564 1450 3703 1519; x_wconf 90' lang='lat' dir='ltr'><strong>Opp.</strong></span> <span class='ocrx_word' id='word_1_293' title='bbox 3740 1451 3898 1505; x_wconf 73' lang='lat' dir='ltr'><strong>Lusci</strong></span> <span class='ocrx_word' id='word_1_294' title='bbox 3991 1489 4005 1503; x_wconf 88' lang='lat'><strong>.</strong></span> <span class='ocrx_word' id='word_1_295' title='bbox 4164 1455 4187 1519; x_wconf 87' lang='lat'><strong>)</strong></span> 
     </span>
    </p>
   </div>
   <div class='ocr_carea' id='block_1_20' title="bbox 2664 1604 4611 2203">
    <p class='ocr_par' dir='ltr' id='par_1_20' title="bbox 2664 1604 4611 2203">
     <span class='ocr_line' id='line_1_50' title="bbox 2840 1604 4608 1690; baseline -0.001 -17"><span class='ocrx_word' id='word_1_296' title='bbox 2840 1606 3004 1673; x_wconf 88' lang='lat' dir='ltr'><strong>Post</strong></span> <span class='ocrx_word' id='word_1_297' title='bbox 3044 1606 3320 1690; x_wconf 88' lang='lat' dir='ltr'><strong>scriptas</strong></span> <span class='ocrx_word' id='word_1_298' title='bbox 3362 1604 3589 1671; x_wconf 84' lang='lat' dir='ltr'><strong>literas</strong></span> <span class='ocrx_word' id='word_1_299' title='bbox 3623 1606 3808 1671; x_wconf 90' lang='lat' dir='ltr'><strong>venit</strong></span> <span class='ocrx_word' id='word_1_300' title='bbox 3845 1604 4012 1670; x_wconf 91' lang='lat' dir='ltr'><strong>mihi</strong></span> <span class='ocrx_word' id='word_1_301' title='bbox 4051 1606 4124 1670; x_wconf 90' lang='lat' dir='ltr'><strong>in</strong></span> <span class='ocrx_word' id='word_1_302' title='bbox 4165 1616 4474 1686; x_wconf 88' lang='lat' dir='ltr'><strong>mentem,</strong></span> <span class='ocrx_word' id='word_1_303' title='bbox 4516 1608 4608 1672; x_wconf 87' lang='lat' dir='ltr'><strong>vir</strong></span> 
     </span>
     <span class='ocr_line' id='line_1_51' title="bbox 2670 1689 4606 1776; baseline 0.001 -18"><span class='ocrx_word' id='word_1_304' title='bbox 2670 1691 3065 1771; x_wconf 75' lang='lat' dir='ltr'><strong>doctissime,</strong></span> <span class='ocrx_word' id='word_1_305' title='bbox 3114 1703 3191 1756; x_wconf 92' lang='lat' dir='ltr'><strong>ut</strong></span> <span class='ocrx_word' id='word_1_306' title='bbox 3228 1702 3295 1756; x_wconf 91' lang='lat' dir='ltr'><strong>te</strong></span> <span class='ocrx_word' id='word_1_307' title='bbox 3338 1689 3762 1757; x_wconf 84' lang='lat' dir='ltr'><strong>admonerem</strong></span> <span class='ocrx_word' id='word_1_308' title='bbox 3820 1689 3900 1756; x_wconf 85' lang='lat' dir='ltr'><strong>de</strong></span> <span class='ocrx_word' id='word_1_309' title='bbox 3953 1691 4358 1758; x_wconf 89' lang='lat' dir='ltr'><strong>instituendo</strong></span> <span class='ocrx_word' id='word_1_310' title='bbox 4402 1692 4606 1776; x_wconf 86' lang='lat' dir='ltr'><strong>aliquo</strong></span> 
     </span>
     <span class='ocr_line' id='line_1_52' title="bbox 2669 1773 4607 1862; baseline 0 -17"><span class='ocrx_word' id='word_1_311' title='bbox 2669 1778 3002 1862; x_wconf 90' lang='lat' dir='ltr'><strong>colloqui0,</strong></span> <span class='ocrx_word' id='word_1_312' title='bbox 3047 1778 3104 1844; x_wconf 91' lang='lat' dir='ltr'><strong>si</strong></span> <span class='ocrx_word' id='word_1_313' title='bbox 3147 1798 3275 1860; x_wconf 92' lang='lat' dir='ltr'><strong>quo</strong></span> <span class='ocrx_word' id='word_1_314' title='bbox 3315 1773 3511 1842; x_wconf 91' lang='lat' dir='ltr'><strong>modo</strong></span> <span class='ocrx_word' id='word_1_315' title='bbox 3552 1778 3687 1842; x_wconf 85' lang='lat' dir='ltr'><strong>iam</strong></span> <span class='ocrx_word' id='word_1_316' title='bbox 3730 1777 3878 1842; x_wconf 92' lang='lat' dir='ltr'><strong>fieri</strong></span> <span class='ocrx_word' id='word_1_317' title='bbox 3917 1787 4158 1859; x_wconf 88' lang='lat' dir='ltr'><strong>posset,</strong></span> <span class='ocrx_word' id='word_1_318' title='bbox 4203 1788 4277 1843; x_wconf 93' lang='lat' dir='ltr'><strong>ut</strong></span> <span class='ocrx_word' id='word_1_319' title='bbox 4320 1778 4485 1844; x_wconf 89' lang='lat' dir='ltr'><strong>haec</strong></span> <span class='ocrx_word' id='word_1_320' title='bbox 4515 1801 4607 1845; x_wconf 89' lang='lat' dir='ltr'><strong>sa-</strong></span> 
     </span>
     <span class='ocr_line' id='line_1_53' title="bbox 2665 1862 4607 1948; baseline -0.001 -17"><span class='ocrx_word' id='word_1_321' title='bbox 2665 1863 3103 1932; x_wconf 85' lang='lat' dir='ltr'><strong>cramentaria</strong></span> <span class='ocrx_word' id='word_1_322' title='bbox 3155 1863 3599 1929; x_wconf 89' lang='lat' dir='ltr'><strong>controversia</strong></span> <span class='ocrx_word' id='word_1_323' title='bbox 3653 1862 3920 1929; x_wconf 88' lang='lat' dir='ltr'><strong>tandem</strong></span> <span class='ocrx_word' id='word_1_324' title='bbox 3963 1863 4093 1946; x_wconf 90' lang='lat' dir='ltr'><strong>aliq</strong></span> <span class='ocrx_word' id='word_1_325' title='bbox 4102 1863 4316 1929; x_wconf 90' lang='lat' dir='ltr'><strong>uando</strong></span> <span class='ocrx_word' id='word_1_326' title='bbox 4358 1885 4607 1948; x_wconf 86' lang='lat' dir='ltr'><strong>compo·</strong></span> 
     </span>
     <span class='ocr_line' id='line_1_54' title="bbox 2666 1948 4610 2032; baseline 0.001 -17"><span class='ocrx_word' id='word_1_327' title='bbox 2666 1958 2955 2016; x_wconf 87' lang='lat' dir='ltr'><strong>neretur.</strong></span> <span class='ocrx_word' id='word_1_328' title='bbox 3044 1949 3424 2032; x_wconf 87' lang='lat' dir='ltr'><strong>Principem</strong></span> <span class='ocrx_word' id='word_1_329' title='bbox 3460 1957 3759 2015; x_wconf 89' lang='lat' dir='ltr'><strong>nostrum</strong></span> <span class='ocrx_word' id='word_1_330' title='bbox 3795 1948 4256 2015; x_wconf 83' lang='lat' dir='ltr'><strong>Coloniensem</strong></span> <span class='ocrx_word' id='word_1_331' title='bbox 4300 1948 4384 2016; x_wconf 88' lang='lat' dir='ltr'><strong>ab</strong></span> <span class='ocrx_word' id='word_1_332' title='bbox 4426 1972 4507 2016; x_wconf 91' lang='lat' dir='ltr'><strong>ea</strong></span> <span class='ocrx_word' id='word_1_333' title='bbox 4545 1972 4610 2017; x_wconf 89' lang='lat' dir='ltr'><strong>re</strong></span> 
     </span>
     <span class='ocr_line' id='line_1_55' title="bbox 2664 2034 4609 2118; baseline -0.001 -15"><span class='ocrx_word' id='word_1_334' title='bbox 2664 2035 2860 2103; x_wconf 91' lang='lat' dir='ltr'><strong>video</strong></span> <span class='ocrx_word' id='word_1_335' title='bbox 2900 2057 3034 2100; x_wconf 94' lang='lat' dir='ltr'><strong>non</strong></span> <span class='ocrx_word' id='word_1_336' title='bbox 3075 2034 3444 2112; x_wconf 90' lang='lat' dir='ltr'><strong>abhorrere,</strong></span> <span class='ocrx_word' id='word_1_337' title='bbox 3490 2044 3560 2099; x_wconf 91' lang='lat' dir='ltr'><strong>et</strong></span> <span class='ocrx_word' id='word_1_338' title='bbox 3579 2034 4032 2118; x_wconf 79' lang='lat' dir='ltr'><strong>Lantgravius</strong></span> <span class='ocrx_word' id='word_1_339' title='bbox 4074 2035 4264 2101; x_wconf 85' lang='lat' dir='ltr'><strong>facile</strong></span> <span class='ocrx_word' id='word_1_340' title='bbox 4305 2037 4478 2102; x_wconf 89' lang='lat' dir='ltr'><strong>forte</strong></span> <span class='ocrx_word' id='word_1_341' title='bbox 4518 2038 4609 2101; x_wconf 92' lang='lat' dir='ltr'><strong>in-</strong></span> 
     </span>
     <span class='ocr_line' id='line_1_56' title="bbox 2666 2119 4611 2203; baseline 0.002 -18"><span class='ocrx_word' id='word_1_342' title='bbox 2666 2121 2814 2188; x_wconf 91' lang='lat' dir='ltr'><strong>duci</strong></span> <span class='ocrx_word' id='word_1_343' title='bbox 2860 2120 2943 2187; x_wconf 91' lang='lat' dir='ltr'><strong>ad</strong></span> <span class='ocrx_word' id='word_1_344' title='bbox 2986 2121 3054 2186; x_wconf 89' lang='lat' dir='ltr'><strong>id</strong></span> <span class='ocrx_word' id='word_1_345' title='bbox 3143 2130 3347 2199; x_wconf 90' lang='lat' dir='ltr'><strong>osset,</strong></span> <span class='ocrx_word' id='word_1_346' title='bbox 3405 2140 3617 2203; x_wconf 92' lang='lat' dir='ltr'><strong>neque</strong></span> <span class='ocrx_word' id='word_1_347' title='bbox 3659 2119 3831 2186; x_wconf 87' lang='lat' dir='ltr'><strong>forte</strong></span> <span class='ocrx_word' id='word_1_348' title='bbox 3891 2121 4210 2187; x_wconf 88' lang='lat' dir='ltr'><strong>abnueret</strong></span> <span class='ocrx_word' id='word_1_349' title='bbox 4266 2132 4335 2186; x_wconf 88' lang='lat' dir='ltr'><strong>et</strong></span> <span class='ocrx_word' id='word_1_350' title='bbox 4381 2120 4611 2188; x_wconf 80' lang='lat' dir='ltr'><strong>Comes</strong></span> 
     </span>
    </p>
   </div>
   <div class='ocr_carea' id='block_1_21' title="bbox 2545 2142 4610 2289">
    <p class='ocr_par' dir='ltr' id='par_1_21' title="bbox 2545 2142 4610 2289">
     <span class='ocr_line' id='line_1_57' title="bbox 2545 2142 4610 2289; baseline -0.002 -12"><span class='ocrx_word' id='word_1_351' title='bbox 2545 2261 2560 2277; x_wconf 92' lang='lat'><strong>.</strong></span> <span class='ocrx_word' id='word_1_352' title='bbox 2664 2207 3012 2274; x_wconf 83' lang='lat' dir='ltr'><strong>Palatinus</strong></span> <span class='ocrx_word' id='word_1_353' title='bbox 3053 2142 3336 2284; x_wconf 53' lang='lat' dir='ltr'><strong>chctor,</strong></span> <span class='ocrx_word' id='word_1_354' title='bbox 3395 2207 3452 2272; x_wconf 91' lang='lat' dir='ltr'><strong>si</strong></span> <span class='ocrx_word' id='word_1_355' title='bbox 3494 2204 3687 2271; x_wconf 91' lang='lat' dir='ltr'><strong>modo</strong></span> <span class='ocrx_word' id='word_1_356' title='bbox 3726 2206 3811 2270; x_wconf 90' lang='lat' dir='ltr'><strong>ad</strong></span> <span class='ocrx_word' id='word_1_357' title='bbox 3853 2204 3919 2271; x_wconf 92' lang='lat' dir='ltr'><strong>id</strong></span> <span class='ocrx_word' id='word_1_358' title='bbox 3963 2228 4082 2289; x_wconf 92' lang='lat' dir='ltr'><strong>per</strong></span> <span class='ocrx_word' id='word_1_359' title='bbox 4126 2218 4190 2272; x_wconf 83' lang='lat' dir='ltr'><strong>te</strong></span> <span class='ocrx_word' id='word_1_360' title='bbox 4234 2214 4352 2272; x_wconf 87' lang='lat' dir='ltr'><strong>aut</strong></span> <span class='ocrx_word' id='word_1_361' title='bbox 4395 2209 4495 2272; x_wconf 92' lang='lat' dir='ltr'><strong>tui</strong></span> <span class='ocrx_word' id='word_1_362' title='bbox 4531 2209 4610 2273; x_wconf 87' lang='lat' dir='ltr'><strong>si-</strong></span> 
     </span>
    </p>
   </div>
   <div class='ocr_carea' id='block_1_22' title="bbox 2659 2291 4622 4680">
    <p class='ocr_par' dir='ltr' id='par_1_22' title="bbox 2659 2291 4620 3580">
     <span class='ocr_line' id='line_1_58' title="bbox 2664 2291 4610 2376; baseline -0.001 -17"><span class='ocrx_word' id='word_1_363' title='bbox 2664 2294 2855 2360; x_wconf 89' lang='lat' dir='ltr'><strong>miles</strong></span> <span class='ocrx_word' id='word_1_364' title='bbox 2917 2293 3379 2358; x_wconf 82' lang='lat' dir='ltr'><strong>excitarentur.</strong></span> <span class='ocrx_word' id='word_1_365' title='bbox 3481 2291 3615 2358; x_wconf 92' lang='lat' dir='ltr'><strong>Per</strong></span> <span class='ocrx_word' id='word_1_366' title='bbox 3674 2303 3769 2371; x_wconf 87' lang='lat' dir='ltr'><strong>te,</strong></span> <span class='ocrx_word' id='word_1_367' title='bbox 3824 2293 4126 2376; x_wconf 89' lang='lat' dir='ltr'><strong>inquam,</strong></span> <span class='ocrx_word' id='word_1_368' title='bbox 4189 2292 4285 2357; x_wconf 92' lang='lat' dir='ltr'><strong>mi</strong></span> <span class='ocrx_word' id='word_1_369' title='bbox 4341 2293 4610 2371; x_wconf 87' lang='lat' dir='ltr'><strong>Bucere,</strong></span> 
     </span>
     <span class='ocr_line' id='line_1_59' title="bbox 2664 2376 4614 2463; baseline 0 -18"><span class='ocrx_word' id='word_1_370' title='bbox 2664 2378 3187 2463; x_wconf 88' lang='lat' dir='ltr'><strong>quandoquidem</strong></span> <span class='ocrx_word' id='word_1_371' title='bbox 3254 2387 3328 2443; x_wconf 90' lang='lat' dir='ltr'><strong>tu</strong></span> <span class='ocrx_word' id='word_1_372' title='bbox 3381 2377 3452 2442; x_wconf 91' lang='lat' dir='ltr'><strong>in</strong></span> <span class='ocrx_word' id='word_1_373' title='bbox 3511 2376 3917 2445; x_wconf 86' lang='lat' dir='ltr'><strong>concilianda</strong></span> <span class='ocrx_word' id='word_1_374' title='bbox 3980 2377 4104 2443; x_wconf 89' lang='lat' dir='ltr'><strong>hac</strong></span> <span class='ocrx_word' id='word_1_375' title='bbox 4172 2380 4614 2445; x_wconf 88' lang='lat' dir='ltr'><strong>controversia</strong></span> 
     </span>
     <span class='ocr_line' id='line_1_60' title="bbox 2662 2462 4609 2549; baseline 0 -19"><span class='ocrx_word' id='word_1_376' title='bbox 2662 2466 3019 2548; x_wconf 91' lang='lat' dir='ltr'><strong>plurimum</strong></span> <span class='ocrx_word' id='word_1_377' title='bbox 3061 2463 3302 2530; x_wconf 91' lang='lat' dir='ltr'><strong>laboris</strong></span> <span class='ocrx_word' id='word_1_378' title='bbox 3343 2462 3661 2531; x_wconf 88' lang='lat' dir='ltr'><strong>hactenus</strong></span> <span class='ocrx_word' id='word_1_379' title='bbox 3715 2464 4181 2549; x_wconf 86' lang='lat' dir='ltr'><strong>insumpsisti.·</strong></span> <span class='ocrx_word' id='word_1_380' title='bbox 4231 2465 4384 2530; x_wconf 92' lang='lat' dir='ltr'><strong>Non</strong></span> <span class='ocrx_word' id='word_1_381' title='bbox 4427 2464 4609 2532; x_wconf 91' lang='lat' dir='ltr'><strong>dubi·</strong></span> 
     </span>
     <span class='ocr_line' id='line_1_61' title="bbox 2662 2547 4610 2634; baseline 0.001 -18"><span class='ocrx_word' id='word_1_382' title='bbox 2662 2560 2873 2616; x_wconf 82' lang='lat' dir='ltr'><strong>tarem</strong></span> <span class='ocrx_word' id='word_1_383' title='bbox 2917 2551 3206 2634; x_wconf 89' lang='lat' dir='ltr'><strong>profecto</strong></span> <span class='ocrx_word' id='word_1_384' title='bbox 3249 2571 3391 2615; x_wconf 90' lang='lat' dir='ltr'><strong>rem</strong></span> <span class='ocrx_word' id='word_1_385' title='bbox 3435 2547 3599 2614; x_wconf 90' lang='lat' dir='ltr'><strong>bene</strong></span> <span class='ocrx_word' id='word_1_386' title='bbox 3652 2570 3982 2616; x_wconf 89' lang='lat' dir='ltr'><strong>cessuram</strong></span> <span class='ocrx_word' id='word_1_387' title='bbox 4035 2571 4179 2615; x_wconf 91' lang='lat' dir='ltr'><strong>esse</strong></span> <span class='ocrx_word' id='word_1_388' title='bbox 4221 2550 4279 2615; x_wconf 91' lang='lat' dir='ltr'><strong>si</strong></span> <span class='ocrx_word' id='word_1_389' title='bbox 4322 2558 4610 2617; x_wconf 85' lang='lat' dir='ltr'><strong>tentare-</strong></span> 
     </span>
     <span class='ocr_line' id='line_1_62' title="bbox 2663 2633 4611 2720; baseline 0.001 -18"><span class='ocrx_word' id='word_1_390' title='bbox 2663 2644 2788 2702; x_wconf 83' lang='lat' dir='ltr'><strong>tur.</strong></span> <span class='ocrx_word' id='word_1_391' title='bbox 2877 2637 2970 2701; x_wconf 88' lang='lat' dir='ltr'><strong>Et</strong></span> <span class='ocrx_word' id='word_1_392' title='bbox 3010 2633 3165 2719; x_wconf 91' lang='lat' dir='ltr'><strong>quid</strong></span> <span class='ocrx_word' id='word_1_393' title='bbox 3202 2635 3491 2719; x_wconf 87' lang='lat' dir='ltr'><strong>optatius</strong></span> <span class='ocrx_word' id='word_1_394' title='bbox 3527 2646 3746 2719; x_wconf 89' lang='lat' dir='ltr'><strong>posset</strong></span> <span class='ocrx_word' id='word_1_395' title='bbox 3788 2636 4081 2702; x_wconf 88' lang='lat' dir='ltr'><strong>accidere</strong></span> <span class='ocrx_word' id='word_1_396' title='bbox 4123 2656 4321 2720; x_wconf 90' lang='lat' dir='ltr'><strong>quam</strong></span> <span class='ocrx_word' id='word_1_397' title='bbox 4363 2636 4420 2702; x_wconf 91' lang='lat' dir='ltr'><strong>si</strong></span> <span class='ocrx_word' id='word_1_398' title='bbox 4455 2636 4611 2719; x_wconf 86' lang='lat' dir='ltr'><strong>haec</strong></span> 
     </span>
     <span class='ocr_line' id='line_1_63' title="bbox 2662 2721 4613 2808; baseline 0 -20"><span class='ocrx_word' id='word_1_399' title='bbox 2662 2723 3110 2788; x_wconf 88' lang='lat' dir='ltr'><strong>controversia</strong></span> <span class='ocrx_word' id='word_1_400' title='bbox 3197 2721 3741 2804; x_wconf 81' lang='lat' dir='ltr'><strong>componeretur?</strong></span> <span class='ocrx_word' id='word_1_401' title='bbox 3876 2721 4075 2789; x_wconf 82' lang='lat' dir='ltr'><strong>Certe</strong></span> <span class='ocrx_word' id='word_1_402' title='bbox 4153 2723 4297 2788; x_wconf 91' lang='lat' dir='ltr'><strong>sine</strong></span> <span class='ocrx_word' id='word_1_403' title='bbox 4373 2743 4613 2808; x_wconf 84' lang='lat' dir='ltr'><strong>magno</strong></span> 
     </span>
     <span class='ocr_line' id='line_1_64' title="bbox 2659 2807 4613 2891; baseline 0 -17"><span class='ocrx_word' id='word_1_404' title='bbox 2659 2810 2878 2875; x_wconf 88' lang='lat' dir='ltr'><strong>fructu</strong></span> <span class='ocrx_word' id='word_1_405' title='bbox 2921 2807 3313 2891; x_wconf 90' lang='lat' dir='ltr'><strong>colloquium</strong></span> <span class='ocrx_word' id='word_1_406' title='bbox 3356 2807 3487 2873; x_wconf 90' lang='lat' dir='ltr'><strong>tale</strong></span> <span class='ocrx_word' id='word_1_407' title='bbox 3528 2808 3786 2874; x_wconf 90' lang='lat' dir='ltr'><strong>institui</strong></span> <span class='ocrx_word' id='word_1_408' title='bbox 3829 2829 3964 2873; x_wconf 92' lang='lat' dir='ltr'><strong>non</strong></span> <span class='ocrx_word' id='word_1_409' title='bbox 4006 2816 4244 2891; x_wconf 91' lang='lat' dir='ltr'><strong>posset.</strong></span> <span class='ocrx_word' id='word_1_410' title='bbox 4334 2807 4473 2875; x_wconf 84' lang='lat' dir='ltr'><strong>Sed</strong></span> <span class='ocrx_word' id='word_1_411' title='bbox 4517 2829 4613 2874; x_wconf 88' lang='lat' dir='ltr'><strong>es-</strong></span> 
     </span>
     <span class='ocr_line' id='line_1_65' title="bbox 2659 2892 4611 2977; baseline -0.001 -17"><span class='ocrx_word' id='word_1_412' title='bbox 2659 2903 2809 2960; x_wconf 90' lang='lat' dir='ltr'><strong>sent</strong></span> <span class='ocrx_word' id='word_1_413' title='bbox 2840 2914 2917 2960; x_wconf 95' lang='lat' dir='ltr'><strong>eo</strong></span> <span class='ocrx_word' id='word_1_414' title='bbox 2952 2914 3206 2977; x_wconf 91' lang='lat' dir='ltr'><strong>quoque</strong></span> <span class='ocrx_word' id='word_1_415' title='bbox 3241 2892 3571 2959; x_wconf 83' lang='lat' dir='ltr'><strong>vocandae</strong></span> <span class='ocrx_word' id='word_1_416' title='bbox 3613 2914 3842 2958; x_wconf 90' lang='lat' dir='ltr'><strong>omnes</strong></span> <span class='ocrx_word' id='word_1_417' title='bbox 3865 2894 4248 2960; x_wconf 84' lang='lat' dir='ltr'><strong>Helveticae</strong></span> <span class='ocrx_word' id='word_1_418' title='bbox 4287 2894 4611 2970; x_wconf 86' lang='lat' dir='ltr'><strong>ecclesiae,</strong></span> 
     </span>
     <span class='ocr_line' id='line_1_66' title="bbox 2660 2978 4614 3065; baseline 0 -20"><span class='ocrx_word' id='word_1_419' title='bbox 2660 3001 2922 3064; x_wconf 89' lang='lat' dir='ltr'><strong>unaque</strong></span> <span class='ocrx_word' id='word_1_420' title='bbox 2964 2989 3033 3045; x_wconf 92' lang='lat' dir='ltr'><strong>et</strong></span> <span class='ocrx_word' id='word_1_421' title='bbox 3077 2978 3390 3057; x_wconf 82' lang='lat' dir='ltr'><strong>Gallicae,</strong></span> <span class='ocrx_word' id='word_1_422' title='bbox 3437 2979 3563 3044; x_wconf 88' lang='lat' dir='ltr'><strong>hoc</strong></span> <span class='ocrx_word' id='word_1_423' title='bbox 3605 2990 3705 3047; x_wconf 88' lang='lat' dir='ltr'><strong>est</strong></span> <span class='ocrx_word' id='word_1_424' title='bbox 3746 2980 4224 3065; x_wconf 79' lang='lat' dir='ltr'><strong>Allobrogicae,</strong></span> <span class='ocrx_word' id='word_1_425' title='bbox 4270 3002 4435 3064; x_wconf 89' lang='lat' dir='ltr'><strong>quas</strong></span> <span class='ocrx_word' id='word_1_426' title='bbox 4466 2980 4614 3047; x_wconf 86' lang='lat' dir='ltr'><strong>Cal-</strong></span> 
     </span>
     <span class='ocr_line' id='line_1_67' title="bbox 2660 3064 4616 3152; baseline -0.003 -16"><span class='ocrx_word' id='word_1_427' title='bbox 2660 3067 2858 3136; x_wconf 87' lang='lat' dir='ltr'><strong>vinus</strong></span> <span class='ocrx_word' id='word_1_428' title='bbox 2899 3065 3205 3132; x_wconf 89' lang='lat' dir='ltr'><strong>instituit.</strong></span> <span class='ocrx_word' id='word_1_429' title='bbox 3294 3064 3375 3133; x_wconf 83' lang='lat' dir='ltr'><strong>Si</strong></span> <span class='ocrx_word' id='word_1_430' title='bbox 3417 3065 3652 3133; x_wconf 89' lang='lat' dir='ltr'><strong>scirem</strong></span> <span class='ocrx_word' id='word_1_431' title='bbox 3707 3074 3894 3133; x_wconf 91' lang='lat' dir='ltr'><strong>tuum</strong></span> <span class='ocrx_word' id='word_1_432' title='bbox 3948 3067 4022 3132; x_wconf 88' lang='lat' dir='ltr'><strong>in</strong></span> <span class='ocrx_word' id='word_1_433' title='bbox 4077 3066 4201 3134; x_wconf 89' lang='lat' dir='ltr'><strong>hac</strong></span> <span class='ocrx_word' id='word_1_434' title='bbox 4242 3077 4431 3152; x_wconf 88' lang='lat' dir='ltr'><strong>parte</strong></span> <span class='ocrx_word' id='word_1_435' title='bbox 4478 3066 4616 3133; x_wconf 89' lang='lat' dir='ltr'><strong>ani-</strong></span> 
     </span>
     <span class='ocr_line' id='line_1_68' title="bbox 2661 3152 4620 3237; baseline -0.001 -18"><span class='ocrx_word' id='word_1_436' title='bbox 2661 3175 2864 3232; x_wconf 91' lang='lat' dir='ltr'><strong>mum,</strong></span> <span class='ocrx_word' id='word_1_437' title='bbox 2909 3173 3122 3220; x_wconf 90' lang='lat' dir='ltr'><strong>essem</strong></span> <span class='ocrx_word' id='word_1_438' title='bbox 3164 3152 3286 3218; x_wconf 88' lang='lat' dir='ltr'><strong>tibi</strong></span> <span class='ocrx_word' id='word_1_439' title='bbox 3329 3174 3407 3217; x_wconf 91' lang='lat' dir='ltr'><strong>ea</strong></span> <span class='ocrx_word' id='word_1_440' title='bbox 3449 3153 3520 3216; x_wconf 89' lang='lat' dir='ltr'><strong>in</strong></span> <span class='ocrx_word' id='word_1_441' title='bbox 3564 3173 3638 3217; x_wconf 85' lang='lat' dir='ltr'><strong>re</strong></span> <span class='ocrx_word' id='word_1_442' title='bbox 3682 3152 3969 3232; x_wconf 87' lang='lat' dir='ltr'><strong>adiutor,</strong></span> <span class='ocrx_word' id='word_1_443' title='bbox 4023 3152 4513 3237; x_wconf 90' lang='lat' dir='ltr'><strong>scriberemque</strong></span> <span class='ocrx_word' id='word_1_444' title='bbox 4554 3160 4620 3218; x_wconf 89' lang='lat' dir='ltr'><strong>et</strong></span> 
     </span>
     <span class='ocr_line' id='line_1_69' title="bbox 2661 3237 4619 3322; baseline 0.001 -18"><span class='ocrx_word' id='word_1_445' title='bbox 2661 3241 2801 3322; x_wconf 88' lang='lat' dir='ltr'><strong>ipse</strong></span> <span class='ocrx_word' id='word_1_446' title='bbox 2856 3260 3057 3322; x_wconf 84' lang='lat' dir='ltr'><strong>quum</strong></span> <span class='ocrx_word' id='word_1_447' title='bbox 3119 3237 3202 3303; x_wconf 88' lang='lat' dir='ltr'><strong>ad</strong></span> <span class='ocrx_word' id='word_1_448' title='bbox 3261 3248 3562 3304; x_wconf 89' lang='lat' dir='ltr'><strong>nostrum</strong></span> <span class='ocrx_word' id='word_1_449' title='bbox 3607 3237 4068 3306; x_wconf 83' lang='lat' dir='ltr'><strong>Coloniensem</strong></span> <span class='ocrx_word' id='word_1_450' title='bbox 4085 3287 4101 3317; x_wconf 87' lang='lat'><strong>,</strong></span> <span class='ocrx_word' id='word_1_451' title='bbox 4157 3253 4301 3304; x_wconf 87' lang='lat' dir='ltr'><strong>tum</strong></span> <span class='ocrx_word' id='word_1_452' title='bbox 4359 3239 4444 3305; x_wconf 90' lang='lat' dir='ltr'><strong>ad</strong></span> <span class='ocrx_word' id='word_1_453' title='bbox 4488 3240 4619 3305; x_wconf 88' lang='lat' dir='ltr'><strong>Pa-</strong></span> 
     </span>
     <span class='ocr_line' id='line_1_70' title="bbox 2659 3323 4616 3408; baseline 0 -19"><span class='ocrx_word' id='word_1_454' title='bbox 2659 3325 2938 3391; x_wconf 89' lang='lat' dir='ltr'><strong>latinum</strong></span> <span class='ocrx_word' id='word_1_455' title='bbox 2986 3335 3053 3390; x_wconf 88' lang='lat' dir='ltr'><strong>et</strong></span> <span class='ocrx_word' id='word_1_456' title='bbox 3096 3324 3610 3408; x_wconf 82' lang='lat' dir='ltr'><strong>Lantgravium,</strong></span> <span class='ocrx_word' id='word_1_457' title='bbox 3671 3334 3975 3408; x_wconf 90' lang='lat' dir='ltr'><strong>certoque</strong></span> <span class='ocrx_word' id='word_1_458' title='bbox 4031 3323 4199 3389; x_wconf 83' lang='lat' dir='ltr'><strong>mihi</strong></span> <span class='ocrx_word' id='word_1_459' title='bbox 4254 3323 4616 3407; x_wconf 87' lang='lat' dir='ltr'><strong>persuadeo</strong></span> 
     </span>
     <span class='ocr_line' id='line_1_71' title="bbox 2660 3409 4619 3491; baseline 0.001 -15"><span class='ocrx_word' id='word_1_460' title='bbox 2660 3432 2798 3477; x_wconf 93' lang='lat' dir='ltr'><strong>non</strong></span> <span class='ocrx_word' id='word_1_461' title='bbox 2843 3431 3047 3477; x_wconf 88' lang='lat' dir='ltr'><strong>vanos</strong></span> <span class='ocrx_word' id='word_1_462' title='bbox 3089 3411 3227 3476; x_wconf 89' lang='lat' dir='ltr'><strong>fore</strong></span> <span class='ocrx_word' id='word_1_463' title='bbox 3269 3419 3543 3477; x_wconf 86' lang='lat' dir='ltr'><strong>conatus</strong></span> <span class='ocrx_word' id='word_1_464' title='bbox 3586 3417 3844 3476; x_wconf 90' lang='lat' dir='ltr'><strong>nostros</strong></span> <span class='ocrx_word' id='word_1_465' title='bbox 3889 3411 4014 3491; x_wconf 89' lang='lat' dir='ltr'><strong>hic,</strong></span> <span class='ocrx_word' id='word_1_466' title='bbox 4060 3411 4119 3477; x_wconf 91' lang='lat' dir='ltr'><strong>si</strong></span> <span class='ocrx_word' id='word_1_467' title='bbox 4157 3409 4225 3474; x_wconf 92' lang='lat' dir='ltr'><strong>id</strong></span> <span class='ocrx_word' id='word_1_468' title='bbox 4261 3432 4398 3476; x_wconf 83' lang='lat' dir='ltr'><strong>una</strong></span> <span class='ocrx_word' id='word_1_469' title='bbox 4441 3421 4619 3478; x_wconf 86' lang='lat' dir='ltr'><strong>uter-</strong></span> 
     </span>
     <span class='ocr_line' id='line_1_72' title="bbox 2660 3495 4187 3580; baseline 0 -17"><span class='ocrx_word' id='word_1_470' title='bbox 2660 3520 2786 3580; x_wconf 93' lang='lat' dir='ltr'><strong>que</strong></span> <span class='ocrx_word' id='word_1_471' title='bbox 2829 3495 3003 3579; x_wconf 89' lang='lat' dir='ltr'><strong>apud</strong></span> <span class='ocrx_word' id='word_1_472' title='bbox 3045 3496 3206 3563; x_wconf 87' lang='lat' dir='ltr'><strong>istos</strong></span> <span class='ocrx_word' id='word_1_473' title='bbox 3249 3497 3579 3580; x_wconf 87' lang='lat' dir='ltr'><strong>principes</strong></span> <span class='ocrx_word' id='word_1_474' title='bbox 3622 3496 4187 3563; x_wconf 89' lang='lat' dir='ltr'><strong>contenderemus.</strong></span> 
     </span>
    </p>

    <p class='ocr_par' dir='ltr' id='par_1_23' title="bbox 2660 3582 4622 4680">
     <span class='ocr_line' id='line_1_73' title="bbox 2833 3582 4619 3667; baseline 0 -19"><span class='ocrx_word' id='word_1_475' title='bbox 2833 3582 3033 3649; x_wconf 82' lang='lat' dir='ltr'><strong>Suasi</strong></span> <span class='ocrx_word' id='word_1_476' title='bbox 3075 3604 3194 3665; x_wconf 91' lang='lat' dir='ltr'><strong>per</strong></span> <span class='ocrx_word' id='word_1_477' title='bbox 3233 3582 3461 3648; x_wconf 86' lang='lat' dir='ltr'><strong>literas</strong></span> <span class='ocrx_word' id='word_1_478' title='bbox 3483 3582 3957 3666; x_wconf 76' lang='lat' dir='ltr'><strong>Tigurensibus</strong></span> <span class='ocrx_word' id='word_1_479' title='bbox 3980 3587 4030 3660; x_wconf 84' lang='lat'><strong>¹)</strong></span> <span class='ocrx_word' id='word_1_480' title='bbox 4077 3591 4153 3647; x_wconf 90' lang='lat' dir='ltr'><strong>ut</strong></span> <span class='ocrx_word' id='word_1_481' title='bbox 4195 3598 4619 3667; x_wconf 83' lang='lat' dir='ltr'><strong>posteaquam</strong></span> 
     </span>
     <span class='ocr_line' id='line_1_74' title="bbox 2660 3666 4618 3747; baseline 0.001 -14"><span class='ocrx_word' id='word_1_482' title='bbox 2660 3668 2991 3734; x_wconf 89' lang='lat' dir='ltr'><strong>Dominus</strong></span> <span class='ocrx_word' id='word_1_483' title='bbox 3034 3668 3223 3734; x_wconf 92' lang='lat' dir='ltr'><strong>nobis</strong></span> <span class='ocrx_word' id='word_1_484' title='bbox 3265 3666 3643 3734; x_wconf 89' lang='lat' dir='ltr'><strong>Lutherum</strong></span> <span class='ocrx_word' id='word_1_485' title='bbox 3686 3669 3967 3747; x_wconf 87' lang='lat' dir='ltr'><strong>sustulit,</strong></span> <span class='ocrx_word' id='word_1_486' title='bbox 4013 3668 4111 3733; x_wconf 89' lang='lat' dir='ltr'><strong>illi</strong></span> <span class='ocrx_word' id='word_1_487' title='bbox 4172 3668 4618 3735; x_wconf 88' lang='lat' dir='ltr'><strong>laudationem</strong></span> 
     </span>
     <span class='ocr_line' id='line_1_75' title="bbox 2660 3752 4618 3839; baseline 0 -20"><span class='ocrx_word' id='word_1_488' title='bbox 2660 3756 2829 3820; x_wconf 88' lang='lat' dir='ltr'><strong>tanti</strong></span> <span class='ocrx_word' id='word_1_489' title='bbox 2864 3756 2990 3819; x_wconf 91' lang='lat' dir='ltr'><strong>viri</strong></span> <span class='ocrx_word' id='word_1_490' title='bbox 3018 3754 3304 3838; x_wconf 86' lang='lat' dir='ltr'><strong>aliquam</strong></span> <span class='ocrx_word' id='word_1_491' title='bbox 3340 3752 3627 3834; x_wconf 89' lang='lat' dir='ltr'><strong>ederent,</strong></span> <span class='ocrx_word' id='word_1_492' title='bbox 3672 3776 3821 3820; x_wconf 89' lang='lat' dir='ltr'><strong>cum</strong></span> <span class='ocrx_word' id='word_1_493' title='bbox 3865 3755 3967 3820; x_wconf 91' lang='lat' dir='ltr'><strong>sui</strong></span> <span class='ocrx_word' id='word_1_494' title='bbox 4010 3775 4168 3839; x_wconf 83' lang='lat' dir='ltr'><strong>erga</strong></span> <span class='ocrx_word' id='word_1_495' title='bbox 4201 3755 4396 3819; x_wconf 91' lang='lat' dir='ltr'><strong>illum</strong></span> <span class='ocrx_word' id='word_1_496' title='bbox 4440 3775 4618 3819; x_wconf 89' lang='lat' dir='ltr'><strong>amo-</strong></span> 
     </span>
     <span class='ocr_line' id='line_1_76' title="bbox 2662 3839 4621 3918; baseline -0.001 -12"><span class='ocrx_word' id='word_1_497' title='bbox 2662 3842 2756 3907; x_wconf 89' lang='lat' dir='ltr'><strong>ris</strong></span> <span class='ocrx_word' id='word_1_498' title='bbox 2800 3839 3147 3908; x_wconf 87' lang='lat' dir='ltr'><strong>christiani</strong></span> <span class='ocrx_word' id='word_1_499' title='bbox 3192 3840 3680 3918; x_wconf 86' lang='lat' dir='ltr'><strong>testificatione,</strong></span> <span class='ocrx_word' id='word_1_500' title='bbox 3737 3841 3992 3906; x_wconf 89' lang='lat' dir='ltr'><strong>etiamsi</strong></span> <span class='ocrx_word' id='word_1_501' title='bbox 4046 3840 4210 3906; x_wconf 89' lang='lat' dir='ltr'><strong>haec</strong></span> <span class='ocrx_word' id='word_1_502' title='bbox 4252 3842 4431 3907; x_wconf 89' lang='lat' dir='ltr'><strong>inter</strong></span> <span class='ocrx_word' id='word_1_503' title='bbox 4474 3840 4621 3905; x_wconf 91' lang='lat' dir='ltr'><strong>illos</strong></span> 
     </span>
     <span class='ocr_line' id='line_1_77' title="bbox 2664 3924 4620 4009; baseline -0.002 -17"><span class='ocrx_word' id='word_1_504' title='bbox 2664 3927 2982 3994; x_wconf 88' lang='lat' dir='ltr'><strong>dissensio</strong></span> <span class='ocrx_word' id='word_1_505' title='bbox 3026 3926 3519 4003; x_wconf 88' lang='lat' dir='ltr'><strong>intercessisset,</strong></span> <span class='ocrx_word' id='word_1_506' title='bbox 3565 3924 3891 4009; x_wconf 90' lang='lat' dir='ltr'><strong>simulque</strong></span> <span class='ocrx_word' id='word_1_507' title='bbox 3927 3935 4330 3992; x_wconf 86' lang='lat' dir='ltr'><strong>testarentur</strong></span> <span class='ocrx_word' id='word_1_508' title='bbox 4374 3949 4446 3993; x_wconf 92' lang='lat' dir='ltr'><strong>se</strong></span> <span class='ocrx_word' id='word_1_509' title='bbox 4488 3946 4620 3991; x_wconf 92' lang='lat' dir='ltr'><strong>non</strong></span> 
     </span>
     <span class='ocr_line' id='line_1_78' title="bbox 2662 4011 4617 4095; baseline -0.001 -17"><span class='ocrx_word' id='word_1_510' title='bbox 2662 4013 3025 4079; x_wconf 87' lang='lat' dir='ltr'><strong>detrectare</strong></span> <span class='ocrx_word' id='word_1_511' title='bbox 3070 4012 3353 4078; x_wconf 89' lang='lat' dir='ltr'><strong>amicum</strong></span> <span class='ocrx_word' id='word_1_512' title='bbox 3397 4021 3464 4076; x_wconf 90' lang='lat' dir='ltr'><strong>et</strong></span> <span class='ocrx_word' id='word_1_513' title='bbox 3485 4012 3922 4078; x_wconf 88' lang='lat' dir='ltr'><strong>christianum</strong></span> <span class='ocrx_word' id='word_1_514' title='bbox 3944 4011 4373 4095; x_wconf 89' lang='lat' dir='ltr'><strong>quodcunque</strong></span> <span class='ocrx_word' id='word_1_515' title='bbox 4417 4012 4617 4080; x_wconf 89' lang='lat' dir='ltr'><strong>collo·</strong></span> 
     </span>
     <span class='ocr_line' id='line_1_79' title="bbox 2663 4094 4617 4183; baseline -0.002 -19"><span class='ocrx_word' id='word_1_516' title='bbox 2663 4101 2891 4183; x_wconf 91' lang='lat' dir='ltr'><strong>quium</strong></span> <span class='ocrx_word' id='word_1_517' title='bbox 2908 4151 2925 4178; x_wconf 92' lang='lat'>‚</span> <span class='ocrx_word' id='word_1_518' title='bbox 3006 4098 3063 4163; x_wconf 90' lang='lat' dir='ltr'><strong>si</strong></span> <span class='ocrx_word' id='word_1_519' title='bbox 3127 4119 3255 4180; x_wconf 92' lang='lat' dir='ltr'><strong>quo</strong></span> <span class='ocrx_word' id='word_1_520' title='bbox 3316 4096 3510 4163; x_wconf 90' lang='lat' dir='ltr'><strong>modo</strong></span> <span class='ocrx_word' id='word_1_521' title='bbox 3575 4098 3738 4164; x_wconf 86' lang='lat' dir='ltr'><strong>haec</strong></span> <span class='ocrx_word' id='word_1_522' title='bbox 3804 4099 4249 4164; x_wconf 88' lang='lat' dir='ltr'><strong>controversia</strong></span> <span class='ocrx_word' id='word_1_523' title='bbox 4310 4094 4617 4182; x_wconf 86' lang='lat' dir='ltr'><strong>componi</strong></span> 
     </span>
     <span class='ocr_line' id='line_1_80' title="bbox 2667 4182 4619 4270; baseline -0.003 -19"><span class='ocrx_word' id='word_1_524' title='bbox 2667 4195 2880 4270; x_wconf 85' lang='lat' dir='ltr'><strong>queat.</strong></span> <span class='ocrx_word' id='word_1_525' title='bbox 2965 4185 3079 4249; x_wconf 88' lang='lat' dir='ltr'><strong>An</strong></span> <span class='ocrx_word' id='word_1_526' title='bbox 3124 4183 3247 4249; x_wconf 89' lang='lat' dir='ltr'><strong>hoc</strong></span> <span class='ocrx_word' id='word_1_527' title='bbox 3291 4185 3428 4250; x_wconf 89' lang='lat' dir='ltr'><strong>sint</strong></span> <span class='ocrx_word' id='word_1_528' title='bbox 3459 4183 3696 4249; x_wconf 85' lang='lat' dir='ltr'><strong>facturi</strong></span> <span class='ocrx_word' id='word_1_529' title='bbox 3739 4185 3973 4250; x_wconf 89' lang='lat' dir='ltr'><strong>nescio.</strong></span> <span class='ocrx_word' id='word_1_530' title='bbox 4043 4182 4180 4250; x_wconf 82' lang='lat' dir='ltr'><strong>Sed</strong></span> <span class='ocrx_word' id='word_1_531' title='bbox 4222 4184 4470 4249; x_wconf 85' lang='lat' dir='ltr'><strong>faciant</strong></span> <span class='ocrx_word' id='word_1_532' title='bbox 4505 4191 4619 4250; x_wconf 88' lang='lat' dir='ltr'><strong>aut</strong></span> 
     </span>
     <span class='ocr_line' id='line_1_81' title="bbox 2665 4270 4617 4354; baseline -0.002 -19"><span class='ocrx_word' id='word_1_533' title='bbox 2665 4293 2799 4336; x_wconf 94' lang='lat' dir='ltr'><strong>non</strong></span> <span class='ocrx_word' id='word_1_534' title='bbox 2842 4271 3107 4348; x_wconf 84' lang='lat' dir='ltr'><strong>faciant,</strong></span> <span class='ocrx_word' id='word_1_535' title='bbox 3153 4291 3338 4335; x_wconf 90' lang='lat' dir='ltr'><strong>suam</strong></span> <span class='ocrx_word' id='word_1_536' title='bbox 3384 4271 3509 4353; x_wconf 89' lang='lat' dir='ltr'><strong>ipsi</strong></span> <span class='ocrx_word' id='word_1_537' title='bbox 3554 4270 3917 4335; x_wconf 88' lang='lat' dir='ltr'><strong>doctrinam</strong></span> <span class='ocrx_word' id='word_1_538' title='bbox 3963 4279 4338 4354; x_wconf 79' lang='lat' dir='ltr'><strong>gravarent,</strong></span> <span class='ocrx_word' id='word_1_539' title='bbox 4397 4271 4455 4336; x_wconf 90' lang='lat' dir='ltr'><strong>si</strong></span> <span class='ocrx_word' id='word_1_540' title='bbox 4502 4287 4617 4334; x_wconf 81' lang='lat' dir='ltr'><strong>vo·</strong></span> 
     </span>
     <span class='ocr_line' id='line_1_82' title="bbox 2665 4355 4620 4439; baseline -0.002 -15"><span class='ocrx_word' id='word_1_541' title='bbox 2665 4357 2793 4424; x_wconf 90' lang='lat' dir='ltr'><strong>cati</strong></span> <span class='ocrx_word' id='word_1_542' title='bbox 2850 4355 2934 4421; x_wconf 91' lang='lat' dir='ltr'><strong>ad</strong></span> <span class='ocrx_word' id='word_1_543' title='bbox 2988 4355 3119 4422; x_wconf 88' lang='lat' dir='ltr'><strong>tale</strong></span> <span class='ocrx_word' id='word_1_544' title='bbox 3171 4355 3566 4439; x_wconf 90' lang='lat' dir='ltr'><strong>colloquium</strong></span> <span class='ocrx_word' id='word_1_545' title='bbox 3624 4376 3761 4420; x_wconf 93' lang='lat' dir='ltr'><strong>non</strong></span> <span class='ocrx_word' id='word_1_546' title='bbox 3817 4357 4155 4436; x_wconf 87' lang='lat' dir='ltr'><strong>venirent,</strong></span> <span class='ocrx_word' id='word_1_547' title='bbox 4221 4367 4289 4422; x_wconf 87' lang='lat' dir='ltr'><strong>et</strong></span> <span class='ocrx_word' id='word_1_548' title='bbox 4353 4357 4620 4422; x_wconf 90' lang='lat' dir='ltr'><strong>interim</strong></span> 
     </span>
     <span class='ocr_line' id='line_1_83' title="bbox 2665 4441 4622 4528; baseline -0.001 -20"><span class='ocrx_word' id='word_1_549' title='bbox 2665 4443 2830 4509; x_wconf 88' lang='lat' dir='ltr'><strong>aliae</strong></span> <span class='ocrx_word' id='word_1_550' title='bbox 2874 4441 3180 4508; x_wconf 89' lang='lat' dir='ltr'><strong>ecclesiae</strong></span> <span class='ocrx_word' id='word_1_551' title='bbox 3224 4441 3554 4508; x_wconf 90' lang='lat' dir='ltr'><strong>conciliari</strong></span> <span class='ocrx_word' id='word_1_552' title='bbox 3596 4449 3880 4527; x_wconf 86' lang='lat' dir='ltr'><strong>possent.</strong></span> <span class='ocrx_word' id='word_1_553' title='bbox 3969 4443 4383 4526; x_wconf 77' lang='lat' dir='ltr'><strong>Exspectabo</strong></span> <span class='ocrx_word' id='word_1_554' title='bbox 4418 4442 4622 4528; x_wconf 81' lang='lat' dir='ltr'><strong>igitur</strong></span> 
     </span>
     <span class='ocr_line' id='line_1_84' title="bbox 2666 4525 4620 4611; baseline -0.001 -17"><span class='ocrx_word' id='word_1_555' title='bbox 2666 4528 2782 4594; x_wconf 89' lang='lat' dir='ltr'><strong>abs</strong></span> <span class='ocrx_word' id='word_1_556' title='bbox 2828 4537 2891 4592; x_wconf 87' lang='lat' dir='ltr'><strong>te</strong></span> <span class='ocrx_word' id='word_1_557' title='bbox 2936 4539 3009 4594; x_wconf 91' lang='lat' dir='ltr'><strong>ut</strong></span> <span class='ocrx_word' id='word_1_558' title='bbox 3050 4550 3157 4593; x_wconf 87' lang='lat' dir='ltr'><strong>me</strong></span> <span class='ocrx_word' id='word_1_559' title='bbox 3202 4525 3282 4594; x_wconf 92' lang='lat' dir='ltr'><strong>de</strong></span> <span class='ocrx_word' id='word_1_560' title='bbox 3318 4537 3430 4593; x_wconf 92' lang='lat' dir='ltr'><strong>tuo</strong></span> <span class='ocrx_word' id='word_1_561' title='bbox 3464 4528 3535 4594; x_wconf 94' lang='lat' dir='ltr'><strong>in</strong></span> <span class='ocrx_word' id='word_1_562' title='bbox 3576 4527 3697 4593; x_wconf 90' lang='lat' dir='ltr'><strong>has</strong></span> <span class='ocrx_word' id='word_1_563' title='bbox 3731 4537 3953 4611; x_wconf 85' lang='lat' dir='ltr'><strong>partes</strong></span> <span class='ocrx_word' id='word_1_564' title='bbox 3987 4529 4206 4594; x_wconf 90' lang='lat' dir='ltr'><strong>animo</strong></span> <span class='ocrx_word' id='word_1_565' title='bbox 4242 4529 4446 4596; x_wconf 82' lang='lat' dir='ltr'><strong>facias</strong></span> <span class='ocrx_word' id='word_1_566' title='bbox 4484 4548 4620 4596; x_wconf 85' lang='lat' dir='ltr'><strong>cer·</strong></span> 
     </span>
     <span class='ocr_line' id='line_1_85' title="bbox 2664 4616 4507 4680; baseline -0.003 0"><span class='ocrx_word' id='word_1_567' title='bbox 2664 4616 2916 4680; x_wconf 87' lang='lat' dir='ltr'><strong>tiorem.</strong></span> <span class='ocrx_word' id='word_1_568' title='bbox 2967 4649 3824 4663; x_wconf 77' lang='lat'>————————</span> <span class='ocrx_word' id='word_1_569' title='bbox 4500 4651 4507 4657; x_wconf 96' lang='lat'><em>-</em></span> 
     </span>
    </p>
   </div>
   <div class='ocr_carea' id='block_1_23' title="bbox 2669 4806 3073 4814">
    <p class='ocr_par' dir='ltr' id='par_1_24' title="bbox 2669 4806 3073 4814">
     <span class='ocr_line' id='line_1_86' title="bbox 2669 4806 3073 4814; baseline -0.005 1"><span class='ocrx_word' id='word_1_570' title='bbox 2669 4806 3073 4814; x_wconf 44' lang='lat' dir='ltr'><strong>m--m-—.-.</strong></span> 
     </span>
    </p>
   </div>
   <div class='ocr_carea' id='block_1_24' title="bbox 2666 4904 4625 5319">
    <p class='ocr_par' dir='ltr' id='par_1_25' title="bbox 2666 4904 4625 5319">
     <span class='ocr_line' id='line_1_87' title="bbox 2703 4904 4625 4974; baseline -0.002 -15"><span class='ocrx_word' id='word_1_571' title='bbox 2703 4904 2844 4959; x_wconf 79' lang='lat'>&#39;786-</span> <span class='ocrx_word' id='word_1_572' title='bbox 2883 4904 2943 4968; x_wconf 94' lang='grc'><strong>1)</strong></span> <span class='ocrx_word' id='word_1_573' title='bbox 2988 4904 3145 4958; x_wconf 73' lang='lat' dir='ltr'><strong>Tales</strong></span> <span class='ocrx_word' id='word_1_574' title='bbox 3190 4904 3380 4958; x_wconf 79' lang='lat' dir='ltr'><strong>literae</strong></span> <span class='ocrx_word' id='word_1_575' title='bbox 3433 4904 3509 4958; x_wconf 83' lang='lat' dir='ltr'><strong>ad</strong></span> <span class='ocrx_word' id='word_1_576' title='bbox 3555 4905 3933 4974; x_wconf 76' lang='lat' dir='ltr'><strong>Bulliuqerum</strong></span> <span class='ocrx_word' id='word_1_577' title='bbox 3977 4911 4029 4958; x_wconf 74' lang='lat' dir='ltr'><strong>et</strong></span> <span class='ocrx_word' id='word_1_578' title='bbox 4072 4904 4412 4959; x_wconf 64' lang='lat' dir='ltr'><strong>Palicanum</strong></span> <span class='ocrx_word' id='word_1_579' title='bbox 4462 4905 4625 4960; x_wconf 76' lang='lat' dir='ltr'><strong>datae</strong></span> 
     </span>
     <span class='ocr_line' id='line_1_88' title="bbox 2669 4971 4621 5042; baseline -0.001 -14"><span class='ocrx_word' id='word_1_580' title='bbox 2669 4974 2724 5028; x_wconf 76' lang='lat' dir='ltr'><strong>d.</strong></span> <span class='ocrx_word' id='word_1_581' title='bbox 2759 4973 2844 5026; x_wconf 81' lang='lat'><strong>23.</strong></span> <span class='ocrx_word' id='word_1_582' title='bbox 2888 4974 3093 5027; x_wconf 82' lang='lat' dir='ltr'><strong>Marcii</strong></span> <span class='ocrx_word' id='word_1_583' title='bbox 3132 4971 3262 5026; x_wconf 79' lang='lat'>1546</span> <span class='ocrx_word' id='word_1_584' title='bbox 3292 4973 3629 5041; x_wconf 76' lang='lat' dir='ltr'><strong>praecedunt</strong></span> <span class='ocrx_word' id='word_1_585' title='bbox 3659 4973 3803 5028; x_wconf 74' lang='lat' dir='ltr'><strong>hanc</strong></span> <span class='ocrx_word' id='word_1_586' title='bbox 3836 4979 4081 5029; x_wconf 78' lang='lat' dir='ltr'><strong>nostram</strong></span> <span class='ocrx_word' id='word_1_587' title='bbox 4116 4974 4273 5042; x_wconf 78' lang='lat' dir='ltr'><strong>apud</strong></span> <span class='ocrx_word' id='word_1_588' title='bbox 4300 4973 4621 5029; x_wconf 60' lang='lat' dir='ltr'><strong>Geraestum</strong></span> 
     </span>
     <span class='ocr_line' id='line_1_89' title="bbox 2671 5041 4622 5113; baseline -0.001 -17"><span class='ocrx_word' id='word_1_589' title='bbox 2671 5049 2721 5096; x_wconf 80' lang='lat' dir='ltr'><strong>et</strong></span> <span class='ocrx_word' id='word_1_590' title='bbox 2757 5042 3097 5112; x_wconf 59' lang='lat' dir='ltr'><strong>Kammoni,</strong></span> <span class='ocrx_word' id='word_1_591' title='bbox 3131 5057 3304 5112; x_wconf 73' lang='lat' dir='ltr'><strong>neque</strong></span> <span class='ocrx_word' id='word_1_592' title='bbox 3339 5041 3589 5096; x_wconf 79' lang='lat' dir='ltr'><strong>dubitari</strong></span> <span class='ocrx_word' id='word_1_593' title='bbox 3624 5048 3803 5110; x_wconf 72' lang='lat' dir='ltr'><strong>potest</strong></span> <span class='ocrx_word' id='word_1_594' title='bbox 3848 5044 3982 5113; x_wconf 69' lang='lat' dir='ltr'><strong>quin</strong></span> <span class='ocrx_word' id='word_1_595' title='bbox 4026 5042 4160 5097; x_wconf 74' lang='lat' dir='ltr'><strong>haee</strong></span> <span class='ocrx_word' id='word_1_596' title='bbox 4198 5045 4452 5111; x_wconf 67' lang='lat' dir='ltr'><strong>proxime</strong></span> <span class='ocrx_word' id='word_1_597' title='bbox 4500 5041 4622 5096; x_wconf 71' lang='lat' dir='ltr'><strong>illas</strong></span> 
     </span>
     <span class='ocr_line' id='line_1_90' title="bbox 2670 5111 4621 5181; baseline -0.002 -15"><span class='ocrx_word' id='word_1_598' title='bbox 2670 5120 2930 5181; x_wconf 75' lang='lat' dir='ltr'><strong>sequutae</strong></span> <span class='ocrx_word' id='word_1_599' title='bbox 2951 5112 3077 5173; x_wconf 78' lang='lat' dir='ltr'><strong>sint,</strong></span> <span class='ocrx_word' id='word_1_600' title='bbox 3113 5111 3204 5164; x_wconf 76' lang='lat' dir='ltr'><strong>sin</strong></span> <span class='ocrx_word' id='word_1_601' title='bbox 3223 5111 3404 5164; x_wconf 74' lang='lat' dir='ltr'><strong>minus</strong></span> <span class='ocrx_word' id='word_1_602' title='bbox 3427 5112 3840 5177; x_wconf 67' lang='lat' dir='ltr'><strong>incontinenter,</strong></span> <span class='ocrx_word' id='word_1_603' title='bbox 3876 5120 4058 5166; x_wconf 66' lang='lat' dir='ltr'><strong>tanen</strong></span> <span class='ocrx_word' id='word_1_604' title='bbox 4077 5111 4156 5165; x_wconf 79' lang='lat' dir='ltr'><strong>ad</strong></span> <span class='ocrx_word' id='word_1_605' title='bbox 4188 5127 4453 5166; x_wconf 71' lang='lat' dir='ltr'><strong>summum</strong></span> <span class='ocrx_word' id='word_1_606' title='bbox 4485 5125 4621 5180; x_wconf 76' lang='lat' dir='ltr'><strong>pau·</strong></span> 
     </span>
     <span class='ocr_line' id='line_1_91' title="bbox 2669 5178 4619 5249; baseline -0.002 -14"><span class='ocrx_word' id='word_1_607' title='bbox 2669 5183 2751 5235; x_wconf 75' lang='lat' dir='ltr'><strong>cie</strong></span> <span class='ocrx_word' id='word_1_608' title='bbox 2781 5187 2908 5248; x_wconf 72' lang='lat' dir='ltr'><strong>poet</strong></span> <span class='ocrx_word' id='word_1_609' title='bbox 2951 5179 3158 5234; x_wconf 72' lang='lat' dir='ltr'><strong>diebus.</strong></span> <span class='ocrx_word' id='word_1_610' title='bbox 3233 5178 3513 5234; x_wconf 73' lang='lat' dir='ltr'><strong>Caeterum</strong></span> <span class='ocrx_word' id='word_1_611' title='bbox 3545 5196 3659 5234; x_wconf 77' lang='lat' dir='ltr'><strong>uon</strong></span> <span class='ocrx_word' id='word_1_612' title='bbox 3708 5183 3792 5234; x_wconf 82' lang='lat' dir='ltr'><strong>ita</strong></span> <span class='ocrx_word' id='word_1_613' title='bbox 3838 5180 3939 5234; x_wconf 82' lang='lat' dir='ltr'><strong>diu</strong></span> <span class='ocrx_word' id='word_1_614' title='bbox 3979 5187 4108 5249; x_wconf 70' lang='lat' dir='ltr'><strong>post</strong></span> <span class='ocrx_word' id='word_1_615' title='bbox 4141 5180 4379 5236; x_wconf 70' lang='lat' dir='ltr'><strong>Lutkeri</strong></span> <span class='ocrx_word' id='word_1_616' title='bbox 4421 5180 4619 5234; x_wconf 62' lang='lat' dir='ltr'><strong>obitu</strong></span> 
     </span>
     <span class='ocr_line' id='line_1_92' title="bbox 2666 5250 3331 5319; baseline -0.009 -13"><span class='ocrx_word' id='word_1_617' title='bbox 2666 5250 2926 5319; x_wconf 76' lang='lat' dir='ltr'><strong>scriptam</strong></span> <span class='ocrx_word' id='word_1_618' title='bbox 2960 5263 3077 5303; x_wconf 71' lang='lat' dir='ltr'><strong>ease</strong></span> <span class='ocrx_word' id='word_1_619' title='bbox 3105 5253 3331 5316; x_wconf 73' lang='lat' dir='ltr'><strong>oportet.</strong></span> 
     </span>
    </p>
   </div>
   <div class='ocr_carea' id='block_1_25' title="bbox 4782 182 4790 700">
    <p class='ocr_par' dir='ltr' id='par_1_26' title="bbox 4782 182 4790 700">
     <span class='ocr_line' id='line_1_93' title="bbox 4782 182 4790 700; baseline 0 0"><span class='ocrx_word' id='word_1_620' title='bbox 4782 182 4790 700; x_wconf 95' lang='lat' dir='ltr'><strong> </strong></span> 
     </span>
    </p>
   </div>
   <div class='ocr_carea' id='block_1_26' title="bbox 4761 182 4805 2196">
    <p class='ocr_par' dir='ltr' id='par_1_27' title="bbox 4761 182 4805 2196">
     <span class='ocr_line' id='line_1_94' title="bbox 4761 182 4805 2196; baseline 0 0"><span class='ocrx_word' id='word_1_621' title='bbox 4761 182 4805 2196; x_wconf 95' lang='lat' dir='ltr'><strong> </strong></span> 
     </span>
    </p>
   </div>
   <div class='ocr_carea' id='block_1_27' title="bbox 4780 3275 4795 3930">
    <p class='ocr_par' dir='ltr' id='par_1_28' title="bbox 4780 3275 4795 3930">
     <span class='ocr_line' id='line_1_95' title="bbox 4780 3275 4795 3930; baseline 0 0"><span class='ocrx_word' id='word_1_622' title='bbox 4780 3275 4795 3930; x_wconf 95' lang='lat' dir='ltr'><strong> </strong></span> 
     </span>
    </p>
   </div>
   <div class='ocr_carea' id='block_1_28' title="bbox 4788 4331 4803 5582">
    <p class='ocr_par' dir='ltr' id='par_1_29' title="bbox 4788 4331 4803 5582">
     <span class='ocr_line' id='line_1_96' title="bbox 4788 4331 4803 5582; baseline 0 0"><span class='ocrx_word' id='word_1_623' title='bbox 4788 4331 4803 5582; x_wconf 95' lang='lat' dir='ltr'><strong> </strong></span> 
     </span>
    </p>
   </div>
  </div>
 </body>
</html>
