4825 6175
206 399 309 465 225

202 594 259 655 et
287 585 405 651 sim
436 583 572 649 iam
607 603 729 669 ego
765 581 1309 668 impeditissimus
1341 602 1547 665 quum
1588 582 1663 647 in
1706 580 1960 653 foribus
2003 589 2136 651 stet

200 671 437 753 sonipes
482 690 716 753 equae,
779 688 912 735 non
970 668 1157 751 potui
1201 674 1426 733 tamen
1468 669 2016 752 praetermittere,
2059 677 2134 735 ut

200 757 388 823 abiret
428 757 712 821 nuncius
755 753 1168 823 commodum
1212 753 1469 820 oblatus
1511 754 1653 820 sine
1696 756 1861 821 meis
1901 755 2132 821 literis.

198 844 377 927 Ergo,
422 841 480 905 si
516 841 681 907 nihil
718 838 915 920 aliud,
959 840 1084 906 hoc
1120 838 1385 905 saltem:
1433 840 1623 918 Vale,
1672 841 1765 905 mi
1800 840 2136 909 carissime

197 930 253 995 in
296 925 558 993 Christo
604 948 844 1012 parens
887 932 957 991 et
997 936 1412 1009 praeceptor,
1472 930 1539 990 et
1597 947 1702 991 me
1745 927 1880 992 tuis
1925 928 2135 1013 preci-

194 1015 303 1080 bus
344 1012 602 1077 assidue
646 1013 816 1096 patri
860 1010 1262 1079 commenda.
1353 1008 1486 1078 Sed
1533 1032 1645 1077 oro
1702 1033 1788 1078 ue
1842 1021 2137 1097 praeter-

194 1100 405 1165 mittas
441 1104 621 1163 tuam
658 1117 856 1183 super
894 1097 1019 1163 hac
1039 1118 1111 1162 re
1147 1097 1543 1163 sententiam
1578 1097 1876 1166 scribere.
1924 1098 2137 1183 Spero

195 1186 374 1263 enim,
421 1192 775 1268 antequam
816 1182 1000 1250 illinc
1043 1182 1338 1263 redeam,
1398 1202 1589 1266 posse
1648 1182 1834 1249 reddi
1877 1184 1936 1251 si
1979 1185 2138 1269 quid

195 1269 538 1354 scripseris.
643 1268 750 1335 Ita
807 1269 983 1335 enim
1035 1266 1122 1333 D.
1200 1266 1531 1335 Utenkovio
1545 1270 1604 1347 ²)
1662 1270 2135 1336 commendavi.

193 1356 380 1423 Mitto
425 1376 592 1439 quae
635 1355 726 1421 ibi
769 1354 1215 1440 superioribus
1272 1354 1499 1420 diebus
1555 1356 1865 1422 tractavit
1909 1354 2137 1422 doctus

193 1440 580 1522 Eustathius,
625 1452 700 1507 ut
741 1461 1004 1507 causam
1049 1439 1282 1505 melius
1326 1460 1693 1525 cognoscas.
1761 1441 1914 1507 Non
1952 1450 2144 1509 vacat

194 1528 377 1603 enim,
424 1529 522 1591 uti
565 1526 883 1607 volebam,
928 1526 1228 1609 pluribus
1283 1547 1630 1609 exponere.
1719 1524 1806 1593 D.
1851 1526 2143 1594 Bucerus

192 1620 250 1679 et
272 1610 526 1696 Martyr
560 1613 894 1678 iusserunt
928 1612 1214 1695 primum
1240 1610 1609 1678 Germanos
1646 1611 1917 1691 hortari,
1953 1634 2142 1679 orare

193 1706 381 1847 010103
421 1696 766 1848 000οἳ1010
786 1705 940 1848 detc.
1002 1704 1076 1762 ut
1127 1697 2141 1850 infirmorumhliiabeaturbratifl:

232 1806 335 1848 em
382 1804 419 1847 e
463 1806 581 1849 nos
612 1805 719 1850 ros
830 1805 1015 1850 ocere
1073 1804 1267 1849 usum
1328 1803 1482 1849 suae
1611 1807 1643 1850 s
1697 1807 1770 1849 10
1822 1807 1895 1850 10
1941 1805 2021 1850 00
2118 1823 2143 1835 -

191 1870 476 1935 bertatis.
586 1869 845 1935 Vellem
863 1921 878 1947 ,
947 1870 1003 1935 si
1062 1875 1285 1953 posset
1349 1870 1419 1934 in
1484 1876 1780 1955 tempore
1845 1870 2142 1948 describi,

190 1957 446 2021 mittere
514 1954 595 2021 ad
660 1967 726 2019 te
801 1955 1065 2020 illorum
1132 1975 1537 2038 responsum.
1650 1954 1784 2022 Sed
1849 1955 1962 2021 illa
2043 1964 2145 2022 est

192 2062 460 2108 summa.
551 2039 688 2107 Oro
733 2062 817 2106 ne
862 2061 1121 2107 causam
1168 2040 1484 2125 negligas.
1574 2041 1664 2105 Et
1707 2042 1766 2106 si
1807 2041 1977 2108 forte
2012 2043 2143 2107 iam

191 2125 430 2211 aliquid
475 2127 835 2211 scripseris,
882 2149 964 2192 ne
1008 2148 1284 2211 gravere
1319 2134 1666 2211 propterea
1708 2128 1865 2192 item
1909 2128 2145 2194 rescri-

187 2212 335 2278 bere
394 2212 553 2297 quid
618 2211 786 2278 forte
844 2214 915 2277 in
971 2219 1261 2277 mentem
1318 2212 1574 2277 venerit
1629 2212 1770 2277 viso
1816 2212 2147 2280 Eusthatii

186 2300 390 2365 nostri
436 2299 699 2382 scripto.

350 2385 553 2451 Mitto
597 2385 871 2467 insuper
915 2383 1363 2449 Articulorum
1408 2382 1905 2451 Lovanensium
1951 2404 2147 2467 expo-

184 2471 488 2537 sitionem
536 2478 828 2536 nostram
872 2471 1136 2536 nomine
1180 2468 1547 2536 Heroidum
1593 2470 1862 2549 factam,
1918 2476 1986 2535 et
2027 2491 2145 2554 pa·

184 2556 482 2623 rentibus
546 2556 809 2621 illarum
875 2555 1160 2621 missam.
1273 2554 1476 2621 Forte
1553 2554 1639 2620 ali
1685 2555 1882 2620 uibus
1902 2606 1918 2635 ,
1984 2576 2145 2638 (1000

184 2663 411 2709 caecus
473 2642 767 2708 fortassis
830 2663 1015 2707 amor
1056 2641 1257 2721 fallit,
1364 2640 1627 2708 ublican
1673 2662 1713 2706 a
1771 2639 2139 2707 videbatur:

183 2728 289 2794 sed
332 2728 617 2796 verebar
659 2749 744 2794 ne
790 2727 873 2793 ab
919 2727 1048 2793 alio
1093 2725 1266 2793 idem
1313 2727 1691 2792 institutum
1736 2733 1923 2793 esset.
2010 2727 2144 2792 De-

183 2813 332 2879 inde
389 2814 604 2880 Heroi
668 2822 899 2880 nostro
914 2814 972 2897 ⁸)
1045 2812 1310 2881 videtur
1375 2813 1495 2880 sub
1550 2813 1815 2878 nomine
1879 2811 2146 2878 illarum

182 2898 459 2966 fortasse
503 2900 747 2981 emitti,
807 2909 874 2965 et
927 2898 1120 2966 adiici
1178 2898 1497 2983 quaedam
1557 2919 1708 2977 sua,
1770 2898 1850 2964 de
1910 2899 2145 2981 quibus

183 2983 370 3051 credo
416 2985 505 3051 ad
551 3000 615 3050 te
660 2986 1078 3069 scripturum.
1143 2983 1277 3050 Sed
1303 2985 1388 3049 in
1434 2981 1718 3049 reditum
1761 3004 1982 3049 meum
2021 2983 2144 3048 dif-

181 3071 531 3139 ferendum
575 3079 813 3138 censet.
918 3071 1065 3157 Ego
1124 3092 1283 3137 vero
1343 3068 1508 3136 nihil
1572 3069 1847 3155 dignum
1904 3069 2142 3138 iudice.

180 3158 269 3222 Et
310 3179 555 3225 vereor
597 3179 684 3223 ne
728 3178 933 3242 quum
981 3159 1268 3242 relegam
1325 3156 1495 3222 forte
1553 3156 1913 3241 displiceat.
2006 3155 2144 3222 Oro

178 3251 241 3308 te
285 3251 361 3309 ut
406 3245 782 3311 censoriam
827 3243 1151 3328 virgulam
1206 3243 1345 3324 hic,
1399 3241 1515 3309 sed
1559 3263 1856 3309 severam
1903 3264 2144 3321 sumas,

181 3335 240 3393 et
283 3351 394 3397 me
440 3330 667 3408 libere,
714 3337 793 3395 ut
882 3337 1090 3395 atrem
1138 3329 1340 3408 decet,
1403 3327 1484 3394 de
1542 3327 1847 3393 omnibus
1907 3331 2144 3395 erratis

179 3435 472 3483 moneas.
574 3414 656 3481 Id
712 3416 828 3499 qui
872 3437 981 3480 em
1035 3416 1107 3480 in
1156 3415 1477 3498 proximis
1540 3414 1750 3480 literis
1813 3415 2144 3480 facturum

180 3500 458 3568 confido.
548 3500 773 3583 Quare
816 3501 1057 3566 iterum
1111 3521 1227 3566 010
1287 3521 1372 3565 00
1425 3521 1531 3565 010
1590 3499 1778 3566 fallat
1821 3500 1985 3566 haee
2027 3521 2143 3565 ex·

177 3588 515 3671 spectatio.
576 3586 906 3669 Quoniam
933 3606 1111 3654 0000
1130 3585 1215 3654 D.
1241 3585 1536 3652 Bucems
1555 3584 1640 3651 ad
1674 3585 2068 3669 colloquium
2084 3588 2140 3668 ⁴)

175 3674 615 3823 proficiscitur
657 3674 834 3740 intra
877 3671 1169 3738 triduum
1204 3678 1319 3737 aut
1351 3670 1795 3758 quatriduum,
1841 3678 1910 3737 et
1952 3669 2142 3736 video

218 3759 470 3828 electos
515 3759 697 3825 viros
752 3757 1159 3824 doctissimos
1205 3756 1348 3835 (sed
1391 3767 1615 3822 tamen
1659 3757 1787 3824 scis
1829 3756 1986 3841 quid
2033 3756 2141 3823 hic

177 3843 376 3928 aliqui
420 3867 563 3911 non
607 3845 764 3911 mali
805 3864 928 3909 000
970 3844 1153 3909 stulti
1198 3843 1621 3927 desiderant),
1667 3863 1788 3928 ego
1832 3863 1950 3926 pro
1992 3862 2139 3908 meo

177 3949 331 4015 erga
390 3931 741 3998 ecclesiam
792 3928 924 3995 Dei
983 3929 1196 3996 studio
1254 3949 1388 3994 000
1441 3950 1711 4013 possum
1771 3928 1921 4008 (etsi
1963 3929 2140 3994 enim

176 4034 290 4097 pro
334 4025 463 4082 tua
509 4016 831 4167 sinzieloari
889 4017 1132 4101 pietate
1188 4015 1437 4082 factum
1495 4023 1729 4100 sponte
1773 4036 1906 4080 non
1950 4014 2138 4100 igno-

175 4103 343 4186 rem)
389 4103 559 4187 quin
602 4124 640 4167 0
756 4122 935 4167 01010
984 4110 1062 4166 ut
1118 4109 1222 4181 tu,
1281 4101 1392 4184 qui
1447 4102 1660 4185 gratia
1703 4099 1918 4172 adhuc
1961 4099 2136 4202 apud

174 4185 315 4255 11100
336 4189 705 4272 plurimum
743 4188 923 4253 vales
946 4186 1193 4271 aliquid
1228 4186 1493 4268 scribas,
1530 4193 1599 4252 et
1632 4208 1900 4252 moneas
1936 4197 2134 4253 etiam

176 4292 254 4337 ne
297 4281 442 4340 tam
490 4273 770 4341 studiosi
814 4273 949 4340 sint
992 4271 1401 4354 concordiae,
1458 4279 1535 4339 ut
1577 4272 1929 4339 admittant
1969 4293 2136 4357 (1000

173 4369 400 4442 postea
436 4360 722 4427 maiores
757 4357 1111 4426 discordias
1154 4359 1458 4445 excitent.
1521 4359 1968 4428 Proficiscitur
2001 4381 2137 4425 una

380 4635 445 4704 2)
483 4635 730 4690 Ioannes
766 4631 1100 4688 Utenhoviue
1138 4630 1541 4700 Gandavemie‚
1579 4631 1630 4688 1.
1666 4650 1702 4686 a
1724 4631 1906 4688 Lusco
1940 4633 2139 4688 intima

174 4701 565 4768 familiaritate
598 4703 938 4767 coniunctus,
975 4706 1135 4758 etiam
1172 4702 1484 4772 Bullinqeri
1514 4707 1565 4757 et
1596 4702 1875 4772 Martyris
1909 4703 2137 4768 amicus,

176 4773 427 4827 eeclesiae
483 4773 677 4827 unicae
696 4769 1062 4826 Londinmie
1079 4772 1378 4842 presbyter.
1436 4769 1547 4826 Sub
1582 4771 1700 4826 eius
1732 4774 1952 4825 nomine
1988 4770 2137 4825 edita

178 4846 254 4894 est
288 4840 343 4894 B
461 4879 474 4892 .
515 4838 652 4894 1560
685 4840 915 4895 historia
959 4839 1235 4911 Odysseae
1283 4840 1562 4894 Vallonum
1608 4856 1636 4893 e
1674 4839 1977 4894 Britannia
2012 4840 2135 4909 pul-

178 4923 374 4963 sorum.
457 4909 656 4964 Postea
692 4924 810 4963 eum
848 4909 1028 4964 Lusco
1055 4925 1160 4978 per
1195 4908 1622 4980 quinquennium
1659 4910 1718 4962 in
1756 4908 1994 4964 Polonia
2028 4924 2056 4962 e
2092 4908 2137 4962 it

207 4975 431 5032 Gerdee.
472 4979 596 5034 hiet.
639 4976 765 5043 Res.
801 4976 895 5032 111.
913 4977 1033 5032 234.
1090 4977 1188 5032 Eu
1224 4993 1339 5047 per,
1381 4977 1462 5033 10.
1499 4977 1736 5032 aLasco
1774 4976 1911 5059 Opp.
1950 4978 1993 5031 1.
2095 4980 2132 5038 ).

231 5047 484 5102 numam
516 5046 904 5113 confessionem
937 5055 984 5102 et
1026 4995 1415 5102 Catani-'imum
1460 5046 1655 5116 belyice
1698 5052 1859 5101 vertit
1903 5051 1954 5101 et
1978 5046 2134 5115 psal-

178 5129 290 5169 nos
324 5115 913 5251 ωῶιαὲξᾶξῑεειὲείίοο
947 5119 1158 5185 aptavit
1194 5114 1344 5170 1566.

642 5201 725 5238 sio

381 5252 444 5322 4)
490 5253 898 5320 Ratiebonense,
937 5254 1136 5309 Ιᾱῶαε
1171 5252 1486 5309 Decembris
1531 5251 1902 5308 inchoandum
1935 5249 2131 5320 (Secia

181 5318 249 5374 11.
282 5321 418 5390 416)
455 5324 554 5378 ubi
584 5329 632 5379 et
667 5324 893 5379 nomina
926 5329 1261 5379 caeterorum
1295 5323 1592 5393 legatorum
1625 5322 1876 5392 reperies.

388 5406 617 5464 aalma·
642 5424 828 5481 opera.
912 5409 1023 5465 νοτ.
1061 5406 1206 5463 ΧΠ.

1881 396 2042 459 1545
2087 391 2497 463 DEOEMB.

4066 400 4194 487 225³

2237 601 2389 648 cum
2433 579 2684 648 Bucero
2725 578 3011 649 Diaeius
3028 581 3085 669 ὃ)
3130 590 3354 649 noster
3388 590 3458 649 et
3489 582 3577 651 D.
3619 582 3960 653 Claudius:
3983 588 4041 671 ⁶)
4076 608 4199 673 per

2238 666 2386 733 11100
2451 665 2780 752 intelliges
2857 667 3172 752 quidquid
3251 669 3344 736 ibi
3419 678 3668 756 agetur.
3787 672 3846 736 E
3895 695 3932 738 0
3996 694 4201 757 quum

2238 751 2762 852 Francofurtum
2803 774 3048 819 venero
3066 806 3081 832 ‚
3142 754 3255 821 ubi
3308 754 3444 821 iam
3501 756 3783 835 comitia,
3830 695 4199 843 {figentis-

2241 839 2405 905 sime
2450 837 2532 903 de
2576 837 2879 905 ommbus
2965 860 3091 905 uae
3135 861 3510 925 comperero
3600 843 3969 909 erscribam.
4064 846 4199 913 Ne·

2244 946 2370 1008 que
2414 925 2594 990 enim
2636 932 2799 1007 puto
2839 923 2946 993 bal
2995 925 3199 991 utiem
3240 925 3412 995 hanc
3530 929 3542 942 '
3597 930 3620 993 i
3663 929 3922 996 obstare
3966 928 4201 998 debere

2245 1011 2595 1094 quominus
2648 1008 2937 1075 officium
2995 1021 3357 1094 praestem,
3413 1013 3587 1097 quod
3639 1035 3759 1098 pro
3821 1016 3897 1082 T.
3944 1016 4032 1082 Η.
4078 1017 4202 1083 tibi

2246 1116 2380 1161 non
2425 1097 2758 1181 ingratum
2801 1097 2939 1162 fore
2997 1097 3384 1183 intelligam.
3473 1100 3578 1165 De
3621 1100 4065 1181 Metensibus‚
4126 1110 4204 1169 ut

2244 1203 2457 1265 nuper
2499 1181 2751 1265 scripsi,
2795 1182 2965 1248 nihil
3010 1183 3234 1249 habeo.
3323 1183 3536 1250 Valde
3572 1208 3803 1252 vereor
3845 1210 3929 1253 ne
3971 1188 4202 1255 multis

2227 1276 2518 1333 'somnus
2561 1266 2851 1352 obrepat.
2941 1266 3078 1334 Sed
3163 1268 3309 1345 uid,
3368 1272 3427 1335 si
3469 1268 3654 1338 Deus
3697 1271 3822 1337 hoc
3863 1274 4205 1356 permittat

2247 1362 2321 1418 ut
2365 1344 2706 1438 gloriosuli
2748 1352 2851 1418 illi
2892 1354 3059 1420 nihil
3102 1353 3225 1420 0101
3271 1354 3650 1436 vendicent,
3708 1358 3855 1440 qui,
3911 1366 3990 1424 ut
4043 1359 4205 1425 olim

2245 1439 2445 1523 primi
2489 1439 2697 1507 videri
2736 1439 3038 1516 voluere,
3095 1450 3270 1507 certe
3328 1462 3504 1507 nunc
3558 1444 3788 1528 ignoro
3847 1466 3930 1510 an
3984 1443 4206 1512 locum

2247 1524 2532 1608 aliquem
2575 1525 2870 1591 obtinere
2912 1527 3183 1610 possint.
3273 1528 3419 1612 Ego
3464 1528 3588 1594 hoc
3635 1527 3756 1594 tibi
3799 1529 3870 1594 in
3914 1529 4205 1597 Domino

2245 1616 2589 1691 contestor,
2635 1632 2760 1690 me,
2814 1612 2871 1677 si
2917 1610 3226 1678 Christus
3285 1614 3491 1692 sinat,
3546 1613 3702 1681 huic
3757 1615 3856 1682 rei
3897 1623 4096 1699 caput
4139 1622 4208 1683 et

2250 1697 2539 1761 animam
2595 1694 2953 1763 devovisse.
3057 1697 3342 1765 Oremus
3394 1699 3651 1765 interea
3708 1701 4070 1767 Dominum
4128 1710 4208 1768 ut

2249 1782 2559 1848 ecclesiae
2622 1782 2932 1848 misertus
2999 1782 3349 1867 aliquando
3407 1787 3737 1870 operarios
3802 1787 3876 1851 in
3942 1788 4207 1853 vineam

2249 1888 2439 1933 suam
2494 1868 2820 1933 extrudat.
2940 1866 3241 1935 Salutem
3299 1869 3657 1954 plurimam
3723 1882 3875 1957 opto
3943 1874 4208 1958 coniugi

2249 1959 2402 2018 tuae
2446 1954 2752 2037 optimae,
2797 1958 2863 2020 et
2905 1957 3289 2040 symmystis
3344 1956 3676 2035 omnibus,
3735 1980 4017 2041 quorum
4057 1981 4207 2042 pre·

2250 2039 2436 2106 cibus
2501 2061 2606 2106 me
2673 2040 3201 2106 commendatum
3267 2041 3481 2108 velim.
3598 2042 3662 2109 S.
3729 2043 4029 2110 Andreae
4093 2044 4212 2110 ali·

2295 2124 2515 2190 nando
2581 2124 2880 2193 scribam.
2993 2125 3207 2193 Valde
3272 2149 3378 2194 me
3452 2128 3655 2212 pudet
3719 2130 4208 2199 taciturnitatis.

2318 2209 2475 2274 elim
2520 2209 2872 2294 aliquando
2915 2210 3058 2278 dari
3102 2214 3504 2281 occasionem
3551 2223 3617 2280 et
3651 2215 3887 2280 otium:
3934 2216 4050 2283 sed
4070 2217 4212 2282 Do-

2248 2296 2470 2361 minus
2516 2296 2705 2363 novit
2746 2297 2903 2380 quid
2948 2298 3112 2363 mihi
3156 2299 3508 2381 permittat.
3597 2300 3711 2366 Illi
3762 2303 4001 2386 etiam,
4056 2322 4212 2368 cum

2251 2380 2639 2448 Maldonado
2694 2391 2762 2448 et
2817 2382 3235 2468 coniugibus,
3298 2386 3562 2452 Nicolao
3616 2394 3845 2452 nostro
3901 2396 3966 2454 et
4018 2388 4213 2455 fratri

2250 2475 2362 2532 tuo
2406 2468 2671 2553 optime,
2717 2469 2860 2535 viro
2903 2477 2969 2534 et
3012 2470 3344 2551 uxoribus,
3392 2470 3668 2538 salutem
3711 2482 3882 2556 opto,
3972 2471 4057 2539 D.
4102 2473 4211 2539 Ie-

2249 2573 2362 2618 sus
2407 2561 2477 2618 te
2531 2575 2648 2619 suo
2701 2555 2935 2638 spiritu
2994 2577 3253 2640 semper
3306 2557 3518 2640 magis
3578 2559 3917 2644 magisque
3972 2565 4213 2645 augeat

2248 2637 2331 2702 ad
2376 2639 2651 2724 gloriam
2696 2662 2883 2706 suam
2949 2651 3016 2706 et
3068 2641 3379 2709 ecclesiae
3438 2642 3751 2723 salutem,
3807 2645 3915 2711 cui
3975 2654 4040 2709 te
4095 2644 4211 2711 diu

2250 2732 2475 2793 servet
2515 2725 2929 2793 incolumem.
2997 2726 3284 2794 Volante
3328 2728 3574 2795 calamo
3601 2733 3657 2795 3.
3680 2730 3990 2797 Decemb.
4024 2734 4207 2798 1545.

2696 2864 2771 2929 Τ.
2818 2864 3236 2947 paternitatis
3277 2864 3901 2932 observantissimus
3942 2868 4122 2934 filius

3188 2950 3258 3015 in
3303 2949 3587 3018 Christe.

2423 3120 2508 3186 D.
2561 3121 2924 3188 Gar-nerius-
2964 3123 3244 3190 salutem
3287 3123 3470 3190 iubet
3512 3124 3767 3194 ascribi.

3043 3435 3449 3443 ———--——-

3156 3687 3307 3760 737.

2246 3839 2679 3910 MINIS'I'RI
2720 3838 3410 3910 NEOOOMENSES
3457 3842 4203 3915 GENEVENSIBUS.

2248 4012 2713 4166 obituNmant
2749 4011 3101 4098 capanea&
3146 4013 3370 4082 ultima
3411 4013 3577 4081 dicta
3612 4020 3671 4081 et
3696 4013 3868 4098 facta
3888 4019 4202 4102 piumque

2412 4120 2495 4165 m.

2243 4271 2357 4341 (Ex
2393 4270 2731 4343 autographo
2776 4273 2920 4328 Bibl.
2970 4274 3284 4394 000ωῆ
3299 4270 3764 4406 )Νο000010001010.
3838 4269 3963 4329 Vol.
4000 4274 4091 4345 lig.
4131 4273 4196 4329 A.

2244 4512 2594 4581 Fratribus
2637 4511 2822 4581 verbi
2856 4512 3177 4579 ministris
3213 4521 3348 4578 tam
3381 4512 3453 4578 in
3487 4512 3650 4579 urbe
3685 4532 3879 4597 quam
3925 4514 3993 4578 in
4038 4532 4198 4598 agro

2689 4599 3181 4666 Genevensium
3227 4597 3296 4665 S.
3344 4599 3415 4664 in
3459 4598 3745 4665 Christo.

2414 4737 2650 4803 Visum
2684 4744 2786 4802 est
2818 4736 3022 4812 nobis,
3057 4736 3378 4802 carissimi
3414 4735 3670 4815 fratres,
3709 4742 3777 4801 et
3808 4734 4018 4798 nostri
4054 4754 4198 4799 esse

2241 4822 2438 4889 officii
2481 4830 2551 4888 et
2592 4830 2812 4890 vestra
2868 4822 3225 4906 plurimum
3266 4822 3582 4887 interesse
3598 4872 3614 4898 ,
3678 4824 3753 4885 ut
3805 4819 3887 4884 de
3930 4819 4024 4885 Io.
4077 4818 4199 4887 Ga-

2446 5115 2481 5236 Ξ
2545 5110 2800 5237 xcvtfflifl'le
2834 5179 2901 5235 de
3079 5177 3345 5234 Calvinus
3381 5178 3455 5232 N.
3503 5176 3605 5231 211
3654 5183 3705 5233 et
3747 5177 3882 5246 214,
3918 5178 4007 5233 hic
4053 5181 4197 5233 enim

2238 5265 2346 5320 quo
2398 5255 2633 5319 tempore
2682 5249 2739 5304 0.
2790 5248 2954 5304 Ratis
2989 5263 3126 5304 onae
3174 5249 3288 5313 fuit
3331 5252 3482 5316 peste
3531 5247 3789 5317 abreptus
3841 5246 4200 5315 Argentorate

2239 5319 2372 5375 obiit
2406 5318 2781 5387 (Commentis
2815 5316 2946 5385 Des.
2978 5335 3031 5388 p.
3069 5315 3220 5389 360),
3252 5331 3438 5371 verum
3470 5317 3655 5386 potius
3695 5315 4060 5455 {egum-eleum.
