4825 6175
690 454 813 516 735

687 640 861 705 Nam
908 636 1149 703 videris
1191 638 1354 703 satis
1397 638 1625 703 acerbe
1670 634 2089 721 expostulare
2131 657 2281 702 cum
2328 654 2422 713 eo,
2467 632 2636 717 quod

689 727 750 791 ei
794 724 1060 809 gravius
1104 724 1230 788 erit
1289 742 1486 807 quam
1539 725 1594 789 si
1652 721 1735 787 ad
1791 730 1859 787 te
1915 722 2281 804 scripsisset
2334 729 2400 784 et
2457 732 2530 785 tu
2578 719 2636 784 ei

687 809 1130 894 responderes.
1220 807 1355 874 Sed
1397 809 1550 892 quia
1601 808 1684 873 ad
1743 830 1849 873 me
1907 806 2169 889 scripsit
2227 814 2303 870 ut
2356 805 2438 870 ad
2485 806 2641 870 ami-

689 917 841 962 cum
859 947 874 972 ,
931 896 1203 960 fortasse
1259 916 1452 978 aegre
1506 895 1704 971 feret,
1762 895 1817 959 si
1877 893 2121 957 sentiat
2175 901 2240 957 te
2297 893 2390 956 ita
2441 892 2640 957 fuisse

687 976 1036 1057 offensum,
1118 991 1185 1045 et
1253 981 1792 1063 interpretabitur
1865 980 1937 1043 in
2017 979 2300 1060 peiorem
2365 986 2636 1061 partem.

687 1067 1061 1132 Voluissem
1118 1067 1338 1148 itaque
1398 1065 1570 1148 quod
1627 1066 1855 1131 scribis
1918 1063 1997 1128 de
2048 1063 2388 1129 Gualthero
2446 1062 2639 1145 paulo

687 1152 878 1216 aliter
903 1161 1375 1234 temperatum,
1421 1152 1514 1214 ita
1558 1162 1631 1216 ut
1663 1150 1829 1215 nihil
1869 1149 2316 1215 dissimulares
2350 1148 2521 1230 quod
2558 1146 2641 1212 ad

687 1258 829 1302 rem
886 1237 1095 1320 ipsam
1154 1237 1422 1315 attinet,
1482 1245 1738 1301 tantum
1798 1235 2040 1317 aliquid
2097 1235 2408 1301 adiiceres
2465 1230 2639 1317 quod

694 1322 1110 1390 Gualtlzerum
1171 1323 1523 1406 mitigaret.
1629 1322 1768 1385 Tuo
1836 1330 2054 1386 tamen
2120 1319 2359 1385 iudicio
2424 1320 2642 1384 omnia

688 1408 1014 1491 relinquo.
1101 1407 1290 1472 Nosti
1350 1428 1546 1490 quam
1605 1407 1793 1472 facile
1848 1408 1934 1471 sit
1981 1427 2091 1471 eos
2143 1405 2406 1469 irritare
2465 1402 2640 1487 apud

689 1515 851 1578 quos
896 1495 1029 1558 iam
1071 1494 1357 1558 sinistris
1402 1492 1882 1574 suspicionibus
1926 1502 1994 1556 et
2048 1491 2214 1556 odiis
2259 1491 2637 1575 premimur.

689 1578 868 1661 Quia
912 1580 1156 1664 rogasti
1202 1588 1275 1643 ut
1316 1578 1519 1643 libere
1562 1598 1775 1643 meam
1821 1578 2178 1660 proferrem
2220 1577 2638 1654 sententiam,

689 1666 827 1730 dixi
872 1664 1045 1748 quod
1089 1664 1467 1730 sentiebam.
1560 1664 1840 1747 Reliqua
1894 1684 2057 1746 quae
2118 1662 2344 1728 scribis
2401 1660 2483 1725 de
2538 1681 2639 1726 sa-

688 1759 1166 1816 cramentorum
1222 1751 1504 1825 ratione,
1579 1749 1864 1814 mirabor
1935 1750 1990 1814 si
2049 1771 2181 1813 non
2236 1747 2638 1812 admiserint.

689 1835 879 1918 Quae
915 1835 1293 1902 scribuntur
1328 1835 1399 1900 in
1436 1835 1595 1900 alios
1629 1856 1762 1899 non
1798 1834 2022 1900 dubito
2061 1835 2220 1918 quin
2255 1833 2382 1899 illis
2418 1834 2642 1898 futura

688 1924 826 1988 sint
867 1921 1317 1987 intolerabilia.
1410 1919 1564 2000 Sed,
1616 1932 1694 1985 ut
1736 1920 1993 1999 scribis,
2047 1941 2180 1984 non
2225 1927 2326 1985 est
2369 1918 2641 1997 ferenda

687 2020 823 2073 tam
881 2006 1160 2073 barbara
1218 2008 1540 2091 tyrannis.
1668 2008 2024 2089 Postquam
2090 2005 2345 2088 experti
2411 2026 2642 2070 sumus

686 2094 837 2159 illas
880 2094 1054 2159 feras
1097 2094 1309 2178 magis
1371 2092 1645 2158 lenitate
1701 2092 1958 2158 efferari
1975 2143 1990 2169 ,
2048 2091 2430 2156 tractandae
2485 2099 2642 2156 sunt

685 2200 809 2264 pro
853 2180 1190 2264 dignitate.
1280 2179 1451 2244 Nam
1496 2178 1651 2262 quid
1696 2181 1826 2243 iam
1870 2185 2145 2260 possunt
2187 2197 2490 2242 evomere
2526 2197 2636 2242 ve-

687 2267 846 2332 neni
889 2263 1060 2348 quod
1104 2285 1230 2328 non
1275 2266 1345 2328 in
1381 2286 1498 2329 nos
1543 2263 2014 2330 evomuerunt?
2101 2263 2248 2327 Nisi
2292 2262 2635 2341 Dominus,

689 2353 804 2434 qui
847 2352 1139 2416 furentes
1182 2350 1404 2415 leones
1457 2350 1567 2433 qui
1613 2350 1956 2415 Danielem
2015 2357 2205 2414 erant
2259 2348 2639 2413 devoraturi

687 2437 1099 2521 compescuit,
1147 2436 1268 2502 hos
1311 2457 1563 2520 quoque
1608 2444 1988 2518 compescat,
2035 2434 2218 2500 nulla
2258 2433 2444 2498 nobis
2491 2454 2639 2516 spes

688 2536 790 2588 est
831 2523 1099 2605 reliqua.
1200 2521 1543 2588 Hactenus
1613 2519 1915 2587 remediis
1970 2541 2135 2604 quae
2198 2519 2640 2602 quaesivimus

688 2607 850 2675 adeo
886 2607 1053 2673 nihil
1091 2621 1189 2673 est
1223 2608 1584 2690 profectum
1620 2618 1696 2672 ut
1728 2608 1945 2691 potius
1981 2606 2281 2671 morbum
2317 2606 2638 2670 auxerint.

687 2694 873 2760 Nihil
911 2694 1104 2759 video
1141 2713 1480 2776 superesse
1515 2693 1644 2758 nisi
1673 2702 1751 2756 ut
1789 2693 2152 2758 christiana
2186 2700 2455 2755 utamur
2489 2710 2639 2756 con-

687 2779 934 2847 stant-ia
968 2789 1035 2844 et
1068 2778 1391 2858 libertate,
1428 2786 1496 2844 et
1516 2778 1784 2843 Domini
1821 2779 1894 2843 in
1927 2777 2230 2843 manibus
2265 2797 2642 2842 successum

687 2866 1152 2947 relinquamus.
1244 2864 1393 2929 Non
1438 2862 1662 2929 dubito
1718 2864 1875 2946 quin
1920 2863 2132 2928 multa
2174 2864 2241 2927 in
2287 2862 2412 2926 hac
2454 2882 2640 2945 pere-

687 2951 1061 3036 grinatione
1103 2971 1369 3015 rursum
1402 2950 1567 3014 mihi
1604 2949 1931 3015 audienda
1965 2949 2115 3026 sint,
2160 2969 2323 3032 quae
2366 2970 2472 3013 me
2506 2969 2640 3014 non

687 3057 925 3121 parum
968 3042 1230 3122 augent.
1321 3035 1455 3102 Sed
1500 3036 1824 3101 Dominus
1867 3056 1988 3101 nos
2031 3033 2486 3100 consolabitur.

859 3123 1214 3189 Caeterum
1286 3121 1459 3205 quod
1517 3121 1747 3188 scribis
1813 3120 1894 3186 de
1959 3142 2165 3187 uxore
2230 3119 2390 3185 adeo
2457 3119 2641 3187 nobis

690 3210 814 3295 fuit
852 3210 1130 3273 molesta
1171 3217 1248 3274 ut
1283 3229 1476 3292 aegre
1519 3209 1694 3291 passi
1730 3207 1932 3273 simus
1991 3228 2135 3272 eam
2172 3228 2212 3271 a
2257 3206 2445 3271 nobis
2500 3216 2641 3271 tam

689 3297 818 3360 cito
865 3293 1216 3372 discedere,
1263 3294 1767 3378 haudquaquam
1801 3293 2080 3376 passuri,
2122 3293 2249 3358 nisi
2295 3292 2391 3357 tui
2433 3292 2640 3358 habu-

689 3382 968 3448 issemus
1027 3380 1365 3445 rationem.
1453 3380 1653 3445 Certe
1696 3378 1856 3444 adeo
1909 3377 2038 3443 fuit
2094 3377 2288 3442 uxori
2331 3386 2398 3444 et
2452 3377 2640 3443 nobis

687 3466 995 3532 omnibus
1029 3466 1259 3532 solatio
1296 3476 1371 3531 nt
1406 3465 1873 3550 gravissimam
1917 3462 2106 3529 nobis
2149 3465 2401 3529 factura
2442 3464 2641 3529 fuerit

691 3552 1006 3620 iniuriam
1050 3552 1107 3617 si
1151 3572 1281 3617 non
1325 3551 1631 3617 venisset.
2589 3561 2597 3568 '

862 3637 1160 3703 Remitto
1236 3636 1597 3721 Bullinyeri
1685 3637 1910 3702 literas
1987 3656 2064 3701 ea
2140 3636 2354 3721 gratia
2443 3657 2640 3720 quam

691 3722 899 3807 attigi,
946 3725 1100 3805 quia
1154 3720 1222 3787 id
1265 3722 1430 3787 mihi
1473 3721 1781 3805 expedire
1825 3722 2039 3788 visum
2083 3734 2199 3787 est.
2287 3720 2517 3787 Scribe
2560 3720 2640 3787 de

697 3807 1034 3875 Gualthero
1078 3808 1192 3874 sed
1234 3808 1328 3872 ita
1386 3817 1462 3872 nt
1499 3830 1634 3874 non
1679 3808 1938 3886 sentiat,
1985 3829 2055 3874 se
2098 3808 2470 3892 perstringi.
2561 3806 2640 3873 Si

2353 444 2818 514 EPISTOLA
2869 449 3026 511 1041

4565 453 4667 515 736

2741 633 2900 717 quid
2944 644 3045 699 est
3086 635 3314 700 durius
3348 634 3716 715 dicendum,
3761 635 4159 720 praestiterit
4199 635 4266 701 id
4315 657 4358 700 a
4401 656 4508 701 me
4549 637 4670 702 fieri

2742 719 2826 784 ad
2891 742 3084 804 quem
3149 721 3276 787 scri
3325 728 3465 786 tum
3531 730 3662 799 est,
3728 744 3814 787 ne
3878 730 4067 806 putet
4137 742 4243 787 me
4325 734 4553 789 autom
4608 744 4669 787 ea

2743 804 2858 871 abs
2882 817 2947 871 te
2981 809 3242 891 scripta.
3302 807 3355 891 ยน)
3419 807 3591 875 Nam
3625 808 3767 891 ipse
3823 808 4027 874 statui
4070 807 4325 889 prolixe
4371 803 4455 871 de
4498 808 4669 873 rebus

2745 892 3046 958 omnibus
3112 890 3414 959 scribere.
3505 894 3651 977 Age
3719 902 3941 963 tamen
4007 912 4271 960 causam
4356 900 4554 971 tuam,
4613 899 4670 957 ut

2745 977 2904 1061 agis.
2992 979 3288 1044 Rursum
3330 980 3400 1042 in
3445 999 3521 1042 eo
3563 979 3723 1056 loce,
3765 980 4010 1061 inโquo
4055 979 4196 1063 agis
4240 976 4323 1043 de
4369 978 4667 1043 Bernens.

2745 1071 2814 1128 et
2852 1064 3083 1129 Roma.
3129 1062 3550 1141 subiectione,
3597 1065 3795 1130 velim
3840 1065 3956 1129 abs
4000 1074 4064 1129 te
4106 1061 4353 1147 aliquid
4396 1062 4668 1128 additum

2746 1170 2874 1231 quo
2931 1149 3148 1232 palam
3205 1149 3582 1215 ostenderes
3624 1159 3692 1216 te
3737 1170 3815 1214 ea
3861 1149 4027 1214 velle
4084 1148 4168 1214 ad
4206 1148 4564 1227 ministros,
4605 1148 4667 1213 de

2746 1235 2980 1316 quibus
3025 1236 3206 1318 prius
3260 1235 3570 1318 loquutus
3614 1258 3701 1314 es,
3760 1256 3957 1318 quam
4001 1235 4081 1300 de
4142 1235 4537 1318 magistratu
4590 1256 4666 1300 re-

2746 1322 2935 1399 ferre,
2990 1321 3160 1386 sicut
3214 1342 3317 1386 res
3356 1321 3500 1403 ipsa
3541 1321 3610 1386 id
3670 1343 3789 1405 per
3830 1343 3901 1387 se
3955 1322 4112 1387 satis
4154 1319 4465 1403 loquitur.
4554 1318 4667 1385 Sed

2745 1407 2924 1469 viam
2969 1415 3224 1491 oportet
3259 1406 3633 1489 praecidere
3676 1408 4044 1474 occasiones
4098 1404 4573 1488 quaerentibus.
4597 1408 4665 1475 ยนยฒ}

2918 1493 3049 1557 Hic
3109 1492 3291 1574 prius
3334 1493 3537 1557 frater
3578 1492 3975 1558 Franciscus
4021 1490 4533 1574 Gompayniacus,
4575 1493 4667 1572 qui

2746 1599 2893 1642 cum
2956 1598 3164 1643 uxore
3230 1587 3344 1642 tua
3399 1577 3740 1644 Genevam
3805 1580 4129 1661 profectus
4191 1585 4312 1653 est,
4373 1577 4507 1654 tibi,
4556 1577 4663 1641 nisi

2746 1663 2958 1743 fallor,
3013 1665 3173 1730 satis
3216 1674 3410 1728 notus
3455 1672 3572 1728 est.
3664 1664 3766 1729 Tu
3810 1664 3889 1728 ab
3936 1684 4013 1729 eo
4072 1663 4320 1745 poteris
4365 1661 4445 1727 de
4484 1662 4660 1745 ipsius

2746 1757 2920 1814 statu
2986 1749 3227 1815 audire.
3316 1747 3394 1815 Si
3457 1750 3668 1814 iuvari
3734 1749 3949 1833 aliqua
4012 1749 4272 1814 ratione
4338 1756 4546 1831 posset
4592 1746 4659 1812 ad

2747 1834 3127 1901 discendum
3172 1834 3522 1900 artificium
3564 1834 3829 1918 aliquod
3877 1833 4050 1916 apud
4095 1855 4248 1911 voe,
4309 1834 4483 1916 pium
4514 1842 4657 1899 esset

2746 1919 3100 1985 admodum
3158 1941 3337 2003 opus.
3439 1921 3565 1986 Est
3617 1933 3684 1986 et
3739 1934 3964 1986 tonsor
4008 1918 4280 2003 quidam
4341 1920 4447 2002 qui
4497 1927 4654 1982 tuam

2745 2027 3017 2071 uxorem
3070 2006 3442 2089 alloquutus
3485 2015 3599 2072 est.
3690 2007 3893 2072 Visus
3935 2016 4037 2071 est
4077 2006 4270 2070 nobis
4315 2005 4422 2068 vir
4454 2005 4645 2069 bonus.

2745 2090 2880 2158 Sed
2923 2090 3155 2157 vereor
3208 2113 3292 2157 ne
3334 2092 3533 2157 isthic
3575 2092 3635 2157 ei
3681 2102 3817 2157 tam
3874 2094 3961 2157 sit
4004 2090 4274 2156 difficile
4320 2091 4439 2156 sibi
4488 2106 4648 2172 quam

2743 2176 2852 2243 hic
2916 2178 3166 2245 victum
3231 2198 3352 2243 sua
3404 2191 3546 2242 arte
3608 2199 3858 2261 parare.
3945 2178 4133 2243 Uxor
4178 2197 4331 2242 mea
4373 2189 4435 2240 te
4481 2174 4652 2257 pluri-

2744 2284 2927 2328 mum
2988 2264 3248 2341 salutat,
3315 2275 3382 2329 et
3437 2265 3674 2328 fratres
3745 2284 3987 2329 omnes.
4089 2260 4264 2327 Vale
4322 2262 4548 2345 optime
4602 2271 4653 2323 et
4746 2270 4747 2273 โ

2745 2349 3130 2414 diutissime.
3210 2349 3608 2415 Lausannae
3650 2354 3750 2414 29.
3797 2347 3969 2413 Iunii
4031 2350 4213 2412 1548.

3712 2486 3894 2552 'lโuus
3937 2486 4180 2552 Petrus
4226 2483 4507 2550 Viretus.

2916 2673 2980 2738 N
2983 2672 3319 2740 unciatum
3374 2673 3565 2740 nobis
3619 2682 3722 2740 est
3767 2673 3858 2738 Io.
3923 2671 4224 2738 Veterum
4263 2671 4469 2738 lodoci
4518 2671 4648 2734 Dia-
4746 2676 4747 2717 l

2751 2780 2990 2825 conum
3034 2772 3220 2842 peste
3285 2760 3489 2826 fuisse
3552 2766 3924 2843 correptum
3990 2764 4060 2823 et
4112 2760 4184 2822 in
4246 2777 4482 2840 magno
4537 2774 4650 2820 esso

2746 2844 2978 2911 mortis
3014 2844 3409 2912 discrimine.
3438 2850 3534 2923 ยนยณ)
3601 2848 3711 2911 An
3746 2844 3981 2910 obierit
4017 2844 4259 2910 nescio.
4342 2841 4650 2908 lebedum

2745 2932 2882 2996 fere
2962 2952 3218 3014 semper
3296 2938 3610 3017 aegrotat,
3703 2941 3820 2997 aut
3895 2930 4089 3013 fingit
4181 2950 4256 2994 se
4334 2935 4643 3079 aeffitara

2745 3017 2989 3083 Uxoris
3047 3016 3400 3082 Barbarum
3439 3017 3665 3097 frater,
3726 3015 3839 3100 qui
3881 3024 4025 3080 erat
4087 3033 4362 3081 numero
4455 3015 4467 3028 '
4536 3013 4641 3096 โpu-

2744 3103 2963 3169 lorum
2998 3104 3156 3183 eius,
3206 3125 3421 3189 nuper
3461 3125 3664 3188 quum
3697 3103 3770 3168 in
3813 3102 3961 3168 lacu
4004 3102 4260 3168 lavaret
4316 3101 4637 3167 submersus

2745 3189 2959 3273 periit.
3374 3201 3384 3207 โ

2921 3480 2982 3533 11
3046 3481 3159 3537 Hic
3191 3480 3356 3536 habes
3388 3482 3587 3551 quibus
3632 3481 3863 3550 explices
3906 3478 4189 3534 ommes
4234 3478 4475 3535 lection&
4498 3485 4621 3528 aaฮ

2737 3550 2921 3619 pluris
3012 3550 3291 3605 mensis
3324 3565 3406 3619 ep.
3442 3548 3520 3604 N.
3558 3547 3709 3604 1039.
4518 3608 4528 3620 ,

2916 3617 3011 3685 12)
3061 3619 3273 3674 Vin-ems
3306 3633 3419 3673 non
3452 3619 3572 3673 m
3602 3632 3773 3674 causa
3807 3616 4190 3672 แฟแฝทฮนฮนแฝฒแผแฝฒฮฟฮฝฮฟฮฝฮฑฮน
4223 3611 4614 3688 quantemฮ

2743 3686 3859 3768 austadiciooluitquoabamiin
3913 3681 4619 3755 moveretquioedosm

2742 3757 2906 3811 etiam
2916 3761 3010 3892 แฝฆ
3034 3757 3197 3812 rebus
3231 3755 3605 3812 memmae
3638 3755 3868 3825 mosei
3893 3755 4267 3824 mandabant.

3042 3841 3232 3881 rumor
3264 3840 3457 3879 vanus.

2086 5363 2587 5430 BRUNSVIGAE,
2624 5364 2836 5418 TYPIS
2870 5364 2941 5417 M.
2978 5363 3307 5418 BRUHNII.
