4825 6175
606 423 733 486 599
1898 406 1912 421 ‘
2159 415 2686 486 EPISTOLAE
2732 418 3072 481 952-956
4496 419 4599 485 600

602 609 773 676 Viro
818 609 1118 675 doctrina
1173 614 1239 673 et
1294 608 1536 692 pietate
1590 606 2156 690 praestantissimo
2199 605 2286 671 D.
2330 604 2567 671 Ioanni

780 695 1058 763 Calvino
1122 700 1531 778 symmystae
1593 702 1663 759 et
1728 693 1917 759 fratri
1974 715 2092 760 suo
2148 694 2219 758 in
2276 690 2567 756 Domino

779 780 1371 847 observandissimo

1922 881 2253 948 Genevae.

781 1035 850 1102 S.
914 1037 1240 1101 Dominus
1283 1035 1471 1101 Iesus
1514 1047 1581 1099 te
1637 1035 1978 1100 confirmet
2019 1042 2087 1099 et
2129 1033 2393 1100 roboret
2435 1035 2566 1117 spi·

601 1123 740 1188 ritu
784 1143 902 1187 suo
946 1123 1017 1186 in
1062 1121 1168 1187 his
1210 1130 1311 1186 tot
1353 1127 1421 1186 et
1457 1130 1593 1185 tam
1627 1119 1959 1185 insidiosis
2001 1118 2374 1198 assultibus,
2401 1122 2450 1198 ¹)
2486 1127 2565 1184 ut

608 1216 784 1272 stare
826 1207 1042 1291 possis
1085 1214 1153 1271 et
1194 1204 1519 1290 progredi.
1585 1203 1833 1271 Videre
1876 1226 2036 1271 sane
2078 1214 2147 1270 et
2188 1203 2418 1271 audire
2458 1206 2562 1270 vi-

609 1294 766 1360 deor
828 1293 1011 1371 mihi,
1079 1304 1227 1357 tuas
1291 1291 1372 1356 ad
1455 1291 1743 1357 Viretum
1761 1295 1818 1371 2)
1883 1290 2111 1375 legens
2127 1342 2143 1369 ,
2210 1291 2560 1356 hominum

606 1388 985 1445 nostrorum
1019 1377 1309 1462 genium,
1346 1378 1748 1462 suspiciones
1784 1385 1851 1443 et
1884 1377 2376 1442 criminationes
2410 1398 2564 1443 con-

605 1473 711 1530 tra
779 1466 1060 1547 optimos
1125 1484 1411 1547 quosque
1480 1462 1732 1529 Christi
1797 1483 2021 1528 servos
2085 1472 2151 1528 et
2211 1463 2562 1529 ministerii

604 1551 968 1616 eommunis
1014 1549 1451 1614 autoritatem.
1541 1548 1711 1613 Mihi
1755 1549 1931 1614 enim
1974 1549 2119 1632 ipsi,
2179 1550 2559 1633 priusquam

604 1636 830 1701 Berna
888 1634 1305 1713 discederem,
1323 1635 1379 1718 ⁸)
1438 1656 1556 1717 pro
1612 1642 1678 1699 te
1739 1654 1936 1700 causa
1993 1632 2382 1701 sustinenda
2435 1634 2562 1699 fuit

604 1721 923 1788 adversus
946 1721 1308 1785 calumnias
1330 1719 1525 1804 plane
1562 1719 1825 1799 similes,
1863 1719 2097 1803 quibus
2131 1740 2323 1785 aures
2358 1721 2559 1785 etiam

604 1809 674 1872 in
699 1808 979 1890 speciem
1003 1804 1438 1872 cordatiorum
1452 1805 1716 1889 quidam
1739 1805 2218 1888 implicuerant.
2246 1804 2558 1871 Summa:

606 1891 977 1958 dominatus
1021 1891 1490 1975 adpetitionem
1542 1891 1942 1975 impingunt,
1988 1891 2192 1957 semel
2234 1892 2558 1970 omnibus,

603 1979 893 2044 maxime
927 1999 1086 2045 vero
1122 1979 1258 2056 tibi,
1276 1981 1332 2051 ⁴)
1367 1988 1701 2060 utcunque
1736 1979 2126 2055 oeconomia,
2164 1998 2294 2061 qua
2328 1979 2556 2058 uteris,

602 2084 738 2129 non
781 2064 973 2148 paulo
1017 2065 1337 2129 minorem
1370 2064 1444 2128 in
1481 2062 1788 2130 civilibus
1828 2072 2218 2146 potestatem
2261 2073 2555 2147 usurpet,

604 2170 799 2233 quam
843 2151 1050 2216 soleat
1075 2171 1176 2214 ‘ex
1217 2149 1507 2232 ipsorum
1544 2149 1742 2214 etiam
1776 2146 2055 2215 decretis
2098 2149 2555 2233 consistorium

603 2245 901 2303 nostrum
920 2287 934 2313 ‚
995 2235 1264 2319 propius
1324 2243 1542 2299 autem
1600 2234 1683 2299 ad
1737 2235 2100 2318 scripturae
2156 2234 2404 2301 accedit
2447 2255 2555 2301 ca-

601 2342 865 2387 nonem.
956 2320 1091 2387 Sed
1133 2321 1337 2399 nosti,
1393 2321 1486 2384 mi
1530 2320 1752 2398 frater,
1800 2318 2055 2385 diutino
2099 2321 2555 2402 experimento

601 2428 642 2472 o
688 2407 850 2472 tima
894 2427 1187 2490 quaeque
1228 2405 1449 2471 studia
1482 2406 1913 2489 institutaque
1954 2406 2308 2487 impiorum
2351 2406 2555 2471 latra-

600 2492 655 2556 ti
700 2515 779 2558 us
821 2493 1119 2577 exposita
1163 2512 1323 2558 esse.
1412 2492 1645 2574 Itaque
1703 2501 1772 2555 et
1826 2493 2152 2555 maiorum
2204 2512 2370 2575 quas
2411 2512 2555 2556 mo-

596 2577 762 2655 liris,
807 2578 1060 2662 hocque
1101 2585 1398 2661 tempore
1440 2578 1727 2642 maxime
1772 2577 2215 2643 necessarium
2261 2576 2555 2643 conside-

602 2665 928 2729 rationem
974 2664 1094 2730 tibi
1152 2665 1371 2730 excuti
1430 2684 1564 2728 non
1618 2663 1904 2745 patieris.
2009 2661 2124 2729 Sic
2168 2664 2345 2728 enim
2392 2683 2556 2747 opus

600 2751 727 2815 erit
801 2751 873 2814 in
950 2758 1138 2814 tanta
1203 2750 1573 2814 animorum
1646 2770 1765 2832 per
1841 2748 2183 2815 ecclesiam
2263 2756 2554 2815 conster-

600 2838 884 2901 natione.

770 2923 916 3006 Ego
951 2920 1060 2986 hic
1093 2920 1268 2986 circa
1311 2918 1575 2986 scholae
1607 2919 2091 2985 institutionem
2120 2929 2483 3002 occupatus
2496 2919 2554 3005 ὁ)

602 3005 774 3072 diem
826 3009 1023 3091 plane
1082 3005 1246 3070 mihi
1306 3005 1545 3070 festum
1604 3025 1798 3090 agere
1851 3004 2104 3084 videor,
2170 3015 2236 3070 et
2290 3005 2361 3070 in
2431 3005 2556 3071 hac

601 3103 791 3159 tanta
849 3094 1131 3158 fratrum
1190 3093 1646 3157 coniunctione
1704 3100 1771 3157 et
1824 3093 2321 3157 conversatione
2374 3101 2553 3158 totus

602 3180 1004 3262 conquiesco,
1051 3190 1119 3244 et
1161 3179 1371 3243 veluti
1412 3199 1449 3242 e
1493 3186 1879 3260 tempestate
1923 3179 1993 3243 in
2036 3187 2302 3261 portum
2344 3199 2551 3262 quen-

600 3265 750 3330 dam
795 3266 1123 3348 tantisper
1166 3262 1421 3329 delatus
1464 3262 1935 3328 iucundissime
1978 3263 2252 3328 reficior.
2323 3263 2553 3329 Domi-

554 3378 564 3389 ·
597 3372 726 3417 nus
770 3351 937 3415 faxit
979 3358 1058 3415 ut
1101 3349 1504 3416 halcedoniis
1547 3348 1726 3414 hisce
1769 3348 1903 3412 frui
1938 3347 2052 3413 diu
2086 3348 2191 3414 vel
2237 3348 2399 3415 haec
2444 3370 2553 3415 ec·-

598 3436 797 3502 olesia
840 3436 1062 3519 possit,
1111 3434 1284 3500 unde
1317 3456 1465 3517 spes
1509 3442 1610 3500 est
1638 3435 1839 3500 totius
1882 3433 2260 3518 provinciae
2305 3443 2550 3500 statum

596 3523 666 3586 in
711 3522 946 3587 melius
989 3523 1420 3587 constitutum
1474 3521 1554 3585 iri
1600 3520 1912 3603 temporis
1956 3540 2287 3602 procursu.
2377 3521 2550 3586 Nam

640 3606 753 3672 uid
796 3608 864 3672 in
910 3607 1233 3672 Beruensi
1288 3605 1562 3672 ecclesia
1617 3613 1880 3687 praeter
1935 3605 2304 3684 conflictus,
2364 3626 2551 3672 soan-

644 3693 748 3758 ala
791 3699 857 3758 et
898 3692 1343 3758 confusionem
1384 3704 1751 3775 exspectem
1797 3712 1927 3755 non
1964 3690 2170 3770 video,
2214 3692 2344 3757 nisi
2378 3692 2552 3776 quod

598 3786 668 3844 et
708 3787 939 3861 potens
981 3791 1083 3843 est
1124 3777 1454 3842 Dominus
1497 3786 1566 3842 et
1607 3798 1750 3841 eam
1795 3797 2047 3860 quoque
2090 3782 2550 3860 tempestatem

598 3861 845 3943 sedare,
882 3874 950 3929 et
986 3863 1160 3930 mala
1194 3864 1394 3929 etiam
1429 3877 1655 3927 nostra
1689 3860 1772 3928 ad
1807 3864 1911 3928 sui
1946 3862 2232 3927 nominis
2274 3863 2550 3947 gloriam

597 3959 664 4015 et
707 3951 1062 4016 electorum
1106 3949 1386 4016 salutem
1429 3954 1829 4014 convertere.
1920 3948 2182 4013 Literas
2215 3947 2368 4015 DD.
2408 3948 2550 4033 My-

631 4238 772 4293 952.
817 4240 871 4306 l)
912 4238 1043 4307 Ipse
1074 4238 1288 4308 quidem
1330 4236 1591 4293 Calvinus
1625 4239 1686 4291 in
1720 4252 1891 4292 caasa
1927 4237 2158 4292 Perrt’ni
2184 4239 2400 4306 primas
2433 4256 2548 4294 non

594 4308 804 4378 agebat,
841 4324 1025 4361 veram
1061 4308 1257 4375 neyari
1301 4309 1486 4378 nequit
1531 4308 1648 4360 eius
1692 4308 1927 4360 maxiem
1972 4321 2196 4361 caueam
2242 4308 2331 4362 bic
2365 4315 2546 4363 actam

589 4379 783 4445 lazese,
817 4392 1004 4445 nempe
1037 4375 1360 4444 disciplinae
1404 4382 1455 4430 et
1498 4376 1826 4431 consistorii.
1899 4373 2123 4430 Suleero
2157 4376 2258 4431 hae
2291 4392 2381 4431 ree
2414 4378 2549 4433 bene

594 4447 925 4500 innotescere
956 4451 1251 4514 potuerunt
1292 4460 1457 4514 qaum
1501 4444 1772 4499 Bernatee
1815 4444 2172 4498 mediatorum
2198 4452 2394 4513 partes
2439 4447 2549 4502 sibi

593 4514 949 4578 vindicarent,
997 4516 1163 4568 misso
1210 4514 1384 4583 legato
1424 4513 1505 4566 10.
1545 4512 1749 4567 Franc.
1790 4511 1878 4565 Ne
1914 4512 2055 4567 elino
2089 4514 2322 4583 consule,
2397 4516 2459 4569 ai
2489 4516 2543 4570 d.

594 4581 644 4635 4.
687 4581 800 4637 Oct.
839 4588 1082 4636 senatum
1129 4581 1285 4635 adiit.
1372 4580 1648 4635 Postridie
1690 4581 1808 4636 ciue
1893 4582 1969 4634 iei
2020 4581 2203 4637 Faber
2235 4588 2288 4637 et
2373 4585 2549 4637 enini

592 4667 737 4705 uxor
773 4652 1003 4705 vinculis
1037 4652 1202 4704 solmi
1233 4656 1364 4704 sant
1396 4666 1462 4703 ea
1494 4650 1603 4717 leye
1636 4655 1699 4704 ut
1743 4651 1960 4704 veniam
2005 4658 2055 4705 et
2088 4651 2404 4706 oblivionem
2443 4652 2542 4706 lm-

595 4722 796 4773 militer
829 4720 941 4774 sibi
972 4718 1365 4774 concedendam
1437 4723 1665 4772 eterent:
1699 4716 1752 4771 ἄ.
1788 4716 1837 4770 9.
1879 4716 1993 4771 Oct.
2034 4719 2302 4773 Pero-inus
2334 4736 2402 4775 ca
2454 4722 2467 4734 '

591 4795 732 4842 natu
778 4790 1064 4842 abdicatus
1109 4793 1200 4840 esi.
1274 4734 1521 4856 (Garine,
1569 4786 1822 4857 quelques
1860 4803 2034 4856 payee
2074 4804 2130 4855 p.
2176 4786 2247 4840 23
2296 4804 2338 4842 s.
2500 4805 2543 4843 ε.

596 4856 816 4912 arenas
846 4856 1049 4924 fraym.
1081 4856 1279 4924 bioqr.)

797 4924 857 4988 2)
897 4925 1222 4991 deperditas.

593 5061 633 5115 d
800 4994 858 5059 3)
898 4994 1238 5048 Lousonnae
1270 4999 1403 5061 erat,
1451 5008 1555 5063 quo
1588 5007 1647 5046 se
1679 4992 1978 5047 contulerat
2015 4993 2227 5048 scholae
2261 4995 2544 5050 instituen-

634 5078 698 5115 (ιε
732 5078 919 5117 cauea.

797 5130 858 5190 4)
896 5145 1066 5200 neque
1101 5147 1224 5183 vero
1259 5130 1376 5183 sine
1411 5130 1598 5196 specie.

799 5201 855 5266 5)
897 5199 990 5252 Ex
1023 5215 1129 5268 qao
1166 5207 1394 5267 apparet
1440 5215 1556 5251 eam
1591 5199 1774 5253 adhue
1816 5198 2004 5268 aliqua
2048 5200 2204 5267 apud
2237 5200 2545 5256 Ber-neum

581 5273 889 5404 ῗηίονιῑαιε
936 5277 1045 5321 tam
1095 5269 1348 5338 temporis
1391 5284 1548 5320 usum
1595 5267 1788 5334 fuisse,
1823 5283 2132 5336 quanquam
2169 5270 2367 5323 sensim
2402 5270 2543 5324 labe·

617 5344 817 5393 actaia.

2670 604 2838 670 conii
2877 610 2946 670 et
2984 603 3225 670 Buceri
3244 606 3301 684 ⁶)
3343 605 3537 672 mitto
3552 656 3570 685 ,
3627 604 3743 672 sed
3786 602 4035 670 tardius
4089 604 4363 670 forsitan
4377 654 4395 685 ,
4451 606 4599 689 quod

2670 689 2868 755 hodie
2920 690 3053 756 sint
3113 691 3401 774 primum
3458 691 3623 757 mibi
3676 689 3990 757 redditae.
4094 691 4598 775 A1gentinensis,

2670 783 2745 840 ut
2787 774 3087 860 adparet,
3143 777 3417 842 ecclesia
3460 777 3649 861 gravi
3690 776 4185 861 perturbatione
4228 776 4510 860 agitatur
4543 784 4601 843 et

2669 882 2935 1014 mx.
2962 863 3244 1014 2⁰33&ss
3284 862 3543 1034 ¹22³&
3567 861 4602 1014 ⁷303⁰ffl32⁶⁰ut⁰⁰3300⁸¹3¹²ffi

2667 1039 2857 1099 tanta
2908 1034 3436 1117 germanicorum
3489 1043 3558 1100 et
3613 998 4086 1102 helveticoruin
4141 1035 4432 1099 maxime
4480 1040 4603 1099 stu-

2668 1117 2924 1184 diorum
2982 1119 3406 1187 distractione
3460 1128 3529 1187 et
3592 1120 3793 1185 nimis
3849 1127 4187 1204 comperta
4249 1119 4602 1204 principum

2666 1204 2910 1270 saeculi
2966 1206 3160 1271 buius
3210 1205 3503 1290 perfidia.
3592 1205 3957 1291 Rogandus
4012 1207 4220 1291 igitur
4272 1206 4601 1286 Dominus,

2665 1290 2766 1355 uti
2811 1290 2913 1356 vel
2958 1290 3079 1357 has
3114 1292 3483 1376 evangelici
3524 1290 3797 1358 seminis
3831 1291 4144 1375 reliquias
4188 1311 4456 1358 servare
4494 1292 4603 1357 mi-

2665 1376 3082 1443 sericorditer
3137 1378 3322 1446 velit.
3420 1377 3591 1443 Vale
3647 1378 3719 1441 in
3775 1376 4068 1458 Christo,
4132 1379 4339 1443 frater
4402 1378 4605 1443 obser·

2666 1461 3085 1528 vandissime.
3174 1464 3575 1530 Lausannae
3629 1466 3719 1529 13.
3768 1462 3999 1529 Octob.
4044 1484 4220 1561 anno
4272 1465 4456 1528 154⁷.

3428 1600 3611 1666 Tuus
3656 1608 3835 1666 totus
3879 1597 3951 1667 S.
3997 1598 4360 1668 Sultzerus.

2835 1768 3072 1835 Saluta
3128 1771 3290 1837 meis
3347 1771 3566 1837 verbis
3624 1791 3897 1837 uxorem

2662 1864 2729 1920 et
2768 1866 3189 1941 symmystas.

3436 2152 3842 2161 o————-——*--—.-

3566 2369 3718 2440 953.

3147 2520 3619 2591 CALVINUS
3664 2523 3999 2591 MYOON
4002 2522 4121 2592 10.

2808 2680 3237 2760 'Transmidit
3279 2696 3339 2761 ei
3381 2675 3706 2777 epistolam
3746 2696 3835 2762 ad
3876 2692 4311 2762 Bernardam.

2662 2863 3086 2933 (Autographon
3123 2869 3306 2919 exstat
3337 2865 3395 2920 in
3415 2866 3638 2920 Archiv.
3675 2867 3850 2920 Turio.
3886 2868 4029 2921 Plnt.
4064 2866 4167 2921 VI.
4202 2867 4332 2921 Vol.
4372 2868 4489 2934 111,
4522 2868 4607 2924 fol.

2779 2930 2919 2987 1435
2953 2933 3083 2987 olim
3117 2934 3256 3003 Epp.
3295 2933 3393 2989 VI.
3430 2935 3496 2991 P.
3532 2937 3578 2990 1.
3614 2966 3683 2975 —
3720 2936 3981 2990 Simlerus
4014 2936 4184 2990 habet
4219 2936 4346 2991 Vol.
4381 2935 4500 3006 65.)

2965 3104 3183 3172 Fideli
3230 3104 3485 3173 Ohristi
3527 3108 3833 3174 ministro
3879 3154 4208 3174 ......
4238 3106 4286 3199 ¹)

2831 3241 2899 3309 S.
2968 3242 3053 3308 In
3109 3244 3482 3327 praesentia
3548 3245 3717 3310 nihil
3772 3244 3955 3310 aliud
4007 3254 4151 3311 erat
4203 3265 4442 3312 causae
4498 3268 4608 3313 cur

2654 3329 2774 3394 tibi
2818 3328 3186 3405 scriberem,
3230 3330 3356 3395 nisi
3413 3337 3493 3394 ut
3539 3350 3700 3414 quas
3745 3327 3828 3395 ad
3869 3331 3957 3396 D.
4004 3329 4417 3398 Bernardam
4434 3331 4490 3418 ²)
4532 3332 4604 3396 li-

2657 3422 2832 3481 teras
2888 3414 3101 3481 seribo
3158 3412 3312 3481 huic
3366 3415 3630 3482 chartae
3683 3418 3971 3483 inclusas
4016 3415 4136 3480 tibi
4189 3416 4601 3496 destinarem,

2654 3521 2783 3583 quo
2824 3521 2943 3583 per
2985 3520 3260 3565 manum
3316 3509 3499 3565 tuam
3556 3501 3936 3568 reddantur.
4023 3503 4189 3568 Peto
4243 3502 4455 3588 igitur
4496 3504 4609 3570 abs

2655 3596 2721 3656 te
2763 3607 2961 3669 quam
3003 3586 3288 3668 primum
3334 3584 3402 3651 id
3446 3596 3523 3653 ut
3560 3588 3781 3668 facias,
3840 3588 3965 3655 hoc
4008 3597 4126 3668 est,
4171 3589 4367 3655 simul
4414 3596 4602 3673 atque

2653 3670 2996 3755 receperis.
3121 3670 3197 3737 Si
3274 3671 3430 3756 quid
3509 3672 3904 3758 respondere
3967 3673 4177 3753 volet,
4257 3674 4382 3740 hoc
4447 3675 4601 3740 mihi

2657 3758 2853 3823 etiam
2896 3758 3181 3824 officium
3224 3758 3588 3842 praestabis
3602 3811 3618 3838 ,
3677 3770 3751 3825 ut
3794 3759 4011 3843 aliqua
4054 3767 4170 3825 tua
4211 3761 4602 3844 superscrip-

2655 3844 2835 3910 tione
2869 3843 3095 3909 literas
3150 3851 3350 3928 tegas.
3416 3844 3605 3923 Vale,
3650 3846 3855 3911 frater
3894 3845 3969 3909 in
4005 3844 4274 3911 Christo
4319 3846 4605 3913 colende.

2652 3928 2963 3995 Christus
2983 3928 3171 3995 Iesus
3214 3938 3279 3994 te
3322 3948 3399 3994 ac
3441 3930 3781 3998 eeclesiam
3823 3942 4004 3996 tuam
4049 3942 4411 3998 conservet.
4474 3932 4599 3999 Ge-

2652 4035 2861 4080 nevae
2912 4020 3006 4079 15.
3054 4014 3320 4081 Octobr.
3341 4018 3396 4092 ⁸)

3566 4153 3849 4219 Ioannes
3891 4153 4211 4220 Calvinus
4256 4161 4430 4221 tuus.

2798 4446 2807 4455 Ι
2854 4372 2917 4456 β)
2956 4374 3211 4445 Myconii
3242 4376 3522 4442 ffletolam
3557 4375 3716 4429 modo
3749 4377 3945 4445 leof-sti,
3982 4375 4189 4431 Baceri
4218 4392 4333 4431 non
4366 4378 4599 4446 reperire

2654 4449 2916 4574 Μεψξ)
2954 4518 3098 4565 meta
3132 4513 3332 4566 coelicet
3367 4512 3744 4580 Imperatoris.
4086 4463 4095 4474 ι

2685 4580 2826 4634 958.
2865 4581 2924 4648 1)
2962 4579 3191 4635 Caetera
3223 4580 3432 4635 desunt.

2856 4647 2918 4717 2)
2958 4648 3266 4703 Senator-em
3302 4649 3668 4703 Baeaeeneem
3707 4648 3969 4703 Simleras
4019 4649 4166 4705 hanc
4200 4649 4380 4716 fni-see
4423 4651 4593 4719 caepi·

2740 4735 2825 4772 ar.

2855 4785 2912 4852 3)
2950 4785 3043 4839 Ad
3087 4802 3138 4838 a.
3189 4783 3324 4838 1547
3369 4785 3538 4852 refert
3585 4784 3865 4840 Simleras.
3963 4783 4131 4853 Quem
4176 4788 4448 4856 sequimur
4493 4803 4589 4855 ps·

2648 4871 2771 4910 ram
2806 4855 2998 4909 secari.
3072 4853 3326 4922 Myconii
3367 4855 3648 4923 epistolam
3684 4856 3738 4908 d.
3774 4854 3828 4908 2.
3870 4853 3982 4909 Oct.
4028 4856 4290 4924 scriptam
4342 4854 4589 4911 Suam

2648 4923 2701 4978 d.
2747 4921 2831 4977 13.
2879 4923 2990 4978 Oct.
3039 4938 3104 4976 esc
3151 4921 3463 4976 Laasanna
3514 4923 3592 4977 ad
3647 4923 3929 4977 Calvinum
3983 4926 4149 4978 mieit.
4240 4924 4418 4978 Talem
4469 4940 4586 4979 vero

2645 4992 2736 5047 hic
2768 5008 2936 5062 quam
2969 4992 3111 5046 hanc
3148 4989 3343 5045 Idibus
3378 4992 3632 5046 scriberet
3664 4992 3936 5046 evidenter
3969 5005 4087 5046 non·
4116 5000 4418 5061 acceperat,
4544 4995 4554 5006 “

2647 5060 2715 5116 de
2749 5076 2816 5114 ea
2849 5067 3001 5116 tacet.
3075 5058 3183 5113 Sed
3217 5059 3443 5114 biduum
3479 5061 3556 5114 ad
3588 5060 4026 5127 transferendam
4054 5061 4156 5128 suf
4231 5063 4241 5074 “
4360 5104 4375 5117 .
4450 5007 4585 5129 m

2647 5130 2796 5199 qaod
2837 5127 3101 5185 calvam
3132 5131 3251 5195 ipse
3283 5144 3403 5182 eam
3436 5130 3550 5182 iam
3579 5129 3764 5197 pridie
3799 5129 3940 5182 Idae
3986 5137 4261 5198 acceptam
4307 5131 4481 5186 dicere
4509 5131 4585 5184 ci-

2647 5199 2822 5264 ἀρίαν,
2851 5199 3114 5266 proxima
3149 5196 3226 5250 ad
3263 5196 3576 5267 Myconium
3615 5200 3823 5266 εον-ἆραι
3861 5197 3934 5253 N.
3971 5198 4087 5252 956.

2649 4725 2739 4773 cat
