4825 6175
193 405 302 468 557

187 588 291 655 illo
337 588 475 670 ipso
526 586 794 670 pietatis
848 585 1063 653 studio
1102 586 1319 653 veluti
1369 588 1519 654 suxi
1575 597 1646 653 et
1698 587 2116 654 statuendam

187 673 385 740 didici.
429 672 533 737 ‘ru
553 694 711 739 vero
737 673 938 738 etiam
960 672 1144 738 illam
1168 674 1490 739 rationem
1510 694 1730 739 coram
1750 672 1807 756 ²)
1829 673 2116 740 fraterne

187 757 550 837 admodum,
609 766 805 842 atque
861 759 1059 824 etiam
1098 779 1279 825 nunc
1321 758 1728 826 suavissimis
1771 768 1840 824 et
1880 758 2115 826 doctis-

186 845 351 911 timis
382 843 515 909 tuis
554 843 767 909 literis
812 842 1166 910 accendisti
1180 895 1200 923 ,
1257 845 1571 928 quasique
1616 845 1710 911 ab
1750 846 1932 910 omni
1973 865 2115 910 mo—

183 931 362 997 lestia
401 928 761 996 vindicasti.
850 928 1020 1011 Quis
1063 930 1243 994 enim
1286 949 1422 995 non
1464 927 1751 996 studiose
1792 938 1989 1013 atque
2031 951 2116 996 ex

184 1017 406 1093 animo,
450 1014 548 1081 uti
581 1014 978 1095 scribuntur,
1025 1015 1107 1082 ab
1151 1036 1227 1081 eo
1260 1015 1557 1099 accipiat,
1602 1017 1714 1100 qui
1755 1014 1932 1081 idem
1974 1037 2115 1082 mo-

182 1101 394 1168 lestias
456 1120 681 1166 omnes
725 1108 1038 1184 expertus
1093 1101 1411 1185 singulari
1468 1100 1616 1167 illas
1672 1101 2116 1166 moderatione

183 1188 375 1253 animi
444 1194 511 1252 et
560 1187 932 1253 constantia
980 1206 1119 1251 rem
1176 1185 1543 1261 incredibili
1602 1187 1867 1271 pietatis
1922 1186 2116 1252 laude

181 1271 489 1356 pertulit?
579 1269 760 1337 Sane
803 1272 1022 1352 etiam,
1060 1271 1216 1337 dum
1259 1272 1367 1339 hic
1426 1272 1641 1338 adhuc
1694 1273 1968 1338 haerere
2009 1294 2116 1338 co·

179 1378 310 1443 gor,
324 1359 383 1442 ⁸)
427 1359 634 1422 vitam
676 1357 838 1422 mihi
882 1358 1076 1442 longe
1119 1358 1605 1424 acerbissimam
1649 1358 2115 1437 existimarem,

179 1444 232 1510 si
293 1443 458 1508 mihi
521 1463 653 1508 non
714 1443 833 1508 illa
894 1463 1057 1509 vera
1119 1453 1188 1508 et
1248 1445 1403 1510 viva
1465 1445 1566 1508 tui
1627 1444 1846 1527 imago
1909 1444 2117 1509 veluti

177 1529 505 1612 exemplar
545 1528 765 1595 animo
807 1548 952 1593 meo
985 1529 1054 1593 in
1098 1528 1203 1596 his
1245 1529 1566 1596 molestiis
1607 1537 1982 1595 occurreret
2014 1534 2114 1593 at-

177 1635 296 1697 que
336 1614 825 1692 obversaretur,
883 1622 950 1680 et
1005 1612 1219 1679 adhuc
1275 1635 1356 1680 ea
1400 1635 1565 1698 quae
1623 1614 1739 1680 abs
1782 1623 1849 1679 te
1891 1614 2116 1681 audivi

177 1720 359 1765 aures
400 1719 587 1764 meas
629 1702 857 1766 crebre
897 1709 1343 1782 personarent.

338 1784 537 1867 Quod
577 1792 650 1850 tu
710 1786 877 1851 scire
933 1784 1147 1867 cupis,
1205 1785 1518 1869 quidnam
1574 1785 1647 1849 in
1703 1784 1902 1850 rebus
1950 1785 2115 1851 meis

76 1888 80 1901 ’
174 1871 292 1936 sim
325 1878 788 1954 consequutus,
834 1892 999 1953 quae
1035 1891 1183 1954 spes
1216 1870 1738 1954 recipiendarum
1772 1878 1915 1948 etc„
1958 1871 2115 1936 facis

173 1964 243 2021 tn
282 1957 614 2040 pei-amice
650 1954 1020 2034 admodum,
1064 1966 1130 2021 et
1170 1966 1245 2022 tu
1287 1977 1396 2022 me
1437 1956 1602 2022 istac
1642 1964 1759 2022 tua
1799 1955 2110 2021 sollicitu-

172 2040 318 2108 dine
368 2041 655 2107 mnltum
709 2062 981 2107 recreas.
1081 2042 1227 2126 Ego
1291 2049 1499 2118 certe,
1566 2063 1649 2106 ne
1700 2041 1984 2120 nescias,
2042 2042 2113 2106 in

169 2147 312 2194 meo
355 2125 576 2192 reditu
593 2129 654 2203 ⁴)
699 2127 865 2192 nihil
907 2126 1209 2194 meliores
1263 2148 1370 2193 res
1424 2126 1809 2193 domesticas
1850 2127 2112 2205 offendi,

171 2232 363 2295 quam
406 2214 622 2296 ipsam
637 2263 655 2292 ,
714 2222 792 2278 ut
833 2212 947 2278 ille
998 2212 1240 2291 aiebat,
1298 2211 1784 2295 rempublicam.
1873 2212 2113 2279 Adhuc

170 2297 234 2363 vi
284 2305 614 2382 geruntur
671 2298 918 2363 omnia:
940 2295 998 2382 ὁ)
1065 2297 1228 2364 nihil
1292 2299 1472 2362 intra
1534 2298 1817 2380 parietes
1872 2306 2111 2377 tntum,

167 2383 423 2450 salvum
469 2390 585 2449 aut
625 2383 950 2449 incolume
993 2384 1250 2449 mansit.
1328 2381 1768 2465 Recipiendae
1809 2384 2038 2449 uxoris
2058 2386 2113 2460 ⁶)

167 2489 311 2551 spes
355 2470 531 2535 bona
573 2478 640 2534 et
682 2477 862 2536 certa
904 2489 1046 2534 esse
1090 2467 1372 2549 videtur,
1417 2467 1532 2534 sed
1575 2488 1615 2533 a
1656 2469 1821 2534 meis
1862 2470 1929 2534 id
1974 2490 2112 2534 om-

166 2553 317 2620 nino
371 2553 542 2619 mihi
598 2556 916 2638 scriptum
969 2562 1072 2619 est
1125 2554 1266 2619 fieri
1324 2564 1461 2618 tam
1516 2553 1645 2619 cito
1701 2576 1835 2619 non
1888 2575 2108 2638 posse:

162 2646 305 2705 tum
348 2640 434 2706 ob
478 2649 744 2723 partum
796 2640 903 2706 cui
957 2650 1058 2705 est
1112 2641 1438 2722 proxima,
1507 2647 1647 2705 tum
1706 2660 1861 2704 vero
1915 2640 2113 2705 etiam

162 2733 236 2789 ut
277 2725 596 2809 reliquias
649 2724 1005 2803 incendiiJ)
1050 2725 1313 2808 colligat
1328 2776 1343 2803 ‚
1411 2744 1575 2808 quas
1640 2724 1905 2807 quidem
1959 2725 2111 2792 reli-

160 2810 348 2893 quias
407 2809 687 2894 perfidia
740 2819 1116 2876 nostrorum
1171 2810 1511 2875 hominum
1566 2808 1916 2876 admodum
1973 2812 2113 2876 exi-

161 2916 324 2980 guas
367 2906 439 2962 et
489 2903 845 2980 pertenues
901 2895 1071 2962 fecit.
1159 2893 1295 2961 Sed
1350 2902 1572 2960 tamen
1587 2944 1604 2973 ,
1654 2901 1732 2959 ut
1787 2903 1858 2960 tu
1915 2895 2112 2980 probe

159 3001 389 3048 mones
405 3034 422 3062 ‚
482 2983 684 3047 etiam
738 2982 820 3047 iis
836 3032 851 3059 ,
925 2981 1122 3046 etiam
1181 2979 1383 3046 nullis
1441 2988 1791 3045 contentus
1849 3002 1990 3058 ero,
2048 2993 2114 3047 et

160 3066 445 3134 laudabo
511 3069 893 3133 Dominum.
997 3067 1265 3133 Interea
1317 3065 1699 3133 commendo
1763 3066 1876 3133 illa
1928 3068 2112 3133 infir-

159 3154 372 3219 miora
415 3153 689 3218 Domini
734 3152 999 3218 vascula
1012 3154 1074 3236 8)
1118 3154 1249 3219 tuis
1293 3152 1533 3217 sanctis
1568 3150 1898 3236 precibus,
1956 3152 2109 3218 dum

159 3239 426 3322 captiva
469 3238 642 3322 apud
685 3238 832 3303 illos
874 3237 1361 3303 detinebuntur.

328 3324 444 3390 De
485 3325 683 3391 rebus
726 3345 891 3408 quae
926 3323 1034 3390 hic
1078 3334 1218 3390 tum
1254 3331 1576 3407 geruntur
1608 3329 1748 3386 tum
1784 3321 2108 3403 dicuntur,

200 3407 353 3476 lura
389 3410 466 3476 in
503 3411 719 3475 animo
755 3420 897 3475 erat
930 3409 1234 3488 scribere,
1272 3406 1387 3474 sed
1421 3409 1626 3473 otium
1661 3407 1883 3475 defuit.
1938 3409 2112 3475 Nam

156 3430 320 3562 liaeo
376 3492 704 3576 scribendi
758 3496 1007 3561 occasio
1062 3494 1229 3559 mihi
1281 3492 1634 3559 admodum
1679 3514 1990 3578 praeceps
2046 3502 2113 3560 et

154 3601 608 3665 praepropera
649 3581 790 3645 fuit.
881 3579 1117 3646 Saluta
1158 3599 1304 3645 meo
1347 3578 1609 3644 nomine
1651 3580 1735 3645 D.
1780 3579 2111 3646 Davidem

158 3666 504 3747 Luscium,
562 3666 915 3746 Nicolaum,
935 3667 991 3745 ⁹)
1046 3665 1392 3731 Henricum
1459 3671 1755 3729 nostrum
1771 3716 1787 3744 ,
1842 3666 2112 3730 fratrem

154 3759 346 3818 tuum
397 3758 471 3818 et
509 3772 748 3817 uxores
790 3771 1036 3817 omnes.
1104 3752 1251 3835 Ego
1285 3750 1447 3815 alias
1483 3759 1597 3816 aut
1625 3749 1824 3816 latius
1860 3749 1940 3815 de
1974 3772 2113 3816 om-

153 3838 361 3905 nibus
407 3836 495 3904 ad
535 3846 602 3903 te
626 3837 925 3903 'scribam
984 3842 1100 3902 aut
1153 3838 1295 3919 ipse
1349 3837 1628 3901 veniam.
1655 3837 1736 3915 ¹⁰)
1824 3835 2003 3919 Opto
2045 3845 2113 3901 te

153 3944 310 3990 cum
375 3923 560 3990 omni
615 3928 733 3987 tua
787 3921 1037 3987 familia
1091 3920 1166 3986 in
1222 3920 1488 3988 Christo
1539 3928 1715 3987 recte
1770 3921 1990 3988 valere
2046 3928 2116 3987 et

154 4011 376 4076 nostri
420 4009 817 4074 meminisse.
906 4012 1006 4073 20.
1052 4007 1226 4072 Iulii.
1256 4008 1341 4087 ¹¹)

1161 4126 1345 4192 'I'uus
1386 4124 1482 4191 Io.
1526 4125 1938 4211 Burgundus.

367 4282 431 4350 2)
469 4281 594 4336 Ιαιιι
628 4295 697 4335 ex
725 4281 912 4348 priore
943 4280 1045 4335 illa
1076 4279 1308 4350 epistola
1339 4279 1600 4348 eolleyisti
1648 4278 1963 4349 Οτιὶιρόιιιιιιι
2005 4279 2112 4335 Ge·

151 4368 328 4408 m..
353 4349 1021 4483 aar...

368 4487 437 4548 4)
474 4486 718 4541 Parisiis
749 4487 1001 4551 fortasse.

370 4557 438 4622 5)
477 4556 928 4625 Persequutt'onee
962 4558 1208 4622 vomente
1241 4568 1392 4608 anno
1423 4550 1560 4607 1546
1594 4553 1655 4607 ιἰι
1689 4551 1802 4608 iuis
1833 4555 1998 4610 terris
2030 4572 2113 4610 re·

154 4626 480 4682 crudescere
512 4629 814 4692 coeperunt.

373 4691 433 4758 6)
470 4693 581 4747 Hic
612 4689 943 4758 conferenda
977 4687 1788 4813 mwQBfflumffi
1810 4687 1928 4743 738.

373 4760 440 4896 ἔξ
480 4760 717 4911 gmon-em
749 4835 800 4883 et
843 4764 1066 4894 βῶσαι-σεξ
1086 4775 1249 4896 quos„
1263 4774 1565 4896 Ρνοὲιίιιςιιι·
1604 4825 1898 4880 retinuisse
1927 4825 2111 4881 viden·

153 4909 249 4956 ‘a'
286 4906 342 4956 d
377 4896 1192 5048 garapotetffiftgbgezzzas&
1269 4961 1360 5017 De
1394 4963 1598 5018 Laudo
1639 4968 1692 5018 et
1725 4961 1968 5017 Honn'co
1999 4978 2112 5018 ιιοιι

150 5039 431 5095 habmus
640 5034 904 5088 ἆιοαιιιιιε.

337 5104 435 5168 10)
525 5118 740 5158 eneam
776 5117 833 5156 se
863 5102 1093 5157 contidit
1120 5115 1242 5155 cum
1275 5099 1430 5155 Bam
1460 5115 1529 5153 ιιι.
1571 5099 1687 5155 Oct.
1722 5097 1876 5155 1548.

338 5173 439 5242 11)
477 5172 622 5228 Sane
652 5187 765 5225 ιιοιι
799 5169 1037 5225 eiusdem
1068 5170 1210 5223 anni
1241 5174 1402 5238 atque
1433 5167 1533 5222 ala
1563 5184 1729 5237 quam
1761 5170 1840 5223 ad
1874 5166 1954 5222 12.
1974 5165 2118 5222 que·

153 5242 304 5300 1516
336 5243 627 5298 remanes
662 5240 769 5306 (N.
804 5236 947 5305 808).
1027 5237 1223 5291 Verum
1254 5251 1333 5290 an
1375 5236 1507 5290 haec
1547 5235 1626 5290 od
1658 5235 1793 5290 1547
1824 5236 2114 5306 referenda

155 5317 251 5382 cit,
286 5313 383 5369 vel
417 5311 552 5367 adeo
583 5310 660 5364 ad
693 5306 831 5362 1548
855 5306 1066 5362 ‘dubius
1098 5305 1320 5360 haerere
1348 5304 1569 5373 poteris.
1957 5361 1982 5392 s

1965 384 2125 467 154²!
2170 401 2353 470 IUL.

4042 413 4167 476 558

3116 592 3269 665 ⁹2⁹.

2684 743 3203 811 DRYANDER
3246 746 3681 814 GALVINO.

2397 913 2793 981 Permrbatio
2810 915 3035 997 ubique
3066 917 3355 981 maoeivna
3386 917 3574 982 etiam
3606 916 3924 986 hominm
3941 942 4167 989 sensus

2221 1007 2278 1068 et
2308 1001 2701 1084 coqitationes
2740 1000 3002 1066 invadit.
3090 1000 3311 1067 Etiam
3367 1002 3658 1068 Helvetia
3702 1006 4012 1084 perimatis
4064 1008 4165 1075 ob-

2219 1106 2412 1154 sessa.
2503 1085 2590 1150 In
2630 1086 2984 1152 commercio
3026 1087 3366 1152 amicornm·
3406 1089 3662 1153 unicum
3703 1089 4015 1157 solatium.

2530 1255 2641 1322 (nx
2678 1256 3010 1326 autographo
3045 1255 3178 1312 cod.
3213 1256 3414 1311 eom.
3451 1257 3570 1328 112,
3603 1259 3695 1314 fol.
3730 1258 3845 1329 69.)
3975 1229 3988 1243 '

2392 1444 2767 1511 Clarissimo
2810 1443 2955 1509 viro
2991 1445 3074 1510 D.
3119 1444 3405 1509 Iohanni
3450 1445 3726 1513 Oalvino

3518 1531 3852 1600 Genevae.

2391 1664 2463 1732 S.
2501 1666 2584 1732 D.
2638 1665 2743 1731 Ea
2777 1670 2880 1731 est
2919 1664 3111 1731 hodie
3153 1686 3371 1731 rerum
3416 1668 3712 1733 omnium
3754 1672 4160 1754 perturbatio

2216 1759 2313 1830 ut,
2356 1752 2612 1835 quoties
2654 1751 2829 1816 orbis
2870 1759 3199 1816 terrarum
3254 1750 3695 1818 confusionem
3740 1757 4158 1842 contemplor,

2217 1858 2476 1903 omnem
2540 1835 2706 1901 mihi
2770 1856 3034 1901 sensnm
3101 1842 3169 1901 et
3220 1837 3678 1920 cogitationem
3735 1840 3972 1926 eripiat
4030 1844 4160 1910 ista

2216 1943 2413 2005 quam
2449 1922 2656 1988 oculis
2688 1923 2929 1987 nostris
2962 1920 3261 1986 videmus
3296 1923 3705 1989 miseriarum
3742 1927 4158 1995 continuatio.

2216 2008 2494 2073 Praeter
2535 2007 2939 2074 confusiones
2981 2005 3257 2073 aliorum
3298 2029 3652 2093 regnorum
3694 2020 3938 2099 putant
3969 2014 4162 2079 multi

2211 2094 2465 2159 instare
2529 2112 2780 2176 quoque
2844 2091 3303 2158 Helvetiorum
3354 2095 3877 2178 castigationem.
3986 2097 4162 2165 Nam

2216 2178 2584 2261 Imperator
2624 2197 2929 2244 reversus
2972 2179 3343 2261 Augustam
3385 2177 3627 2262 aliquid
3685 2181 3975 2248 occultae
4017 2205 4159 2250 ma·

2215 2263 2609 2330 chinationis
2654 2262 2890 2329 dicitnr
2930 2261 3232 2328 meditari
3275 2264 3345 2328 in
3386 2265 3582 2329 istam
3625 2274 3908 2348 gentem,
3961 2289 4161 2351 quam

2215 2349 2329 2415 ille
2370 2349 2504 2414 iam
2549 2347 2797 2414 dudum
2840 2349 2912 2412 in
2955 2348 3172 2413 animo
3214 2368 3331 2412 suo
3367 2348 3722 2416 devoravit.
3790 2350 3927 2418 Sed
3958 2352 4160 2420 habet

2215 2435 2328 2498 ille
2372 2454 2624 2517 quoque
2666 2433 3097 2518 praescriptos
3141 2433 3453 2499 terminos
3497 2456 3537 2500 a
3569 2434 3733 2515 Deo,
3780 2437 3956 2502 ultra
3995 2459 4160 2522 quos

2216 2541 2348 2585 non
2444 2518 2868 2603 regredietur.
2981 2518 3118 2585 Nos
3188 2519 3453 2584 interim
3499 2520 3674 2586 inter
3724 2521 4037 2589 malleum
4089 2532 4158 2590 et

2214 2606 2370 2671 ineu
2418 2626 2522 2670 em
2565 2624 2925 2683 versamur,
2970 2612 3037 2669 et
3069 2612 3385 2687 tanquam
3418 2624 3576 2671 oves
3610 2607 3916 2673 occisioni
3958 2607 4157 2675 desti-

2215 2699 2409 2755 natae
2452 2689 2786 2774 flagellum
2827 2689 3102 2755 Domini
3146 2688 3433 2772 quotidie
3477 2700 3944 2775 exspectamus.
4034 2694 4154 2761 Li-

2216 2774 2471 2842 berabit
2510 2784 2735 2840 tamen
2785 2795 2906 2840 nos
2962 2788 3268 2840 aeternus
3321 2783 3533 2858 pater,
3589 2776 3648 2841 si
3699 2779 3792 2842 ita
3842 2775 4156 2846 iudicabit

2216 2861 2526 2945 expedire
2581 2861 2825 2946 gloriae
2881 2881 3065 2939 suae,
3139 2881 3222 2925 ex
3280 2881 3391 2926 ore
3448 2860 3877 2929 crudelissimi
3927 2863 4151 2943 leonis,

2215 2948 2324 3029 qui
2369 2946 2538 3011 nihil
2581 2945 2757 3012 aliud
2797 2946 2939 3011 sitit
2991 2965 3189 3029 quam
3247 2946 3532 3012 humano
3574 2966 3803 3013 cruore
3840 2952 4152 3033 respergi.

2215 3031 2416 3098 Nulla
2457 3033 2529 3097 in
2573 3052 2647 3097 re
2691 3051 2877 3097 meus
2934 3031 3192 3098 animus
3250 3039 3462 3115 potest
3502 3032 3907 3115 acquiescere
3953 3055 4151 3118 quam

2215 3119 2284 3181 in
2329 3117 2753 3201 promissione
2795 3116 3037 3196 divina,
3083 3138 3276 3199 quam
3318 3125 3495 3183 certo
3538 3119 3670 3184 scio
3709 3119 3966 3184 irritam
4007 3141 4151 3187 esse

2215 3223 2348 3268 non
2391 3224 2595 3285 posse.
2681 3202 2952 3269 Iuvaret
3003 3202 3075 3268 in
3129 3203 3336 3268 tantis
3380 3202 3834 3269 afflictionibus
3877 3224 4027 3269 cum
4068 3206 4150 3272 iis

2213 3288 2586 3354 hominibus
2627 3286 2961 3354 interdum
2995 3288 3308 3366 conferre,
3352 3289 3465 3371 qui
3506 3289 3578 3353 in
3619 3288 3841 3355 schola
3880 3291 4150 3373 spiritus

2214 3373 2427 3440 sancti
2489 3373 2849 3457 plurimum
2918 3372 3353 3455 profecerunt.
3462 3372 3610 3455 Quo
3671 3375 3883 3457 magis
3944 3376 4152 3459 igitur

2213 3459 2402 3524 video
2444 3460 2690 3524 instare
2731 3478 2974 3542 magna
3013 3458 3317 3541 pericula,
3360 3480 3436 3525 eo
3469 3460 3679 3542 magis
3718 3466 3936 3524 tecum
3979 3458 4150 3527 desi-

2216 3541 2370 3609 dero
2413 3544 2894 3610 communicare
2912 3595 2927 3621 ,
2983 3554 3060 3607 ut
3115 3553 3344 3609 mutua
3396 3545 3736 3628 utriusque
3775 3543 3931 3610 fidei
3972 3565 4149 3628 com÷

2215 3629 2656 3696 municatione
2712 3629 2914 3693 animi
2970 3629 3176 3694 nostri
3218 3637 3684 3695 recrearentur.
3777 3629 4152 3712 Philippum

2215 3723 2516 3780 nostrum
2578 3715 2827 3780 frustra
2881 3716 3278 3798 exspectavi,
3343 3736 3534 3798 quem
3599 3716 3742 3781 sine
3803 3716 4153 3783 manifesto

2217 3801 2390 3898 vitae
2447 3798 2825 3866 discrimine.
2873 3799 3007 3899 scio
3059 3799 3381 3899 hactenus
3431 3799 3512 3864 ad
3564 3821 3683 3865 nos
3736 3800 3963 3898 venire
4017 3821 4154 3868 non

2213 3882 3040 4054 {gasaiwam
3056 3883 3239 4050 &2:1¹
3273 3885 4156 4053 tammum

2215 4058 2465 4141 ignoro.
2492 4059 2542 4134 ¹)
2646 4053 2723 4121 Si
2787 4055 2942 4138 quid
3012 4054 3399 4121 intellexero
3460 4054 3581 4122 tibi
3644 4055 4152 4123 communicabo.

2215 4142 2497 4225 Reliqua
2538 4142 2623 4208 D.
2645 4140 2983 4220 Folle-aius,
3029 4149 3096 4206 et
3139 4162 3180 4205 a
3219 4139 3443 4205 Badeo
3455 4142 3515 4216 2)
3557 4138 3900 4224 intelliges.
3967 4141 4153 4208 Bene

2218 4227 2362 4293 vale
2404 4248 2555 4292 cum
2588 4233 2728 4292 tota
2768 4225 3052 4294 ecclesia.
3140 4225 3438 4291 Basileae
3480 4228 3581 4289 22.
3623 4223 3780 4290 Iulii
3828 4229 4009 4290 1547.

3269 4362 3450 4426 Tuus
3491 4362 3569 4428 F.
3610 4359 3982 4445 Dryander.

2218 4523 2322 4530 μ.-

2251 4587 2396 4670 oao.
2436 4586 2490 4650 1)
2528 4585 2848 4667 Imvainente
2905 4582 3301 4664 Wiuepberaae
3360 4581 3639 4665 οῡειςιιοςιι
3696 4582 4046 4638 metaneam
4099 4581 4154 4641 4.

2214 4791 2962 4943 ggssgbwwff
2970 4828 2986 4854 ⁹
3020 4787 3319 4922 mnam>
3344 4785 4150 4926 {wei-olffuenberqmi

2211 4929 2390 4984 'm‘
2416 4927 2733 5064 aiofsshm
2792 4942 3055 5062 ιῆῑῘῗιιῡ).
3102 4966 3113 4978 ”
3147 4930 3200 4978 ‘t
3229 4923 3462 4990 m)

2992 5187 3049 5192 Ὗ.-
3110 5185 3187 5194 --0—
3320 5185 3381 5190 ,ᾕ-
