4825 6175
608 382 729 445 187

604 586 1026 635 nummorum
1043 616 1059 644 ,
1105 564 1172 631 et
1213 564 1481 649 cupiant
1521 566 1792 632 tandem
1833 587 1874 632 a
1914 566 2312 632 Bernatibus
2355 565 2557 650 recipi

607 673 813 738 quum
881 653 1177 736 pecuniis
1243 652 1546 718 exhausti
1604 653 1854 718 fuerint
1868 704 1882 732 ,
1941 652 2075 718 huc
2136 658 2213 717 ut
2265 651 2556 730 veniant,

604 739 988 824 priusquam
1031 739 1293 820 penitus
1457 738 1631 805 uniis
1677 737 2137 803 destituantur.
2213 737 2387 801 Nam
2432 735 2557 803 hoc

608 834 711 891 est
762 823 1163 890 Bernatibus
1227 843 1332 887 mo
1361 831 1574 889 estum
1640 823 1813 908 quod
1871 823 1957 890 ad
2009 844 2118 889 eos
2176 844 2310 888 non
2369 833 2559 887 eatur

606 910 740 976 nisi
782 909 868 976 ad
911 907 1434 975 mendicandum.
1521 909 1676 976 Huc
1738 907 1988 977 accedit
2050 907 2224 993 quod
2288 907 2557 992 quidam

607 996 1042 1080 suspicantur,
1096 995 1227 1061 huc
1286 1003 1544 1060 tantum
1603 995 1827 1061 venire
1882 1006 1996 1061 aut
2036 1014 2319 1078 quorum
2355 1013 2556 1078 opera

608 1083 708 1148 uti
750 1081 994 1159 nolitis,
1041 1088 1158 1145 aut
1201 1079 1374 1145 alere
1418 1101 1553 1146 non
1596 1081 1880 1164 possitis.

786 1166 1122 1233 Corderius
1182 1176 1402 1231 noster
1456 1176 1574 1245 est,
1594 1170 1650 1243 ⁴)
1705 1167 1818 1250 qui
1859 1188 1978 1231 vos
2020 1187 2248 1232 omnes
2291 1165 2553 1232 salutat.

609 1253 813 1337 Cupit
852 1252 1092 1318 rescire
1134 1261 1210 1317 ut
1253 1251 1541 1318 habeant
1580 1252 1841 1318 scholae
1883 1262 2143 1318 vestrae
2187 1259 2255 1318 et
2287 1250 2442 1335 quid
2478 1250 2559 1316 de

608 1338 879 1406 Deotheo
921 1337 1299 1403 statueritis.
1316 1340 1372 1415 ὅ)
1461 1337 1634 1403 Mihi
1677 1337 1979 1422 displicet
2021 1338 2192 1422 quod
2237 1336 2433 1402 audio
2477 1335 2559 1401 de

609 1445 688 1490 eo
732 1424 991 1490 Bernae
1033 1423 1485 1489 constitutum.
1568 1421 1704 1489 Sed
1744 1423 1836 1490 sic
1880 1439 2035 1489 sunt
2073 1432 2391 1507 tempora.
2480 1420 2559 1487 si

611 1509 770 1594 quid
807 1509 990 1575 vobis
1033 1510 1329 1575 conferre
1371 1529 1740 1594 possumne,
1786 1510 2165 1594 significato.
2244 1508 2560 1575 Salutant

610 1603 680 1661 te
721 1594 940 1660 nostri
988 1615 1250 1672 omnes,
1306 1603 1374 1660 et
1415 1603 1598 1660 tuam
1643 1616 1915 1661 uxorem
1935 1647 1950 1674 ‚
2007 1616 2205 1679 quam
2247 1616 2394 1660 meo
2441 1613 2558 1658 no-

608 1680 790 1746 mine
848 1679 1099 1746 salvere
1154 1678 1408 1747 iubebis
1462 1686 1611 1747 cum
1667 1682 1891 1747 amicis
1934 1679 2253 1746 omnibus.
2345 1679 2559 1745 Comes

610 1767 905 1833 Bernam
939 1767 1271 1850 profectus
1306 1776 1420 1833 est.
1456 1767 1783 1832 Dominus
1819 1787 1967 1831 eum
2004 1766 2243 1850 dirigat
2275 1765 2347 1830 in
2370 1786 2558 1831 suam

611 1852 907 1937 gloriam.
995 1852 1182 1917 Vale.
1272 1853 1668 1919 Lausannae
1721 1855 1814 1916 12.
1853 1849 2084 1918 Octob.
2139 1856 2319 1915 1545.

1756 1989 1941 2054 Tuus
1981 1988 2057 2053 P.
2096 1989 2384 2054 Viretus.

784 2125 1084 2191 Admone
1147 2124 1491 2191 Deotheum
1550 2132 1625 2189 ut
1688 2124 1943 2190 nullam

657 2212 797 2277 rius
840 2211 1280 2276 conditionem
1325 2210 1631 2293 accipiat,
1692 2211 1751 2275 si
1794 2231 1945 2275 eum

660 2297 944 2362 'mittitis
961 2345 976 2373 ‚
1057 2316 1254 2378 quam
1340 2317 1460 2361 nos
1547 2297 1942 2362 convenerit.

616 2383 848 2450 Scribe
882 2381 965 2448 ad
1000 2403 1106 2446 me
1130 2379 1210 2446 de
1232 2381 1495 2465 negotio
1519 2381 1582 2446 N
1584 2381 1949 2448 eocomensi

616 2478 684 2536 et
726 2468 1138 2535 decimarum.
1159 2468 1214 2545 6)

1402 2551 1782 2636 Stephanus
1857 2552 2183 2619 Fontanus
2268 2552 2566 2617 narravit

1232 2638 1398 2703 mihi
1475 2660 1545 2703 se
1619 2639 1977 2705 occurrisse
2046 2637 2428 2720 Camperello
2498 2648 2565 2703 et

1233 2724 1533 2808 Meiqreto
1555 2726 1610 2802 ⁷)
1671 2725 1976 2790 euntibus
2019 2724 2344 2790 Bernam:
2405 2744 2566 2808 quos

1230 2810 1508 2877 audiunt
1541 2811 1783 2877 habere
1819 2810 2041 2876 literas
2077 2809 2161 2876 ad
2179 2809 2563 2894 Neyelinum.

1389 3105 1796 3116 <nn-*—

1522 3322 1664 3396 711.

1145 3459 1617 3528 OALVINUS
1662 3459 2033 3527 VIRE'I'O.

795 3615 961 3699 Quid
1007 3614 1522 3680 Neocomensibus
1575 3614 1939 3696 respondeat
1993 3616 2064 3680 in
2104 3616 2338 3700 neyotio
2381 3615 2563 3682 bono-

614 3723 762 3768 rum
802 3701 1347 3768 ecclesiasticorum
1389 3720 1509 3764 non
1551 3700 1740 3765 habet.
1813 3699 2036 3766 Schola
2084 3701 2459 3768 Genevensis
2494 3704 2565 3767 in

615 3788 981 3856 discrimine
1007 3787 1236 3868 posita.
1296 3783 1754 3867 Champerollus
1788 3791 2056 3852 notatur.
2119 3786 2277 3851 Item
2323 3787 2564 3853 Μαιονί-

615 3895 757 3940 nuS.
849 3871 1004 3954 Gopi
1044 3872 1348 3937 instantes
1388 3872 1656 3953 nuptiae.

617 4044 810 4107 (Manu
846 4042 1130 4096 Ionvillaei
1164 4042 1370 4162 sci-{fta
1404 4047 1586 4093 exstat
1618 4042 1675 4092 in
1711 4041 1842 4094 Ood.
1867 4042 2071 4095 Genev.
2099 4041 2200 4095 111
2218 4056 2269 4109 ⁸,
2301 4043 2395 4097 fol.
2419 4042 2489 4096 33
2512 4060 2563 4098 v.

612 4113 755 4167 Beza
788 4111 962 4164 edidit
996 4112 1129 4164 Gen.
1167 4107 1678 4247 p'p.⁷{’i51,'⁸¹ffingt'.
1703 4108 1805 4247 {77
1859 4109 2067 4245 Hssnov.
2105 4128 2157 4181 p.
2195 4109 2315 4177 761,
2352 4112 2566 4166 Chouet

785 4314 855 4381 S.
939 4316 1106 4380 Heri
1164 4315 1328 4381 mihi
1389 4317 1509 4381 sub
1570 4336 1836 4380 coenam
1897 4317 2133 4382 allatae
2197 4329 2352 4383 sunt
2410 4327 2563 4382 tuae

609 4403 858 4477 literae,
903 4403 1137 4484 quibus
1174 4402 1361 4468 binas
1387 4399 1633 4467 Farelli
1668 4402 2045 4480 incluseras,
2083 4424 2244 4486 quas
2279 4405 2559 4469 remitto.

565 4643 571 4654 .
816 4603 878 4668 4)
914 4610 966 4659 et
1016 4605 1231 4674 quidem
1282 4606 1593 4673 nuperrime
1649 4604 1930 4671 advectus,
2029 4621 2156 4659 uum
2204 4608 2266 4660 in
2310 4609 2565 4675 proxime

604 4674 1057 4744 praecedentibus
1120 4674 1361 4742 epistolis
1424 4671 1569 4736 (707.
1637 4671 1765 4738 708)
1825 4673 1974 4728 Fare
2013 4689 2081 4727 us
2144 4673 2210 4728 de
2268 4692 2329 4730 eo
2380 4676 2563 4732 adhuc

614 4743 877 4798 Neocoini
906 4747 1154 4796 morante
1186 4743 1457 4811 loquatur,
1497 4742 1712 4795 Visetus
1743 4758 1870 4796 vero
1903 4741 1969 4796 de
1991 4746 2110 4796 eius
2133 4742 2368 4797 adventu
2389 4746 2560 4799 sileat.

818 4810 878 4876 5)
921 4810 987 4864 Si
1016 4810 1316 4865 vocandum
1366 4815 1699 4874 statuerunt,
1745 4817 1885 4864 certe
1929 4827 2041 4865 non
2075 4815 2290 4866 vocavit
2323 4821 2559 4867 senatus.

613 4879 763 4934 Nam
798 4880 858 4933 in
894 4880 1011 4933 eius
1046 4879 1232 4933 diario
1267 4878 1333 4932 de
1366 4894 1426 4933 eo
1459 4879 1616 4934 nihil.
1652 4879 1745 4933 Ne
1782 4896 1846 4933 ue
1868 4880 2184 4948 ap.Be³tant
2213 4882 2330 4935 eius
2363 4886 2561 4939 mentio

607 4949 690 5015 fit.
739 4946 995 5002 Garolum
1030 4945 1280 5001 Damont
1324 4953 1582 5017 sequutus
1615 4955 1695 5003 est
1823 4949 1878 5002 u.
1916 4948 2111 5005 Franc
2148 4948 2563 5019 Rotomaqensis

613 5016 775 5085 (Rey.
812 5016 890 5069 du
922 5017 1128 5071 conscit
1153 5014 1310 5070 21.A
1388 5053 1400 5065 .
1438 5014 1609 5085 1545).

815 5084 878 5148 6)
917 5083 995 5139 N.
1030 5083 1147 5153 707,
1192 5032 1386 5139 notus.
1456 5085 1749 5154 Neyoti'um
1794 5085 2159 5141 Neocomense
2201 5086 2336 5141 dicit
2378 5088 2468 5143 liic
2512 5094 2562 5143 et

610 5154 832 5221 saepius
860 5153 1134 5219 famosam
1166 5153 1604 5222 disceptationem
1639 5155 1707 5209 de
1739 5155 1899 5209 bonis
1929 5154 2316 5209 cedemasti’eis.

818 5219 878 5288 7)
916 5224 1042 5275 Ain.
1081 5223 1306 5290 Mem-et,
1339 5223 1587 5278 minister
1619 5224 1682 5277 in
1715 5226 1835 5279 vieo
1872 5223 2084 5293 Moinq,
2121 5223 2350 5279 ditionis
2390 5225 2561 5280 Gene-

611 5291 809 5360 vensi‘s‚
844 5292 943 5360 qui
972 5291 1110 5346 alibi
1143 5290 1438 5346 Macrinus
1469 5297 1711 5348 vocatur.

2151 374 2683 444 EPI'PSOLAE
2731 380 3068 442 710-713

4485 394 4569 457 188

2658 561 2879 662 {lodie
2899 584 3157 664 quoque
3181 565 3345 634 alias
3367 589 3407 633 a
3431 567 3687 638 Farello
3707 575 3943 657 accepi.
3974 580 4021 655 ¹)
4081 577 4415 660 Quoniam
4437 587 4575 668 prio·

2657 647 2842 713 ribus
2883 649 3231 716 videbatur
3272 674 3314 718 a
3352 661 3419 719 te
3463 663 3533 720 et
3573 678 3615 722 a
3656 678 3764 723 me
3808 661 4119 743 privatim
4261 675 4403 733 tere
4458 690 4575 737 con-

2660 734 2908 833 silium:
2953 755 3086 800 non
3131 758 3329 803 ausus
3373 761 3521 806 sum
3565 742 3637 807 in
3679 754 3866 811 coetu
3910 756 4132 814 nostro
4320 774 4392 819 re
4427 777 4577 823 men·

2658 827 2925 885 tionem.
2970 820 3166 888 Nunc
3199 825 3481 907 amplius
3518 827 3641 895 hoc
3675 831 3981 913 postulat,
4027 846 4102 900 ut
4141 857 4373 905 omnes
4416 842 4581 908 simul

2658 906 3189 1007 respondeamus.
3247 910 3500 976 Verum
3544 914 3758 982 serius
3803 936 3998 1000 quam
4042 925 4351 1004 oportuit,
4396 926 4581 993 reddi·

2659 998 2768 1090 tae
2833 992 3000 1057 mihi
3062 993 3293 1060 literae
3356 997 3642 1064 fuerunt.
3747 1000 4143 1088 Quanquam
4206 1031 4339 1076 non
4404 1012 4583 1093 video,

2658 1073 2816 1158 quid
2859 1076 3280 1160 profuturum
3325 1082 3525 1147 fuerit
3541 1134 3556 1161 ‚
3602 1086 3659 1151 si
3703 1090 3901 1153 etiam
3947 1093 4286 1160 venissent
4328 1097 4402 1162 in
4446 1109 4585 1164 tem·

2660 1181 2836 1244 pore.
2926 1162 3144 1245 Quam
3186 1167 3361 1230 enim
3406 1167 3757 1236 ridiculum
3802 1173 4018 1253 fuerit,
4066 1178 4211 1244 aliis
4255 1179 4415 1250 dare
4458 1206 4587 1251 con·

2660 1246 2901 1328 silium,
2939 1270 3070 1332 quo
3104 1250 3230 1350 ipsi
3263 1252 3679 1353 indigemus?
3727 1258 3790 1323 Ν
3791 1262 4129 1343 egabimus
4163 1265 4231 1330 id
4268 1268 4588 1335 ferendum

2662 1353 2824 1413 esse,
2854 1343 2939 1433 'ut
2974 1343 3311 1434 teruncius
3345 1350 3684 1407 minuatur
3717 1365 3802 1408 ex
3836 1346 4148 1415 ecclesiae
4183 1351 4387 1421 bonis.
4437 1354 4590 1436 Quid

2661 1428 3030 1485 autoritatis
3074 1421 3415 1490 habiturae
3458 1437 3617 1492 sunt
3659 1439 3923 1496 nostrae
3966 1432 4194 1501 literae
4232 1440 4412 1522 apud
4447 1441 4593 1507 Neo-

2661 1525 3013 1584 comenses,
3057 1528 3262 1590 quum
3304 1508 3373 1574 id
3417 1511 3594 1595 apud
3637 1535 3755 1581 nos
3799 1519 4127 1598 patiamur
4168 1524 4358 1588 fieri?
4421 1527 4596 1593 Dice-

2662 1611 2810 1657 mus
2852 1612 3136 1690 per-nos
3179 1594 3453 1662 minime
3495 1607 3686 1665 stare.
3755 1599 3862 1667 Sit
3903 1624 4062 1670 sane
4103 1607 4214 1673 ita.
4281 1608 4420 1676 Sed
4464 1614 4598 1695 quia

2661 1697 2795 1741 non
2831 1676 3194 1744 admittunt
3228 1682 3435 1748 nostri
3470 1684 3877 1770 medicinam,
3917 1695 4201 1758 contenti
4246 1695 4599 1781 improbare

2662 1759 2835 1845 quod
2879 1773 3167 1845 peccant,
3214 1787 3346 1830 non
3394 1768 3570 1835 ultra
3612 1773 3961 1840 tendimus.
4053 1775 4128 1843 Si
4173 1781 4331 1863 quid
4376 1784 4601 1849 sentia·

2662 1867 2813 1946 mus
2872 1848 3114 1914 habere
3172 1851 3436 1932 volunt,
3515 1876 3648 1920 non
3705 1874 3804 1925 est
3858 1860 4124 1928 difficile
4176 1885 4405 1932 eorum
4467 1877 4602 1935 voto

2663 1932 3051 2000 satisfacere.
3119 1933 3255 2001 Sed
3298 1940 3687 2022 quantulum
3730 1944 3892 2010 illud
3937 1947 4273 2029 proderit?
4334 1953 4604 2021 Consul·

2664 2019 2835 2116 tabo·
2868 2028 3093 2118 tamen
3136 2042 3299 2119 ‚cum
3375 2024 3584 2091 tribus
3640 2038 3757 2094 aut
3809 2042 4117 2114 quatuor,
4179 2059 4339 2103 num
4399 2041 4603 2123 aliqua

2664 2113 2872 2252 possit
2927 2109 3212 2171 inveniri
3269 2111 3558 2191 speciosa
3610 2115 3794 2180 ratio.
3883 2118 3994 2182 Ex
4038 2120 4407 2190 Germania
4450 2125 4605 2191 nihil

2714 2190 2981 2287 abemus
3027 2193 3195 2272 novi,
3242 2193 3370 2259 nisi
3404 2198 3589 2283 vulgi
3631 2220 3946 2270 rumores.
4015 2205 4187 2271 Nam
4229 2210 4606 2291 Alexander,

2666 2295 2772 2340 cui
2828 2275 3015 2340 datae
3067 2286 3223 2343 sunt
3278 2279 3362 2344 ad
3419 2303 3525 2348 me
3582 2284 3843 2366 literae,
3905 2311 4025 2356 suo
4082 2313 4268 2361 more
4313 2305 4607 2381 vagatur.

2667 2358 2911 2426 Schola
2969 2376 3192 2461 nostra
3246 2367 3592 2449 perplexos
3646 2393 3765 2437 nos
3809 2374 4023 2441 habet.
4041 2379 4100 2457 ²)
4184 2380 4399 2446 Nemo
4444 2383 4612 2449 enim

2667 2457 2862 2545 aptus
2906 2446 2989 2510 ad
3031 2448 3097 2513 id
3142 2469 3386 2517 munus
3428 2474 3609 2519 nunc
3650 2461 3950 2526 occurrit.
4009 2462 4146 2529 Nos
4181 2467 4449 2549 quidem
4485 2490 4613 2535 me-

2667 2543 2795 2629 rito
2850 2553 3092 2615 poenas
3150 2534 3402 2603 damus.
3490 2539 3625 2605 Sed
3681 2540 4033 2612 dolendum
4093 2558 4223 2629 est,
4286 2553 4481 2618 nulla
4521 2555 4612 2619 in·

2668 2625 2865 2681 terim
2919 2618 3266 2719 disciplina
3318 2626 3640 2692 contineri
3708 2650 3979 2712 pueros:
4042 2644 4110 2700 et
4171 2657 4388 2720 spem,
4452 2660 4616 2723 quae

2669 2725 2983 2787 perquam
3023 2728 3264 2790 exigua
3308 2723 3467 2790 erat,
3514 2714 3785 2780 omnino
3828 2738 4096 2800 pessum
4139 2723 4254 2787 ire.
4321 2725 4474 2809 Ego
4517 2746 4616 2791 me

2670 2790 2986 2889 consolor,
3028 2791 3199 2874 quod
3242 2794 3429 2861 nulla
3472 2797 3626 2863 mali
3669 2799 3867 2868 huius
3915 2807 4123 2885 portio
4168 2807 4399 2893 culpae
4438 2831 4619 2877 meae

2670 2894 2987 2973 assignari
3032 2890 3266 2960 potest.
3348 2879 3483 2946 Sed
3527 2885 3768 2951 misera
3808 2891 4186 2972 consolatio,
4276 2915 4399 2961 uae
4445 2897 4616 2963 malo

2670 2959 2839 3024 nihil
2903 2962 3095 3026 affert
3158 2963 3525 3033 levationis.
3629 2969 3971 3042 manci-sco
4035 2981 4379 3046 consihum
4451 2982 4619 3061 dedi,

2668 3047 2858 3130 quale
2892 3049 3182 3116 restabat
3214 3050 3287 3115 in
3322 3053 3519 3120 rebus
3557 3054 3937 3141 desperatis.
3980 3063 4082 3129 'Pu
4115 3064 4175 3132 si
4209 3066 4382 3151 quod
4414 3067 4620 3136 habes

2670 3132 2934 3211 meliuS,
2991 3136 3179 3201 nobis
3236 3140 3625 3208 commodes.
3720 3144 4161 3231 Camperellus‚
4183 3155 4240 3228 ⁸)
4284 3162 4360 3219 ut
4403 3155 4616 3233 audio,

2668 3219 3007 3286 discursat.
3098 3221 3261 3300 Sed,
3332 3225 3457 3290 nisi
3523 3247 3787 3295 omnem
3863 3234 4179 3316 pudorem
4259 3239 4623 3307 abiecerint

2667 3304 2938 3405 fratres,
2999 3307 3165 3373 nihil
3208 3312 3518 3392 proficiet.
3606 3313 4000 3401 Quanquam
4043 3342 4083 3386 a
4125 3324 4442 3393 fratribus
4486 3328 4620 3393 iam

2670 3403 2898 3491 timere
2956 3392 3138 3458 desii.
3229 3393 3543 3475 Queritur
3598 3402 3773 3466 enim
3819 3427 3924 3471 me
3967 3407 4091 3472 sibi
4135 3419 4204 3474 et
4245 3411 4453 3477 sodali
4499 3432 4621 3480 suo

2669 3477 2960 3542 Macrino
2975 3479 3032 3564 ⁴)
3077 3500 3219 3544 esse
3260 3481 3573 3549 infestum
3591 3536 3606 3564 ,
3653 3488 3825 3570 quod
3864 3494 4208 3574 parochiae
4252 3497 4621 3565 Moniensis

2668 3585 2862 3648 agros
2905 3566 3202 3664 emerint.
3256 3566 3463 3635 Vides
3506 3570 3740 3654 quibus
3784 3578 4100 3646 cuniculis
4142 3602 4264 3648 nos
4306 3583 4621 3650 adorian-

2668 3660 2795 3715 tur.
2885 3650 3028 3715 Nisi
3072 3652 3357 3719 velimus
3402 3657 3625 3723 omnia
3667 3662 3912 3741 perire,
3970 3687 4237 3733 neccsse
4280 3683 4380 3735 est
4424 3670 4621 3736 illum

2666 3736 2937 3803 caeteris
2981 3757 3123 3802 esse
3167 3739 3483 3823 exemplo.
3539 3743 3818 3813 Fuimus
3852 3749 4029 3815 enim
4065 3751 4381 3821 hactenus
4416 3758 4621 3822 nimis

2665 3823 2939 3888 remissi.
2998 3822 3166 3923 Vale
3196 3824 3410 3923 'frater
3453 3837 3519 3893 et
3561 3831 3766 3896 amice
3809 3833 4247 3918 integerrime,
4292 3861 4429 3906 una
4462 3862 4620 3909 cum

2666 3929 2870 3973 uxore
2904 3919 2971 4008 et
3002 3907 3272 3989 familia,
3317 3932 3512 3993 quam
3555 3934 3703 3981 meo
3747 3927 3815 3982 et
3856 3923 4084 3987 uxoris
4127 3945 4309 3990 meae
4345 3927 4621 3993 nomine

2666 3992 3000 4093 salutahis,
3046 4014 3211 4077 quae
3255 3997 3396 4079 ipsa
3438 4020 3508 4064 se
3550 4003 3854 4082 precibus
3898 4008 4137 4075 vestris
4180 4011 4617 4078 commendat.

2665 4078 2771 4144 Ita
2813 4101 2991 4145 enim
3034 4079 3299 4148 subacta
3350 4097 3452 4148 est
3495 4087 3704 4151 morbi
3748 4093 4231 4175 magnitudine,
4287 4105 4364 4162 ut
4416 4118 4621 4184 aegre

2666 4187 2737 4231 se
2778 4166 3086 4265 ‘recipiat
3175 4166 3519 4234 Interdum
3586 4172 3845 4241 videtur
3909 4179 4390 4248 convalescere:
4456 4205 4621 4249 mox

2665 4250 2911 4316 recidit.
3000 4251 3304 4352 Collegae
3359 4256 3492 4320 mei
3529 4266 3596 4323 te
3639 4281 3866 4328 omnes
3910 4263 4257 4349 diligenter
4299 4270 4617 4335 salutant.

2674 4333 2880 4418 Copus
2945 4345 3008 4401 te
3073 4359 3209 4405 suis
3267 4342 3517 4422 nuptiis
3582 4344 3901 4414 interesse
3967 4363 4264 4435 cuperet,
4324 4356 4380 4421 si
4436 4365 4624 4421 esset

2665 4420 3097 4521 commodum.
3166 4423 3314 4491 Scis
3357 4428 3551 4506 enim,
3597 4432 3845 4515 opinor,
3890 4457 4008 4503 nos
4057 4438 4300 4504 Garini
4343 4438 4622 4507 viduam

2663 4508 2763 4572 illi
2806 4506 3059 4574 dedisse
3102 4530 3395 4576 uxorem.
3418 4512 3477 4595 ⁵)
3535 4514 3861 4585 Dominus
3906 4543 4020 4587 vos
4064 4524 4210 4591 istic
4246 4535 4617 4593 conservet.

2664 4593 2996 4672 Genevae,
3053 4599 3143 4660 13.
3185 4594 3505 4665 Octobris.

3575 4686 3857 4755 Ioannes
3900 4690 4219 4762 Calvinus
4267 4707 4434 4765 tuus.

2697 4813 2822 4869 711.
2860 4815 2918 4882 1)
2956 4816 3090 4873 Vide
3121 4825 3435 4889 sequentem.

2867 4885 2929 4951 2)
2970 4885 3102 4968 Vide
3134 4903 3272 4957 quae
3304 4895 3634 4945 annotamus
3666 4892 3744 4945 ad
3777 4892 3854 4947 N.
3894 4893 3993 4950 715
4028 4903 4080 4951 ct
4110 4897 4230 4967 616,
4265 4917 4322 4957 n.
4354 4902 4405 4956 6.

2866 4952 2932 5018 3)
2970 4954 3160 5010 Huius
3191 4957 3473 5011 historiam
3514 4959 3641 5026 fuse
3672 4963 3930 5017 narrabit
3961 4963 4040 5019 N.
4080 4964 4198 5021 717.

2660 5090 2744 5144 Π
2797 5020 2949 5156 ωέ)
2966 5021 3253 5080 Par-ochus
3286 5027 3347 5080 in
3383 5027 3592 5098 Μαίης.
3645 5028 3729 5097 Of.
3767 5029 3844 5086 N.
3880 5029 3996 5086 716.
4035 5033 4286 5106 (Galim,
4327 5039 4452 5096 Not.
4482 5037 4617 5109 qe'n.

2868 5158 2930 5226 5)
2968 5166 3019 5215 et
3050 5160 3266 5231 quidem
3300 5169 3501 5243 quarta
3536 5166 3650 5220 vice
3699 5167 3813 5221 ίαηι
3862 5169 4160 5241 nubentem,
4232 5174 4523 5232 Amaaeoen
4564 5191 4615 5230 s.

2665 5226 2920 5350 ᾗηιαὸἓέηι
2968 5228 3423 5366 ῖίὲαἲεὸηόὸηροαω
3473 5231 3844 5290 Genevensem.
3895 5238 4129 5309 (Gahffe
4175 5241 4209 5296 l.
4246 5260 4291 5299 c.
4331 5245 4422 5300 IV.
4455 5243 4517 5300 32
4557 5249 4619 5300 et

2731 5334 2745 5349 .
2884 5337 2899 5365 ‚
2933 5314 3004 5353 no
3029 5337 3043 5353 .
3153 5338 3164 5350 .
