4825 6175
33 1172 36 1231 ἒ
154 1198 284 1247 sera
336 1178 399 1243 le
453 1177 672 1243 moieu
740 1174 822 1241 (16
874 1196 1042 1242 vous
1097 1176 1302 1242 veoir.

33 1316 34 1323 1
152 1265 428 1351 prierons
471 1262 650 1328 Dieu
694 1262 834 1346 quil
879 1282 1041 1327 vous
1085 1260 1323 1326 veuille
1378 1280 1577 1327 enoor
1630 1269 1964 1327 restauret
2001 1260 2083 1324 de

33 1352 34 1355 ’
148 1349 382 1418 mieulx
422 1370 505 1415 en
548 1349 820 1427 mieulx,
864 1347 1163 1413 oombien
1208 1347 1347 1430 quil
1399 1368 1485 1412 66
1542 1367 1710 1413 vous
1750 1345 1924 1412 fault
1963 1367 2084 1429 pas

33 1906 36 2115 Ι

33 2128 36 2143 Ι

33 2198 36 2215 ἰ

33 2148 36 2195 l

122 2467 431 2533 humbles
474 2464 1111 2532 reoommandations
1152 2473 1302 2530 tant
1346 2463 1428 2529 de
1471 2484 1579 2528 160

33 2556 36 2639 ÷

33 2676 38 2717 l

33 2758 36 2795 Ι

168 476 267 541 333

164 670 325 732 mont
378 682 542 748 prye
600 681 682 727 66
726 680 956 745 passer
1000 658 1169 746 diey,
1197 662 1282 728 ¹⁰)
1329 658 1409 724 de
1464 679 1633 725 vous
1688 658 1853 725 faire
1907 657 2087 725 leurs

167 746 438 816 humbles
479 744 1134 813 reoommandations.
1238 745 1336 811 116
1390 752 1508 810 ont
1560 753 1699 810 este
1752 745 1859 831 icy
1901 744 2088 811 huiot

160 841 315 905 iours
357 857 397 899 6
438 854 546 899 166
589 833 840 918 grande
882 831 1288 898 60660161106
1330 832 1520 897 sinon
1564 829 1868 897 daultant
1910 830 2084 915 quilz

161 930 321 989 mont
372 918 618 987 reeulle
675 940 761 985 en
816 927 1043 985 vostre
1096 937 1352 984 exouse.
1439 916 1516 982 Ie
1559 916 1699 983 suis
1740 918 1957 983 1016611
2002 915 2085 981 (16

157 1015 354 1076 vostre
395 1006 611 1071 bonne
654 1003 1058 1089 disposition,
1101 1005 1606 1087 premierement
1651 1023 1822 1088 pour
1861 1011 2086 1068 vostre

158 1093 603 1176 soulegement,
648 1099 717 1157 et
738 1091 916 1157 aussi
941 1109 1185 1173 pouree
1222 1109 1347 1172 que
1388 1091 1637 1173 iespere
1723 1087 1892 1154 uelle
1920 1109 2085 1153 nous

1403 1173 1497 1242 Ge
1561 1194 1688 1259 pen
1738 1181 1858 1239 ant
1916 1195 2084 1240 6066

148 1435 451 1514 attendre,
496 1455 582 1500 60
614 1455 781 1501 vous
820 1454 904 1500 ne
938 1454 1113 1519 moy,
1160 1432 1377 1499 destre
1413 1433 1713 1498 1661111616
1747 1432 1878 1497 fort
1919 1430 2082 1499 vail-

145 1525 274 1591 lans
314 1543 402 1588 en
441 1541 516 1587 66
558 1519 815 1586 monde.

300 1608 489 1674 Nous
525 1627 732 1673 avons
765 1605 922 1671 faiot
947 1604 1168 1672 Sainct
1187 1604 1407 1670 Andre
1431 1606 1516 1682 ¹¹)
1553 1602 1923 1688 presoheur,
1970 1601 2081 1668 de·-

143 1715 302 1781 quoy
340 1714 511 1758 vous
554 1713 735 1759 serez
758 1689 1042 1775 possible
1086 1690 1350 1777 esbahy.
1416 1689 1479 1754 Il
1512 1711 1598 1756 ne
1638 1711 1718 1774 sy
1761 1687 2085 1755 attendoit

141 1803 248 1864 pes
291 1790 360 1845 et
404 1781 466 1844 ie
507 1800 664 1878 croy
708 1777 884 1844 aussi
930 1798 1054 1861 que
1110 1796 1232 1841 son
1282 1778 1590 1862 oouraige
1633 1798 1727 1862 ny
1771 1773 2086 1842 enolinoit

141 1888 248 1951 pes
302 1865 396 1931 du
437 1885 724 1948 premier
764 1884 948 1947 ooup.
1038 1862 1212 1929 Mais
1269 1883 1439 1927 nous
1484 1883 1687 1928 avons
1729 1860 1890 1926 faiot
1931 1880 2083 1926 oon-

136 1954 384 2019 6616666
430 1958 682 2035 voyant
723 1970 840 2015 son
887 1949 1024 2014 zele
1060 1956 1126 2013 et
1147 1970 1222 2014 66
1250 1947 1590 2029 demerito,
1636 1947 1717 2013 de
1758 1947 1823 2011 le
1856 1947 2087 2011 1616661

136 2038 460 2104 tonsiours
504 2036 670 2102 oisif.
759 2035 1022 2119 Iespere
1064 2055 1192 2120 que
1227 2033 1401 2100 Dieu
1446 2055 1529 2100 en
1572 2054 1722 2100 sera
1764 2054 1962 2118 661-η
1998 2054 2085 2097 66

129 2124 361 2207 profiot
408 2130 475 2189 et
516 2121 887 2188 edification
934 2121 1016 2186 de
1058 2142 1178 2187 son
1200 2119 1422 2205 eglise.
1488 2119 1549 2184 Il
1587 2142 1678 2205 ny
1721 2139 1762 2184 6
1793 2139 1911 2203 pas
1947 2130 2086 2183 este

132 2230 359 2275 amens
422 2230 578 2275 6666
637 2208 912 2287 oombat,
973 2208 1138 2273 111616
1182 2206 1648 2291 oongnoissant
1690 2227 1815 2289 que
1860 2205 1926 2270 16
1967 2225 2084 2270 vo-

127 2296 339 2361 eation
385 2295 617 2362 venoit
657 2291 991 2370 denhault,
1037 2292 1086 2356 il
1127 2313 1221 2377 ny
1266 2312 1305 2356 6
1347 2310 1466 2375 pas
1507 2292 1761 2357 resiste.

289 2380 435 2446 Sur
477 2401 572 2459 66,
614 2379 1116 2464 Monseigneur,
1175 2398 1367 2462 apres
1420 2378 1603 2444 avoir
1641 2382 1946 2528 1116666116
1988 2375 2085 2442 166

1724 2485 1807 2529 66
1896 2483 1933 2528 6
1975 2483 2087 2528 166

116 2554 356 2618 femme
405 2572 446 2616 6
490 2560 710 2618 vostre
765 2551 982 2617 bonne
1041 2571 1236 2635 grace
1290 2556 1359 2616 et
1415 2571 1456 2615 6
1510 2571 1582 2616 66
1635 2486 1809 2615 eqde
1852 2549 2085 2616 Mada-

33 2642 36 2661 *
119 2639 438 2718 moiselle,
481 2639 544 2704 ie
579 2636 959 2722 supplieray
995 2645 1217 2702 nostre
1241 2635 1370 2701 bon
1392 2636 1567 2702 Dieu
1611 2635 1692 2700 de
1713 2656 1879 2701 vous
1901 2635 2086 2701 avoir

33 2734 36 2749 ²
116 2725 458 2790 tousiours
502 2745 589 2791 en
632 2745 708 2790 sa
750 2724 1146 2823 protection,
1203 2742 1372 2788 vous
1427 2722 1818 2789 eonduisant
1870 2743 1910 2787 6
1962 2741 2086 2787 606

117 2809 430 2876 honneur
472 2830 724 2876 oomme
766 2809 818 2873 il
860 2828 900 2873 6
953 2809 1111 2874 famt
1164 2808 1429 2892 iusques
1471 2809 1598 2894 ioy,
1641 2818 1708 2873 et
1750 2828 1822 2874 66
1863 2827 2084 2873 16066-

111 2905 293 2962 trant
362 2898 425 2961 61
542 2897 797 2962 6166661
873 2915 955 2959 66
1029 2916 1193 2960 vous
1269 2914 1441 2978 quon
1510 2916 1559 2978 y
1621 2893 2086 2978 oongnoissent

31 2990 36 3037 ἑ
111 2984 455 3048 tousiours
518 3004 555 3048 e
588 2983 791 3048 fruiot
825 2981 906 3046 de
941 2990 1117 3046 oeste
1150 2979 1321 3046 belle
1356 2980 1630 3046 victoire
1673 3002 1757 3045 en
1801 2979 2084 3063 laquelle

33 3062 38 3284 1

106 3067 529 3136 Iesusohrist
557 3089 726 3134 nous
762 3068 1039 3135 6066016.
1108 3066 1213 3133 De
1236 3065 1539 3133 Genefve
1581 3087 1655 3132 oe
1684 3073 1779 3133 16.
1803 3064 2081 3151 dapvril.

276 3155 573 3221 Comme
627 3156 857 3239 iavoys
913 3154 1202 3236 aohepve
1258 3175 1365 3220 666
1420 3161 1762 3237 presentes
1776 3204 1792 3230 ,
1845 3153 1955 3236 iay
2000 3175 2083 3218 eu

105 3238 182 3305 de
227 3243 540 3325 piteuses
583 3240 922 3307 nouvelles
965 3239 1044 3304 de
1089 3239 1157 3304 16
1190 3248 1363 3305 16011
1397 3237 1485 3304 (16
1520 3241 1652 3305 bon
1673 3238 1970 3305 Diazius.
1999 3241 2082 3322 12)

103 3326 278 3394 Mais
325 3328 378 3392 11
429 3327 604 3393 fault
635 3346 760 3409 (166
794 3326 891 3392 166
922 3324 1356 3390 malheureux
1390 3326 1682 3411 papistes
1715 3333 2087 3391 monstrent

104 3410 181 3477 de
238 3413 410 3498 plus
473 3433 560 3478 66
615 3414 765 3496 plus
818 3412 991 3495 quilz
1044 3421 1194 3476 sont
1248 3431 1478 3477 menez
1538 3411 1620 3477 de
1675 3411 1945 3495 lesperit
2003 3410 2083 3476 de

104 3498 243 3564 leur
261 3520 465 3584 pere,
505 3499 620 3584 qui
642 3497 758 3564 dez
780 3497 844 3563 le
871 3508 1432 3564 oommenoement
1465 3519 1506 3562 6
1541 3507 1678 3563 6616
1714 3498 2082 3563 1666111161.

178 3635 458 3701 Vostre
504 3634 773 3702 humble
816 3634 1148 3701 servitem·
1201 3643 1270 3698 et
1323 3633 1495 3699 frere
1547 3655 1634 3699 en
1672 3646 1896 3701 nostre
1939 3633 2087 3699 Sei-

271 3742 516 3807 gneur
556 3720 765 3802 16666,

1364 3803 1571 3871 161166
1615 3805 1870 3873 Calvio.

1042 4405 1191 4476 791.

305 4560 815 4629 CALVINUS
860 4559 1214 4627 VIRETO
1257 4562 1378 4627 m*
1421 4559 1884 4629 FARELLO.

268 4733 561 4802 Relatio
613 4752 846 4799 causae
903 4733 976 4798 in
1032 4731 1408 4799 Consi-§torio
1470 4739 1643 4799 actae
1698 4738 1906 4800 contra
1963 4733 2096 4800 cho—

89 4842 239 4886 reas
257 4873 272 4896 ,
337 4827 402 4885 et
465 4819 755 4884 maxime
810 4817 1167 4884 Fabi-orum
1227 4819 1547 4901 familiam
1611 4825 1667 4886 et
1728 4819 2089 4885 Perrinum.

87 4909 454 4972 Abdicatio
509 4904 780 4971 chrici
821 4906 898 4970 de
938 4906 1005 4969 la
1049 4903 1241 4970 Mare
1280 4906 1577 4972 ministri.
1667 4906 1917 4972 Sulzeoi
1957 4927 2095 4972 sus-

79 4999 266 5072 pecta
309 4991 580 5078 ayendi
620 4991 833 5076 ratio„
897 4991 1128 5056 Diazii
1170 5011 1359 5057 mors.

264 5200 374 5268 10)
432 5198 630 5266 Voyez
663 5197 720 5249 la
753 5197 906 5250 lettre
938 5198 1203 5251 suivante.

267 5269 372 5335 11)
418 5268 558 5322 Les
593 5265 872 5335 Reqisms
906 5265 983 5318 du
1023 5265 1239 5320 Conseil
1268 5272 1571 5324 conatam
1602 5267 1735 5339 qu'a
1761 5267 1854 5335 fut
1886 5263 2095 5324 nomme'

93 5339 356 5392 ministre
393 5339 438 5391 ὰ
483 5334 696 5404 Moinq
730 5334 778 5388 le
817 5332 894 5387 12.
932 5334 1110 5390 Avril.

267 5408 372 5478 12)
429 5406 630 5476 Voyez
665 5403 739 5458 N.
772 5401 895 5458 791.

1885 473 2048 535 1546
2092 468 2404 537 APRIL.

4007 478 4135 540 334

2193 658 2305 725 (Ex
2342 657 2680 729 autographo
2717 660 2845 716 Cod.
2896 660 3093 717 Gener.
3149 659 3272 729 106,
3322 661 3413 716 fol.
3464 659 3580 716 164.
3627 661 3744 719 165.
3815 663 3981 721 Cuius
4008 681 4137 734 spo-

2189 726 2400 852 grspha
2433 728 2584 781 66116
2616 727 2758 783 faeta
2803 736 2932 784 sunt
3014 731 3106 783 616
3139 731 3283 785 Beza
3325 731 3614 785 maximam
3649 736 3861 802 partem
3895 731 4136 825 ediderat

2188 812 2500 919 ΕΒΗ·
2548 794 2948 922 ἍῙῬᾎΕ
2971 797 3102 922 110⁴?
3102 798 3649 938 ’νῌῗοιέὲῑῖἓῖξ
3678 800 4015 925 {hm}
4044 800 4134 925 ⁸1i’

2430 950 2483 1003 p.
2514 882 2604 988 gs.
2677 935 2841 990 06166
2876 885 3035 991 (16ξο1·
3070 937 3439 993 authenticum
3474 953 3585 993 non
3617 888 3892 1010 impegit.)
4018 911 4029 924 ⁰
4120 910 4135 925 ⁰

2187 1104 2626 1171 Fidelissimis
2670 1105 2982 1172 ecelesiae
3018 1107 3148 1173 Dei
3196 1107 3569 1190 pastoribus
3609 1106 3962 1174 Guillelmo
4002 1107 4136 1174 Fa-

2186 1189 2350 1256 rello
2393 1200 2464 1256 et
2504 1190 2707 1257 Petro
2750 1191 2987 1259 Vireto
3042 1191 3358 1293 fratribus
3401 1201 3472 1259 et
3511 1197 3891 1280 symmystis
3935 1194 4135 1261 66116-

3051 1299 3252 1346 simis.

2357 1414 2421 1478 A
2442 1411 2730 1480 discessu
2765 1421 2985 1480 vestro
3011 1412 3061 1500 ¹)
3097 1413 3370 1481 ohoreae
3405 1413 3595 1481 nobis
3630 1415 3775 1499 plus
3816 1415 4133 1483 exhibue-

2184 1507 2344 1565 runt
2383 1499 2631 1584 negotii
2672 1520 2870 1582 (166111
2912 1508 3313 1584 putaveram.
3402 1496 3652 1568 Omnes
3686 1502 3732 1567 ii
3773 1504 3883 1585 (161
3924 1503 4137 1569 inter·

2185 1585 2453 1650 fuerant
2504 1586 2716 1651 vocati
2774 1583 2858 1649 ad
2915 1585 3390 1665 oonsistorium,
3408 1584 3465 1668 2)
3537 1587 3786 1654 duobus
3844 1589 4135 1673 exceptis

2190 1668 2421 1737 Gorneo
2465 1681 2533 1736 et
2576 1669 2862 1751 Perrino,
2883 1674 2940 1750 ⁸)
2983 1670 3402 1757 impudenter
3433 1673 3578 1738 Deo
3621 1683 3688 1739 et
3720 1673 3906 1739 nobis
3949 1694 4136 1741 meu-

2186 1756 2292 1822 titi
2334 1764 2509 1823 sunt.
2610 1754 2961 1823 Exeundui
2975 1809 2993 1837 ,
3048 1768 3124 1823 ut
3180 1758 3279 1824 rei
3330 1757 3690 1845 indignitas
3742 1759 4134 1845 postulabat,

2186 1851 2254 1908 et
2296 1841 2590 1928 graviter
2631 1843 2703 1907 in
2747 1842 2933 1907 illum
2956 1844 3084 1909 Dei
3130 1850 3575 1929 contemptum
3620 1845 3920 1913 invectus
3964 1867 4135 1926 sum,

2185 1928 2357 2012 quod
2399 1948 2521 2011 pro
2565 1927 2775 1994 nihilo
2810 1928 3128 1995 ducerent
3159 1938 3421 1998 sanetas
3463 1930 3942 2009 obtestationes,
3989 1932 4136 2016 qui·

2186 2015 2310 2080 bus
2352 2014 2458 2080 661
2502 2016 2856 2093 fueramus,
2901 2014 3182 2082 ludibrio
3231 2016 3489 2083 habere.
3578 2016 4023 2084 Pei-stiterunt
4067 2019 4137 2083 in

2187 2121 2306 2166 666
2347 2101 2774 2167 60616166616.
2862 2101 3008 2185 Ego
3051 2123 3255 2185 quum
3299 2123 3405 2168 res
3451 2103 3618 2168 mihi
3660 2114 3992 2187 comperta
4035 2124 4137 2169 66-

2187 2194 2304 2265 661,
2347 2185 2516 2251 nihil
2561 2186 2739 2251 aliud
2785 2196 3080 2269 poteram
3125 2210 3317 2272 (16661
3362 2187 3582 2253 Deum
3630 2189 3859 2255 testari
3894 2209 4138 2272 poenas

2187 2280 2412 2337 tanme
2467 2271 2780 2355 perfidiae
2830 2271 3128 2340 daturos:
3192 2274 3391 2339 simul
3449 2283 3675 2340 161666
3731 2275 4136 2352 (1666661611,

2187 2379 2294 2423 166
2337 2356 2444 2424 vel
2490 2359 2788 2441 propriae
2832 2362 3007 2424 vitae
3064 2357 3400 2443 dispendio
3444 2361 3789 2437 facturum,
3848 2372 3922 2427 ut
3968 2362 4138 2427 veri-

2189 2456 2289 2509 tas
2330 2445 2694 2527 patefieret,
2740 2464 2825 2507 ne
2868 2443 3024 2527 quid
3068 2466 3139 2511 se
3165 2446 3560 2512 luerifeoisse
3594 2446 3973 2513 mentiendo
4016 2469 4137 2530 pu·

2188 2536 2427 2595 tarent.
2522 2528 2870 2596 Francisoa
2913 2529 3107 2597 etiam
3137 2530 3394 2597 Perrini
3437 2535 3730 2617 graviter
3773 2533 4139 2599 oonvioiata

2189 2623 2292 2681 est
2333 2614 2542 2694 nobis,
2588 2613 2760 2698 quod
2805 2615 2964 2680 a‘deo
3008 2616 3233 2681 infesti
3275 2638 3564 2684 essemus
3608 2617 3936 2699 Fabris.⁴)
4002 2618 4138 2684 Re·

2188 2699 2423 2785 spondi
2466 2712 2543 2766 ut
2584 2701 2799 2767 visum
2853 2700 2984 2767 fuit
3036 2709 3230 2785 atque
3282 2710 3360 2767 ut
3399 2703 3790 2770 merebatur.
3878 2705 4140 2789 Rogavi

2188 2787 2506 2869 numquid
2550 2797 2960 2854 66610666616
3013 2796 3185 2853 66661
3226 2785 3475 2867 (101666,
3519 2789 3837 2873 numquid
3880 2789 4139 2874 legibus

2188 2873 2447 2939 soluta?
2536 2873 2805 2939 Patrem
2852 2873 3029 2937 enim
3082 2874 3217 2939 iam
3271 2874 3468 2940 unius
3527 2875 3836 2940 adulterii
3880 2878 4140 2943 eonvio-

2188 2971 2328 3025 tum
2375 2958 2787 3025 tenebamus:
2808 2961 2866 3037 ⁶)
2932 2958 3201 3024 alterius
3258 2957 3554 3044 probatio
3608 2980 3812 3044 prope
3860 2960 3942 3026 ad
4000 2983 4141 3027 166-

2185 3067 2347 3112 6616
2393 3054 2564 3112 erat:
2611 3043 2692 3110 de
2736 3045 2932 3112 tertio
2975 3065 3259 3130 magnus
3303 3054 3445 3112 erat
3486 3066 3743 3112 rumor:
3790 3046 3995 3113 frater
4037 3068 4139 3114 se-

2185 3141 2418 3198 natum
2471 3140 2539 3198 et
2594 3153 2716 3198 nos
2771 3131 2989 3215 palam
3046 3140 3522 3215 contempserat
3574 3154 3651 3200 66
3712 3132 4058 3201 deriserat:
4080 3135 4139 3210 θ)

2187 3216 2458 3283 tandem
2501 3216 2707 3284 adieci
2749 3216 3196 3283 fabricandam
3246 3218 3378 3282 illis
3424 3240 3568 3286 esse
3608 3241 3847 3285 novam
3890 3218 4140 3300 urbem,

2186 3305 2258 3370 16
2335 3323 2466 3387 (166
2523 3325 2816 3369 66016616
2876 3305 3178 3370 viverent
3196 3355 3215 3385 ‚
3286 3304 3414 3369 nisi
3485 3303 3732 3371 vellent
3800 3305 4139 3372 nobiseum

2185 3390 2296 3455 1116
2334 3389 2454 3456 sub
2499 3388 2750 3456 Ohristi
2791 3390 2947 3474 iugo
3002 3389 3422 3476 contineri:⁷)
3470 3390 3788 3474 quamdiu
3832 3390 4142 3458 Genevae

2548 3530 2599 3537 .-

2222 3612 2357 3668 791.
2395 3612 2453 3678 1)
2492 3612 2668 3667 Initio
2711 3614 2915 3665 mensis
2970 3612 3128 3666 ambo
3180 3610 3428 3666 Ges-evae
3481 3613 3715 3679 fuerunt
3759 3612 4054 3678 honorifice
4104 3628 4143 3667 a

2189 3690 2386 3738 matu
2421 3682 2642 3749 excepti.
2714 3678 2876 3748 (Req.
2911 3679 2990 3734 dn
3028 3680 3286 3747 0066611.)

2395 3748 2457 3815 2)
2493 3765 2672 3804 mense
2720 3748 2930 3805 Martio
2985 3749 3140 3817 apud
3180 3748 3311 3804 Ant.
3359 3750 3509 3805 Lect.
3549 3750 3607 3803 in
3653 3748 3919 3803 Bellen-ivo
3954 3750 4145 3818 plures

2189 3820 2473 3889 uariasque
2505 3832 2668 3873 sexus
2700 3818 2964 3872 nobiliore
3007 3820 3120 3873 loco
3154 3819 3280 3872 nati
3313 3818 3567 3872 saltando
3603 3834 3660 3872 se
3692 3818 4042 3885 oblectarant,
4080 3819 4147 3871 de

2192 3890 2386 3959 quibus
2423 3889 2805 3942 consistorium
2840 3890 2958 3941 sine
3004 3903 3163 3941 mora
3207 3888 3532 3957 inquirebat.
3607 3885 3772 3956 (Περ.
3809 3886 3886 3941 dn
3927 3886 4142 3940 Consis-

2194 3961 2331 4013 toire
2364 3955 2415 4009 8.
2441 3957 2624 4024 April.
2657 3962 2709 4010 et
2740 3971 2833 4026 seq
2869 3957 2914 4022 .)
3210 4025 3220 4036 .
3779 4027 3787 4034 ·

2399 4027 2459 4092 3)
2495 4023 2766 4079 Amblard
2817 3972 2991 4079 gorne
3041 4024 3314 4092 Syndzcus
3359 4031 3411 4079 et
3462 4025 3786 4079 Coneistorii
3826 4039 4052 4092 praeses
4096 4030 4147 4078 et

2194 4096 2319 4150 Am.
2365 4095 2579 4158 Perrin,
2615 4094 2938 4161 capitaneus
2968 4094 3240 4162 aenei-alis
3276 4100 3326 4147 et
3358 4101 3606 4160 senator,
3653 4101 3875 4162 neterque
3916 4090 4145 4147 Calvino

2194 4164 2519 4219 coniunctus
2550 4161 2664 4216 illie
2697 4163 2906 4216 choreis
2945 4162 3315 4228 interfuerant
3357 4167 3407 4216 et
3454 4162 3866 4216 admonitionem
3913 4161 4146 4214 modeste

2196 4250 2259 4288 ac
2498 4237 2518 4284 t
2551 4247 2589 4285 a
2781 4230 2963 4283 ‘storia
3008 4232 3083 4284 iis
3114 4233 3428 4299 irroqatam.
3519 4231 3640 4283 Alii
3669 4230 3813 4283 inter
3858 4246 3993 4298 quos
4028 4230 4142 4283 Iac.

2202 4302 2378 4357 (ἔναιε
2408 4305 2463 4356 et
2495 4299 2644 4355 Patr.
2685 4299 2879 4354 Mache
2908 4300 3210 4354 mendaciis
3243 4315 3301 4353 se
3333 4300 3604 4353 extu-icaro
3637 4299 3823 4352 eonati
3852 4305 3996 4352 sunt.

2401 4368 2465 4436 4)
2507 4368 2815 4422 Rani-ioca
2864 4368 3062 4437 Fame,
3125 4368 3349 4422 Porrini
3398 4385 3556 4435 uxor,
3605 4366 3906 4421 Francisoi
3964 4367 4148 4420 Favre

2196 4441 2309 4495 viri
2340 4438 2650 4495 wnsularis
2682 4437 2817 4505 filia,
2849 4437 3050 4502 ferocis
3086 4438 3293 4506 ingenii
3321 4438 3532 4503 femina
3564 4443 3617 4491 et
3648 4437 3881 4491 maxime
3919 4435 4147 4490 Calvino

2195 4510 2434 4576 infensa,
2469 4507 2564 4561 cui
2595 4505 2740 4559 discit
2772 4506 2874 4559 hac
2907 4507 3217 4560 occasione.-
3263 4506 3517 4560 Meshant
3551 4505 3766 4558 homme
3790 4521 3922 4557 vous
3960 4503 4147 4556 voulez

2198 4578 2350 4632 boire
2386 4577 2440 4629 le
2475 4592 2609 4645 sang
2644 4574 2712 4628 de
2747 4579 2907 4628 notre
2942 4575 3170 4641 fsmille,
3216 4576 3354 4628 mais
3389 4593 3523 4628 vous
3558 4575 3786 4629 sortirer,
3822 4573 3889 4625 de
3926 4570 4145 4625 Geneve

2196 4653 2364 4701 avant
2397 4660 2550 4698 nous.
2638 4643 2891 4711 Gabeni,
2938 4643 3059 4699 hist.
3106 4645 3174 4698 de
3217 4644 3349 4712 Peqz.
3396 4645 3464 4698 de
3511 4644 3577 4699 G.
3623 4645 3670 4697 I.
3719 4641 3839 4695 380.
3927 4640 4144 4707 Galiffb,

2196 4718 2451 4786 quelques
2483 4727 2652 4781 payes
2685 4712 2864 4766 d'hist.
2899 4719 2994 4769 eto.
3017 4730 3074 4781 p.
3111 4713 3160 4767 6.
4099 4777 4110 4788 ,

2403 4782 2465 4849 5)
2501 4782 2710 4836 Frons.
2747 4780 2935 4836 Favre
2967 4798 3146 4836 mense
3181 4779 3396 4836 Martio
3442 4786 3729 4836 accusatus
3777 4777 3888 4843 snit
3937 4775 4143 4830 d'avon·

2197 4854 2421 4908 60161616
2456 4850 2768 4921 paillsrdise
2804 4866 2936 4904 aveo
2970 4868 3074 4906 une
3109 4851 3219 4904 fille
3294 4850 3349 4903 ui
3383 4850 3589 4904 s'estoit
3606 4849 3807 4902 retiree
3842 4847 3984 4900 riere
4008 4845 4141 4898 Ger.

2200 4923 2341 4990 (scil.
2377 4924 2491 4974 iam
2524 4937 2574 4974 a.
2597 4917 2753 4984 1531)
2796 4917 3012 4987 Galiffe,
3047 4919 3080 4973 1.
3118 4922 3151 4975 l.
3185 4936 3240 4987 p.
3310 4918 3358 4972 3.
3429 4917 3734 4982 Bonivard,
3771 4932 3891 4972 ane.
3926 4922 3977 4969 et
4011 4931 4143 4969 non-

2195 4993 2325 5047 velle
2354 4991 2530 5059 police
2563 4987 2630 5041 de
2671 4986 2738 5042 G.
2774 4985 2927 5052 1865,
2958 5006 3012 5057 p.
3050 4987 3163 5054 69).

2403 5058 2464 5125 6)
2507 5057 2729 5125 Gaspar
2778 5057 2987 5123 Favre,
3046 5073 3201 5127 quem
3245 5055 3453 5110 divisse
3494 5054 3768 5120 ferebant,
3821 5054 3874 5105 si
3923 5051 4142 5121 quando

2194 5146 2297 5262 {⁹1:¹2⁸
2301 5128 2458 5250 ⁶⁶⁶2?
2494 5127 2749 5249 ‘affligi
2750 5141 2825 5245 “1⁸1
2842 5125 2882 5190 '⁰
2872 5133 2989 5246 {Y‘
3010 5124 3511 5261 2⁸⁶1²÷‘¹⁰{”“'“⁸R{}
3528 5123 3659 5243 ’Ἕω
3669 5128 4145 5245 &mistim

2288 5210 3334 5266 ey.uon..ar..nn.
3514 5209 3641 5244 ,u
3977 5229 4143 5242 ..

2202 5266 2446 5322 Gaberel.
2524 5305 2534 5316 .
2570 5261 2687 5317 382.

2402 5332 2460 5400 7)
2476 5281 2650 5387 pEdd.
2688 5331 2793 5383 6161
2828 5329 3031 5385 vellent
3077 5349 3110 5384 6
3143 5330 3301 5384 nobis
3349 5330 3437 5382 hie
3484 5329 3584 5382 sub
3618 5328 3745 5398 iugo
3782 5327 3981 5382 Christi
4020 5344 4144 5380 oon-

2188 5404 2370 5458 tineri.
