<?xml version="1.0" encoding="UTF-8"?>
<!DOCTYPE html PUBLIC "-//W3C//DTD XHTML 1.0 Transitional//EN"
    "http://www.w3.org/TR/xhtml1/DTD/xhtml1-transitional.dtd">
<html xmlns="http://www.w3.org/1999/xhtml" xml:lang="en" lang="en">
 <head>
  <title>
</title>
<meta http-equiv="Content-Type" content="text/html;charset=utf-8" />
  <meta name='ocr-system' content='tesseract 3.04.00' />
  <meta name='ocr-capabilities' content='ocr_page ocr_carea ocr_par ocr_line ocrx_word'/>
</head>
<body>
  <div class='ocr_page' id='page_1' title='image "./ioanniscalvinio10unkngoog_0064.png"; bbox 0 0 4825 6175; ppageno 0'>
   <div class='ocr_carea' id='block_1_1' title="bbox 620 404 4619 481">
    <p class='ocr_par' dir='ltr' id='par_1_1' title="bbox 620 404 4619 481">
     <span class='ocr_line' id='line_1_1' title="bbox 620 404 4619 481; baseline -0.005 0"><span class='ocrx_word' id='word_1_1' title='bbox 620 416 707 481; x_wconf 76' lang='lat'><strong>83</strong></span> <span class='ocrx_word' id='word_1_2' title='bbox 2181 404 2709 473; x_wconf 71' lang='lat' dir='ltr'><strong>EPISTULAE</strong></span> <span class='ocrx_word' id='word_1_3' title='bbox 2756 408 3094 471; x_wconf 80' lang='lat'>645—647</span> <span class='ocrx_word' id='word_1_4' title='bbox 4548 408 4619 472; x_wconf 71' lang='lat'><strong>84</strong></span> 
     </span>
    </p>
   </div>
   <div class='ocr_carea' id='block_1_2' title="bbox 618 593 2583 2310">
    <p class='ocr_par' dir='ltr' id='par_1_2' title="bbox 618 593 2583 2310">
     <span class='ocr_line' id='line_1_2' title="bbox 620 593 2580 686; baseline -0.006 -16"><span class='ocrx_word' id='word_1_5' title='bbox 620 621 774 670; x_wconf 87' lang='lat' dir='ltr'><strong>meo</strong></span> <span class='ocrx_word' id='word_1_6' title='bbox 816 599 1149 686; x_wconf 79' lang='lat' dir='ltr'><strong>postulatu</strong></span> <span class='ocrx_word' id='word_1_7' title='bbox 1192 596 1479 665; x_wconf 86' lang='lat' dir='ltr'><strong>reditum</strong></span> <span class='ocrx_word' id='word_1_8' title='bbox 1530 603 1646 662; x_wconf 84' lang='lat' dir='ltr'><strong>est.</strong></span> <span class='ocrx_word' id='word_1_9' title='bbox 1736 593 1872 662; x_wconf 85' lang='lat' dir='ltr'><strong>Sed</strong></span> <span class='ocrx_word' id='word_1_10' title='bbox 1916 595 2175 661; x_wconf 87' lang='lat' dir='ltr'><strong>efficere</strong></span> <span class='ocrx_word' id='word_1_11' title='bbox 2216 616 2351 661; x_wconf 92' lang='lat' dir='ltr'><strong>non</strong></span> <span class='ocrx_word' id='word_1_12' title='bbox 2393 593 2580 679; x_wconf 87' lang='lat' dir='ltr'><strong>potui</strong></span> 
     </span>
     <span class='ocr_line' id='line_1_3' title="bbox 622 680 2579 764; baseline -0.005 -9"><span class='ocrx_word' id='word_1_13' title='bbox 622 696 704 756; x_wconf 83' lang='lat' dir='ltr'><strong>ut</strong></span> <span class='ocrx_word' id='word_1_14' title='bbox 766 709 805 753; x_wconf 89' lang='lat' dir='ltr'><strong>a</strong></span> <span class='ocrx_word' id='word_1_15' title='bbox 859 686 1187 753; x_wconf 86' lang='lat' dir='ltr'><strong>sententia</strong></span> <span class='ocrx_word' id='word_1_16' title='bbox 1242 684 1737 750; x_wconf 74' lang='lat' dir='ltr'><strong>abducerentur.</strong></span> <span class='ocrx_word' id='word_1_17' title='bbox 1840 680 2264 747; x_wconf 73' lang='lat' dir='ltr'><strong>censuerunt</strong></span> <span class='ocrx_word' id='word_1_18' title='bbox 2318 681 2579 764; x_wconf 88' lang='lat' dir='ltr'><strong>proprio</strong></span> 
     </span>
     <span class='ocr_line' id='line_1_4' title="bbox 623 765 2578 852; baseline -0.005 -11"><span class='ocrx_word' id='word_1_19' title='bbox 623 774 866 840; x_wconf 89' lang='lat' dir='ltr'><strong>nuncio</strong></span> <span class='ocrx_word' id='word_1_20' title='bbox 909 769 1263 837; x_wconf 83' lang='lat' dir='ltr'><strong>mittendas</strong></span> <span class='ocrx_word' id='word_1_21' title='bbox 1306 790 1448 836; x_wconf 88' lang='lat' dir='ltr'><strong>esse</strong></span> <span class='ocrx_word' id='word_1_22' title='bbox 1491 769 1717 833; x_wconf 83' lang='lat' dir='ltr'><strong>literas</strong></span> <span class='ocrx_word' id='word_1_23' title='bbox 1761 768 1997 852; x_wconf 88' lang='lat' dir='ltr'><strong>quibus</strong></span> <span class='ocrx_word' id='word_1_24' title='bbox 2039 766 2208 833; x_wconf 88' lang='lat' dir='ltr'><strong>serio</strong></span> <span class='ocrx_word' id='word_1_25' title='bbox 2253 766 2428 850; x_wconf 89' lang='lat' dir='ltr'><strong>apud</strong></span> <span class='ocrx_word' id='word_1_26' title='bbox 2452 765 2578 831; x_wconf 86' lang='lat' dir='ltr'><strong>Re-</strong></span> 
     </span>
     <span class='ocr_line' id='line_1_5' title="bbox 618 850 2579 946; baseline -0.006 -20"><span class='ocrx_word' id='word_1_27' title='bbox 618 881 761 946; x_wconf 79' lang='lat' dir='ltr'><strong>9em</strong></span> <span class='ocrx_word' id='word_1_28' title='bbox 825 856 1318 923; x_wconf 74' lang='lat' dir='ltr'><strong>intercederent.</strong></span> <span class='ocrx_word' id='word_1_29' title='bbox 1434 855 1721 937; x_wconf 88' lang='lat' dir='ltr'><strong>Accepto</strong></span> <span class='ocrx_word' id='word_1_30' title='bbox 1794 872 2109 937; x_wconf 88' lang='lat' dir='ltr'><strong>responso</strong></span> <span class='ocrx_word' id='word_1_31' title='bbox 2187 850 2579 917; x_wconf 86' lang='lat' dir='ltr'><strong>mittendam</strong></span> 
     </span>
     <span class='ocr_line' id='line_1_6' title="bbox 624 937 2579 1031; baseline -0.005 -20"><span class='ocrx_word' id='word_1_32' title='bbox 624 944 945 1031; x_wconf 76' lang='lat' dir='ltr'><strong>grandem</strong></span> <span class='ocrx_word' id='word_1_33' title='bbox 963 943 1022 1029; x_wconf 78' lang='lat'><strong>⁶)</strong></span> <span class='ocrx_word' id='word_1_34' title='bbox 1092 941 1504 1026; x_wconf 79' lang='lat' dir='ltr'><strong>legationem.</strong></span> <span class='ocrx_word' id='word_1_35' title='bbox 1608 940 1863 1004; x_wconf 86' lang='lat' dir='ltr'><strong>Putant</strong></span> <span class='ocrx_word' id='word_1_36' title='bbox 1920 939 2098 1005; x_wconf 90' lang='lat' dir='ltr'><strong>enim</strong></span> <span class='ocrx_word' id='word_1_37' title='bbox 2156 938 2295 1003; x_wconf 90' lang='lat' dir='ltr'><strong>fore</strong></span> <span class='ocrx_word' id='word_1_38' title='bbox 2350 937 2579 1003; x_wconf 85' lang='lat' dir='ltr'><strong>utilius</strong></span> 
     </span>
     <span class='ocr_line' id='line_1_7' title="bbox 625 1024 2580 1110; baseline -0.005 -12"><span class='ocrx_word' id='word_1_39' title='bbox 625 1033 684 1099; x_wconf 84' lang='lat' dir='ltr'><strong>si</strong></span> <span class='ocrx_word' id='word_1_40' title='bbox 719 1030 959 1096; x_wconf 88' lang='lat' dir='ltr'><strong>auditis</strong></span> <span class='ocrx_word' id='word_1_41' title='bbox 993 1025 1524 1094; x_wconf 76' lang='lat' dir='ltr'><strong>excusationibus</strong></span> <span class='ocrx_word' id='word_1_42' title='bbox 1558 1025 1852 1110; x_wconf 83' lang='lat' dir='ltr'><strong>legatum</strong></span> <span class='ocrx_word' id='word_1_43' title='bbox 1886 1025 2158 1089; x_wconf 90' lang='lat' dir='ltr'><strong>mittant</strong></span> <span class='ocrx_word' id='word_1_44' title='bbox 2190 1024 2356 1089; x_wconf 90' lang='lat' dir='ltr'><strong>bene</strong></span> <span class='ocrx_word' id='word_1_45' title='bbox 2389 1042 2580 1106; x_wconf 84' lang='lat' dir='ltr'><strong>prae-</strong></span> 
     </span>
     <span class='ocr_line' id='line_1_8' title="bbox 626 1109 2581 1195; baseline -0.004 -12"><span class='ocrx_word' id='word_1_46' title='bbox 626 1116 975 1183; x_wconf 89' lang='lat' dir='ltr'><strong>munitum.</strong></span> <span class='ocrx_word' id='word_1_47' title='bbox 1065 1114 1425 1180; x_wconf 77' lang='lat' dir='ltr'><strong>Testantur</strong></span> <span class='ocrx_word' id='word_1_48' title='bbox 1479 1113 1734 1176; x_wconf 86' lang='lat' dir='ltr'><strong>interea</strong></span> <span class='ocrx_word' id='word_1_49' title='bbox 1776 1133 1847 1177; x_wconf 90' lang='lat' dir='ltr'><strong>se</strong></span> <span class='ocrx_word' id='word_1_50' title='bbox 1888 1131 2011 1176; x_wconf 87' lang='lat' dir='ltr'><strong>nec</strong></span> <span class='ocrx_word' id='word_1_51' title='bbox 2045 1109 2414 1195; x_wconf 80' lang='lat' dir='ltr'><strong>sumptibus</strong></span> <span class='ocrx_word' id='word_1_52' title='bbox 2459 1129 2581 1175; x_wconf 89' lang='lat' dir='ltr'><strong>nec</strong></span> 
     </span>
     <span class='ocr_line' id='line_1_9' title="bbox 625 1194 2580 1284; baseline -0.005 -17"><span class='ocrx_word' id='word_1_53' title='bbox 625 1201 832 1267; x_wconf 88' lang='lat' dir='ltr'><strong>labori</strong></span> <span class='ocrx_word' id='word_1_54' title='bbox 876 1220 1165 1284; x_wconf 79' lang='lat' dir='ltr'><strong>parcere.</strong></span> <span class='ocrx_word' id='word_1_55' title='bbox 1254 1197 1536 1279; x_wconf 78' lang='lat' dir='ltr'><strong>Quando</strong></span> <span class='ocrx_word' id='word_1_56' title='bbox 1602 1197 1727 1263; x_wconf 88' lang='lat' dir='ltr'><strong>hoc</strong></span> <span class='ocrx_word' id='word_1_57' title='bbox 1782 1196 1912 1262; x_wconf 90' lang='lat' dir='ltr'><strong>illis</strong></span> <span class='ocrx_word' id='word_1_58' title='bbox 1970 1197 2176 1262; x_wconf 85' lang='lat' dir='ltr'><strong>fixum</strong></span> <span class='ocrx_word' id='word_1_59' title='bbox 2221 1203 2323 1261; x_wconf 89' lang='lat' dir='ltr'><strong>est</strong></span> <span class='ocrx_word' id='word_1_60' title='bbox 2365 1194 2580 1260; x_wconf 89' lang='lat' dir='ltr'><strong>consi-</strong></span> 
     </span>
     <span class='ocr_line' id='line_1_10' title="bbox 627 1282 2582 1368; baseline -0.004 -16"><span class='ocrx_word' id='word_1_61' title='bbox 627 1287 823 1364; x_wconf 89' lang='lat' dir='ltr'><strong>lium,</strong></span> <span class='ocrx_word' id='word_1_62' title='bbox 884 1286 1093 1351; x_wconf 86' lang='lat' dir='ltr'><strong>literis</strong></span> <span class='ocrx_word' id='word_1_63' title='bbox 1151 1287 1335 1368; x_wconf 86' lang='lat' dir='ltr'><strong>prius</strong></span> <span class='ocrx_word' id='word_1_64' title='bbox 1380 1282 1686 1367; x_wconf 83' lang='lat' dir='ltr'><strong>experiri,</strong></span> <span class='ocrx_word' id='word_1_65' title='bbox 1743 1283 2049 1348; x_wconf 86' lang='lat' dir='ltr'><strong>feramus.</strong></span> <span class='ocrx_word' id='word_1_66' title='bbox 2153 1282 2387 1347; x_wconf 89' lang='lat' dir='ltr'><strong>Iussus</strong></span> <span class='ocrx_word' id='word_1_67' title='bbox 2429 1301 2582 1345; x_wconf 88' lang='lat' dir='ltr'><strong>sum</strong></span> 
     </span>
     <span class='ocr_line' id='line_1_11' title="bbox 623 1367 2580 1457; baseline -0.005 -18"><span class='ocrx_word' id='word_1_68' title='bbox 623 1383 982 1457; x_wconf 85' lang='lat' dir='ltr'><strong>praeterea,</strong></span> <span class='ocrx_word' id='word_1_69' title='bbox 1029 1373 1085 1436; x_wconf 88' lang='lat' dir='ltr'><strong>si</strong></span> <span class='ocrx_word' id='word_1_70' title='bbox 1120 1369 1279 1454; x_wconf 90' lang='lat' dir='ltr'><strong>quid</strong></span> <span class='ocrx_word' id='word_1_71' title='bbox 1317 1370 1475 1434; x_wconf 82' lang='lat' dir='ltr'><strong>novi</strong></span> <span class='ocrx_word' id='word_1_72' title='bbox 1509 1370 1848 1444; x_wconf 75' lang='lat' dir='ltr'><strong>rescivere,</strong></span> <span class='ocrx_word' id='word_1_73' title='bbox 1894 1367 2186 1432; x_wconf 89' lang='lat' dir='ltr'><strong>Bernam</strong></span> <span class='ocrx_word' id='word_1_74' title='bbox 2229 1388 2385 1430; x_wconf 83' lang='lat' dir='ltr'><strong>mox</strong></span> <span class='ocrx_word' id='word_1_75' title='bbox 2422 1367 2580 1431; x_wconf 88' lang='lat' dir='ltr'><strong>scri-</strong></span> 
     </span>
     <span class='ocr_line' id='line_1_12' title="bbox 626 1451 2582 1525; baseline -0.003 -1"><span class='ocrx_word' id='word_1_76' title='bbox 626 1459 799 1525; x_wconf 88' lang='lat' dir='ltr'><strong>bere.</strong></span> <span class='ocrx_word' id='word_1_77' title='bbox 889 1456 1176 1523; x_wconf 84' lang='lat' dir='ltr'><strong>Senatus</strong></span> <span class='ocrx_word' id='word_1_78' title='bbox 1218 1454 1581 1520; x_wconf 85' lang='lat' dir='ltr'><strong>Beruensis</strong></span> <span class='ocrx_word' id='word_1_79' title='bbox 1624 1475 1696 1520; x_wconf 90' lang='lat' dir='ltr'><strong>se</strong></span> <span class='ocrx_word' id='word_1_80' title='bbox 1738 1454 1887 1518; x_wconf 88' lang='lat' dir='ltr'><strong>aliis</strong></span> <span class='ocrx_word' id='word_1_81' title='bbox 1920 1451 2358 1519; x_wconf 89' lang='lat' dir='ltr'><strong>indicaturum</strong></span> <span class='ocrx_word' id='word_1_82' title='bbox 2402 1473 2582 1518; x_wconf 89' lang='lat' dir='ltr'><strong>rece-</strong></span> 
     </span>
     <span class='ocr_line' id='line_1_13' title="bbox 624 1538 2583 1628; baseline -0.004 -19"><span class='ocrx_word' id='word_1_83' title='bbox 624 1544 743 1628; x_wconf 85' lang='lat' dir='ltr'><strong>pit.</strong></span> <span class='ocrx_word' id='word_1_84' title='bbox 814 1544 1011 1608; x_wconf 85' lang='lat' dir='ltr'><strong>Mitto</strong></span> <span class='ocrx_word' id='word_1_85' title='bbox 1056 1540 1394 1625; x_wconf 84' lang='lat' dir='ltr'><strong>exemplar</strong></span> <span class='ocrx_word' id='word_1_86' title='bbox 1437 1541 1666 1623; x_wconf 87' lang='lat' dir='ltr'><strong>scripti</strong></span> <span class='ocrx_word' id='word_1_87' title='bbox 1709 1538 1885 1623; x_wconf 92' lang='lat' dir='ltr'><strong>quod</strong></span> <span class='ocrx_word' id='word_1_88' title='bbox 1929 1560 2156 1603; x_wconf 89' lang='lat' dir='ltr'><strong>eorum</strong></span> <span class='ocrx_word' id='word_1_89' title='bbox 2201 1547 2434 1623; x_wconf 85' lang='lat' dir='ltr'><strong>rogatu</strong></span> <span class='ocrx_word' id='word_1_90' title='bbox 2469 1538 2583 1603; x_wconf 92' lang='lat' dir='ltr'><strong>ob·</strong></span> 
     </span>
     <span class='ocr_line' id='line_1_14' title="bbox 626 1624 2583 1711; baseline -0.003 -17"><span class='ocrx_word' id='word_1_91' title='bbox 626 1630 774 1708; x_wconf 84' lang='lat' dir='ltr'><strong>tuli,</strong></span> <span class='ocrx_word' id='word_1_92' title='bbox 797 1633 849 1708; x_wconf 80' lang='lat'><strong>⁶)</strong></span> <span class='ocrx_word' id='word_1_93' title='bbox 896 1638 1240 1711; x_wconf 84' lang='lat' dir='ltr'><strong>postquam</strong></span> <span class='ocrx_word' id='word_1_94' title='bbox 1282 1627 1501 1691; x_wconf 90' lang='lat' dir='ltr'><strong>omnia</strong></span> <span class='ocrx_word' id='word_1_95' title='bbox 1538 1627 1743 1691; x_wconf 87' lang='lat' dir='ltr'><strong>fusius</strong></span> <span class='ocrx_word' id='word_1_96' title='bbox 1787 1645 2239 1707; x_wconf 84' lang='lat' dir='ltr'><strong>exposueram.</strong></span> <span class='ocrx_word' id='word_1_97' title='bbox 2326 1624 2583 1688; x_wconf 86' lang='lat' dir='ltr'><strong>Vereor</strong></span> 
     </span>
     <span class='ocr_line' id='line_1_15' title="bbox 625 1708 2581 1793; baseline -0.004 -13"><span class='ocrx_word' id='word_1_98' title='bbox 625 1737 712 1780; x_wconf 91' lang='lat' dir='ltr'><strong>ne</strong></span> <span class='ocrx_word' id='word_1_99' title='bbox 757 1713 996 1781; x_wconf 90' lang='lat' dir='ltr'><strong>alicubi</strong></span> <span class='ocrx_word' id='word_1_100' title='bbox 1040 1715 1245 1780; x_wconf 87' lang='lat' dir='ltr'><strong>falsus</strong></span> <span class='ocrx_word' id='word_1_101' title='bbox 1288 1712 1544 1791; x_wconf 88' lang='lat' dir='ltr'><strong>fuerim,</strong></span> <span class='ocrx_word' id='word_1_102' title='bbox 1592 1717 1660 1776; x_wconf 88' lang='lat' dir='ltr'><strong>et</strong></span> <span class='ocrx_word' id='word_1_103' title='bbox 1699 1711 1912 1793; x_wconf 83' lang='lat' dir='ltr'><strong>magis</strong></span> <span class='ocrx_word' id='word_1_104' title='bbox 1947 1731 2183 1775; x_wconf 84' lang='lat' dir='ltr'><strong>vereor</strong></span> <span class='ocrx_word' id='word_1_105' title='bbox 2216 1709 2364 1774; x_wconf 91' lang='lat' dir='ltr'><strong>ideo</strong></span> <span class='ocrx_word' id='word_1_106' title='bbox 2408 1708 2581 1793; x_wconf 92' lang='lat' dir='ltr'><strong>quod</strong></span> 
     </span>
     <span class='ocr_line' id='line_1_16' title="bbox 627 1795 2580 1881; baseline -0.003 -17"><span class='ocrx_word' id='word_1_107' title='bbox 627 1800 827 1865; x_wconf 88' lang='lat' dir='ltr'><strong>fidem</strong></span> <span class='ocrx_word' id='word_1_108' title='bbox 870 1821 1085 1865; x_wconf 90' lang='lat' dir='ltr'><strong>meam</strong></span> <span class='ocrx_word' id='word_1_109' title='bbox 1132 1796 1308 1881; x_wconf 87' lang='lat' dir='ltr'><strong>apud</strong></span> <span class='ocrx_word' id='word_1_110' title='bbox 1352 1819 1459 1863; x_wconf 91' lang='lat' dir='ltr'><strong>eos</strong></span> <span class='ocrx_word' id='word_1_111' title='bbox 1505 1797 1850 1862; x_wconf 82' lang='lat' dir='ltr'><strong>extenuari</strong></span> <span class='ocrx_word' id='word_1_112' title='bbox 1910 1795 2348 1879; x_wconf 90' lang='lat' dir='ltr'><strong>periculosum</strong></span> <span class='ocrx_word' id='word_1_113' title='bbox 2392 1795 2580 1873; x_wconf 84' lang='lat' dir='ltr'><strong>foret,</strong></span> 
     </span>
     <span class='ocr_line' id='line_1_17' title="bbox 631 1881 2583 1969; baseline -0.003 -18"><span class='ocrx_word' id='word_1_114' title='bbox 631 1887 684 1951; x_wconf 90' lang='lat' dir='ltr'><strong>si</strong></span> <span class='ocrx_word' id='word_1_115' title='bbox 743 1885 901 1969; x_wconf 92' lang='lat' dir='ltr'><strong>quid</strong></span> <span class='ocrx_word' id='word_1_116' title='bbox 967 1887 1031 1948; x_wconf 91' lang='lat' dir='ltr'><strong>in</strong></span> <span class='ocrx_word' id='word_1_117' title='bbox 1107 1893 1439 1968; x_wconf 88' lang='lat' dir='ltr'><strong>posterum</strong></span> <span class='ocrx_word' id='word_1_118' title='bbox 1506 1883 1704 1948; x_wconf 87' lang='lat' dir='ltr'><strong>velim</strong></span> <span class='ocrx_word' id='word_1_119' title='bbox 1769 1881 2095 1965; x_wconf 86' lang='lat' dir='ltr'><strong>prodesse.</strong></span> <span class='ocrx_word' id='word_1_120' title='bbox 2205 1882 2583 1947; x_wconf 88' lang='lat' dir='ltr'><strong>Perscribat</strong></span> 
     </span>
     <span class='ocr_line' id='line_1_18' title="bbox 629 1966 2581 2050; baseline -0.002 -14"><span class='ocrx_word' id='word_1_121' title='bbox 629 1971 793 2036; x_wconf 85' lang='lat' dir='ltr'><strong>mihi</strong></span> <span class='ocrx_word' id='word_1_122' title='bbox 844 1971 1150 2036; x_wconf 69' lang='lat' dir='ltr'><strong>Nicotaus</strong></span> <span class='ocrx_word' id='word_1_123' title='bbox 1168 1973 1221 2050; x_wconf 87' lang='lat'><strong>⁷)</strong></span> <span class='ocrx_word' id='word_1_124' title='bbox 1281 1990 1569 2035; x_wconf 88' lang='lat' dir='ltr'><strong>summas</strong></span> <span class='ocrx_word' id='word_1_125' title='bbox 1611 1989 1853 2047; x_wconf 90' lang='lat' dir='ltr'><strong>rerum,</strong></span> <span class='ocrx_word' id='word_1_126' title='bbox 1915 1976 2032 2031; x_wconf 81' lang='lat' dir='ltr'><strong>aut</strong></span> <span class='ocrx_word' id='word_1_127' title='bbox 2075 1967 2132 2033; x_wconf 91' lang='lat' dir='ltr'><strong>si</strong></span> <span class='ocrx_word' id='word_1_128' title='bbox 2176 1966 2581 2032; x_wconf 87' lang='lat' dir='ltr'><strong>commodius</strong></span> 
     </span>
     <span class='ocr_line' id='line_1_19' title="bbox 628 2052 2582 2140; baseline -0.004 -18"><span class='ocrx_word' id='word_1_129' title='bbox 628 2058 767 2122; x_wconf 87' lang='lat' dir='ltr'><strong>fore</strong></span> <span class='ocrx_word' id='word_1_130' title='bbox 810 2057 1217 2140; x_wconf 86' lang='lat' dir='ltr'><strong>putaveritis,</strong></span> <span class='ocrx_word' id='word_1_131' title='bbox 1272 2056 1400 2138; x_wconf 90' lang='lat' dir='ltr'><strong>ipsi</strong></span> <span class='ocrx_word' id='word_1_132' title='bbox 1444 2055 1732 2119; x_wconf 87' lang='lat' dir='ltr'><strong>Bernam</strong></span> <span class='ocrx_word' id='word_1_133' title='bbox 1778 2052 2058 2119; x_wconf 87' lang='lat' dir='ltr'><strong>scribite.</strong></span> <span class='ocrx_word' id='word_1_134' title='bbox 2147 2053 2403 2131; x_wconf 85' lang='lat' dir='ltr'><strong>Valete,</strong></span> <span class='ocrx_word' id='word_1_135' title='bbox 2450 2053 2582 2116; x_wconf 89' lang='lat' dir='ltr'><strong>fra-</strong></span> 
     </span>
     <span class='ocr_line' id='line_1_20' title="bbox 628 2137 2581 2208; baseline -0.002 -3"><span class='ocrx_word' id='word_1_136' title='bbox 628 2150 765 2208; x_wconf 90' lang='lat' dir='ltr'><strong>tres</strong></span> <span class='ocrx_word' id='word_1_137' title='bbox 832 2141 1254 2207; x_wconf 76' lang='lat' dir='ltr'><strong>dilectissimi.</strong></span> <span class='ocrx_word' id='word_1_138' title='bbox 1367 2140 1697 2204; x_wconf 89' lang='lat' dir='ltr'><strong>Dominus</strong></span> <span class='ocrx_word' id='word_1_139' title='bbox 1764 2160 1883 2205; x_wconf 82' lang='lat' dir='ltr'><strong>vos</strong></span> <span class='ocrx_word' id='word_1_140' title='bbox 1949 2145 2316 2204; x_wconf 83' lang='lat' dir='ltr'><strong>conservet.</strong></span> <span class='ocrx_word' id='word_1_141' title='bbox 2402 2137 2581 2204; x_wconf 87' lang='lat' dir='ltr'><strong>Pen-</strong></span> 
     </span>
     <span class='ocr_line' id='line_1_21' title="bbox 632 2225 1900 2310; baseline -0.002 -17"><span class='ocrx_word' id='word_1_142' title='bbox 632 2227 905 2294; x_wconf 87' lang='lat' dir='ltr'><strong>deamus</strong></span> <span class='ocrx_word' id='word_1_143' title='bbox 952 2229 1072 2292; x_wconf 89' lang='lat' dir='ltr'><strong>toti</strong></span> <span class='ocrx_word' id='word_1_144' title='bbox 1116 2228 1196 2292; x_wconf 83' lang='lat' dir='ltr'><strong>ab</strong></span> <span class='ocrx_word' id='word_1_145' title='bbox 1240 2229 1402 2309; x_wconf 89' lang='lat' dir='ltr'><strong>ipso.</strong></span> <span class='ocrx_word' id='word_1_146' title='bbox 1494 2226 1824 2291; x_wconf 82' lang='lat' dir='ltr'><strong>Genevae.</strong></span> <span class='ocrx_word' id='word_1_147' title='bbox 1842 2225 1900 2310; x_wconf 83' lang='lat'><strong>8)</strong></span> 
     </span>
    </p>
   </div>
   <div class='ocr_carea' id='block_1_3' title="bbox 1763 2359 2431 2426">
    <p class='ocr_par' dir='ltr' id='par_1_3' title="bbox 1763 2359 2431 2426">
     <span class='ocr_line' id='line_1_22' title="bbox 1763 2359 2431 2426; baseline -0.001 0"><span class='ocrx_word' id='word_1_148' title='bbox 1763 2361 2048 2426; x_wconf 89' lang='lat' dir='ltr'><strong>Ioannes</strong></span> <span class='ocrx_word' id='word_1_149' title='bbox 2094 2359 2431 2425; x_wconf 84' lang='lat' dir='ltr'><strong>Calvinus.</strong></span> 
     </span>
    </p>
   </div>
   <div class='ocr_carea' id='block_1_4' title="bbox 630 2533 1968 2961">
    <p class='ocr_par' dir='ltr' id='par_1_4' title="bbox 630 2533 1968 2961">
     <span class='ocr_line' id='line_1_23' title="bbox 804 2533 1968 2600; baseline -0.003 0"><span class='ocrx_word' id='word_1_150' title='bbox 804 2536 1113 2600; x_wconf 85' lang='lat' dir='ltr'><strong>Nicolaus</strong></span> <span class='ocrx_word' id='word_1_151' title='bbox 1177 2533 1508 2598; x_wconf 69' lang='lat' dir='ltr'><strong>Gallesius</strong></span> <span class='ocrx_word' id='word_1_152' title='bbox 1575 2535 1672 2597; x_wconf 89' lang='lat' dir='ltr'><strong>tui</strong></span> <span class='ocrx_word' id='word_1_153' title='bbox 1743 2554 1968 2598; x_wconf 86' lang='lat' dir='ltr'><strong>aman-</strong></span> 
     </span>
     <span class='ocr_line' id='line_1_24' title="bbox 632 2620 1962 2702; baseline -0.003 -16"><span class='ocrx_word' id='word_1_154' title='bbox 632 2622 928 2687; x_wconf 84' lang='lat' dir='ltr'><strong>tissimus</strong></span> <span class='ocrx_word' id='word_1_155' title='bbox 972 2629 1037 2685; x_wconf 89' lang='lat' dir='ltr'><strong>te</strong></span> <span class='ocrx_word' id='word_1_156' title='bbox 1082 2621 1363 2686; x_wconf 87' lang='lat' dir='ltr'><strong>officiose</strong></span> <span class='ocrx_word' id='word_1_157' title='bbox 1421 2620 1667 2684; x_wconf 78' lang='lat' dir='ltr'><strong>salutat</strong></span> <span class='ocrx_word' id='word_1_158' title='bbox 1709 2626 1777 2684; x_wconf 89' lang='lat' dir='ltr'><strong>et</strong></span> <span class='ocrx_word' id='word_1_159' title='bbox 1819 2640 1962 2702; x_wconf 81' lang='lat' dir='ltr'><strong>gra-</strong></span> 
     </span>
     <span class='ocr_line' id='line_1_25' title="bbox 631 2704 1965 2791; baseline -0.003 -19"><span class='ocrx_word' id='word_1_160' title='bbox 631 2709 759 2773; x_wconf 87' lang='lat' dir='ltr'><strong>tias</strong></span> <span class='ocrx_word' id='word_1_161' title='bbox 805 2708 943 2791; x_wconf 88' lang='lat' dir='ltr'><strong>agit</strong></span> <span class='ocrx_word' id='word_1_162' title='bbox 984 2704 1156 2788; x_wconf 93' lang='lat' dir='ltr'><strong>quod</strong></span> <span class='ocrx_word' id='word_1_163' title='bbox 1202 2706 1263 2769; x_wconf 91' lang='lat' dir='ltr'><strong>ei</strong></span> <span class='ocrx_word' id='word_1_164' title='bbox 1307 2726 1575 2788; x_wconf 90' lang='lat' dir='ltr'><strong>operam</strong></span> <span class='ocrx_word' id='word_1_165' title='bbox 1619 2714 1801 2769; x_wconf 88' lang='lat' dir='ltr'><strong>tuam</strong></span> <span class='ocrx_word' id='word_1_166' title='bbox 1843 2706 1965 2768; x_wconf 90' lang='lat' dir='ltr'><strong>im-</strong></span> 
     </span>
     <span class='ocr_line' id='line_1_26' title="bbox 630 2791 1967 2877; baseline -0.003 -20"><span class='ocrx_word' id='word_1_167' title='bbox 630 2792 956 2877; x_wconf 86' lang='lat' dir='ltr'><strong>penderis.</strong></span> <span class='ocrx_word' id='word_1_168' title='bbox 1045 2792 1232 2856; x_wconf 90' lang='lat' dir='ltr'><strong>Bene</strong></span> <span class='ocrx_word' id='word_1_169' title='bbox 1288 2811 1625 2856; x_wconf 85' lang='lat' dir='ltr'><strong>cessurum</strong></span> <span class='ocrx_word' id='word_1_170' title='bbox 1681 2797 1780 2855; x_wconf 90' lang='lat' dir='ltr'><strong>est</strong></span> <span class='ocrx_word' id='word_1_171' title='bbox 1824 2791 1967 2854; x_wconf 91' lang='lat' dir='ltr'><strong>Deo</strong></span> 
     </span>
     <span class='ocr_line' id='line_1_27' title="bbox 634 2877 1470 2961; baseline -0.004 -17"><span class='ocrx_word' id='word_1_172' title='bbox 634 2878 987 2945; x_wconf 86' lang='lat' dir='ltr'><strong>adiuvante</strong></span> <span class='ocrx_word' id='word_1_173' title='bbox 1034 2877 1391 2961; x_wconf 84' lang='lat' dir='ltr'><strong>negotium.</strong></span> <span class='ocrx_word' id='word_1_174' title='bbox 1416 2877 1470 2961; x_wconf 78' lang='lat'><strong>⁹)</strong></span> 
     </span>
    </p>
   </div>
   <div class='ocr_carea' id='block_1_5' title="bbox 1412 3172 1813 3180">
    <p class='ocr_par' dir='ltr' id='par_1_5' title="bbox 1412 3172 1813 3180">
     <span class='ocr_line' id='line_1_28' title="bbox 1412 3172 1813 3180; baseline 0 -1"><span class='ocrx_word' id='word_1_175' title='bbox 1412 3172 1813 3180; x_wconf 80' lang='lat'><strong>—————-</strong></span> 
     </span>
    </p>
   </div>
   <div class='ocr_carea' id='block_1_6' title="bbox 1163 3389 2051 3594">
    <p class='ocr_par' dir='ltr' id='par_1_6' title="bbox 1163 3389 2051 3594">
     <span class='ocr_line' id='line_1_29' title="bbox 1540 3389 1693 3461; baseline 0.007 -2"><span class='ocrx_word' id='word_1_176' title='bbox 1540 3389 1693 3461; x_wconf 80' lang='lat'><strong>646.</strong></span> 
     </span>
     <span class='ocr_line' id='line_1_30' title="bbox 1163 3527 2051 3594; baseline -0.001 -2"><span class='ocrx_word' id='word_1_177' title='bbox 1163 3528 1568 3594; x_wconf 71' lang='lat' dir='ltr'>VIRETUS</span> <span class='ocrx_word' id='word_1_178' title='bbox 1614 3527 2051 3594; x_wconf 84' lang='lat' dir='ltr'><strong>OALVINO.</strong></span> 
     </span>
    </p>
   </div>
   <div class='ocr_carea' id='block_1_7' title="bbox 628 3697 2587 4040">
    <p class='ocr_par' dir='ltr' id='par_1_7' title="bbox 628 3697 2587 4040">
     <span class='ocr_line' id='line_1_31' title="bbox 813 3697 2587 3782; baseline -0.002 -16"><span class='ocrx_word' id='word_1_179' title='bbox 813 3700 1194 3766; x_wconf 74' lang='lat' dir='ltr'><strong>Gratulatw·</strong></span> <span class='ocrx_word' id='word_1_180' title='bbox 1276 3701 1336 3763; x_wconf 79' lang='lat' dir='ltr'><strong>ei</strong></span> <span class='ocrx_word' id='word_1_181' title='bbox 1390 3698 1956 3782; x_wconf 65' lang='lat' dir='ltr'><strong>pereyrinatiOnem</strong></span> <span class='ocrx_word' id='word_1_182' title='bbox 2037 3697 2302 3779; x_wconf 77' lang='lat' dir='ltr'><strong>feliciter</strong></span> <span class='ocrx_word' id='word_1_183' title='bbox 2380 3701 2587 3762; x_wconf 76' lang='lat' dir='ltr'><strong>trans-</strong></span> 
     </span>
     <span class='ocr_line' id='line_1_32' title="bbox 633 3783 2584 3867; baseline -0.002 -16"><span class='ocrx_word' id='word_1_184' title='bbox 633 3790 853 3851; x_wconf 82' lang='lat' dir='ltr'><strong>actam.</strong></span> <span class='ocrx_word' id='word_1_185' title='bbox 946 3786 1021 3851; x_wconf 70' lang='lat' dir='ltr'><strong>Si</strong></span> <span class='ocrx_word' id='word_1_186' title='bbox 1065 3787 1217 3867; x_wconf 77' lang='lat' dir='ltr'><strong>quid</strong></span> <span class='ocrx_word' id='word_1_187' title='bbox 1261 3784 1433 3849; x_wconf 61' lang='lat' dir='ltr'><strong>ultra</strong></span> <span class='ocrx_word' id='word_1_188' title='bbox 1483 3785 1837 3853; x_wconf 76' lang='lat' dir='ltr'><strong>curandum</strong></span> <span class='ocrx_word' id='word_1_189' title='bbox 1880 3784 2011 3864; x_wconf 71' lang='lat' dir='ltr'><strong>ipsi</strong></span> <span class='ocrx_word' id='word_1_190' title='bbox 2061 3804 2321 3850; x_wconf 75' lang='lat' dir='ltr'><strong>manum</strong></span> <span class='ocrx_word' id='word_1_191' title='bbox 2365 3783 2584 3863; x_wconf 79' lang='lat' dir='ltr'><strong>porri-</strong></span> 
     </span>
     <span class='ocr_line' id='line_1_33' title="bbox 628 3868 2585 3956; baseline -0.002 -19"><span class='ocrx_word' id='word_1_192' title='bbox 628 3877 786 3956; x_wconf 79' lang='lat' dir='ltr'><strong>9ent.</strong></span> <span class='ocrx_word' id='word_1_193' title='bbox 876 3871 1229 3938; x_wconf 75' lang='lat' dir='ltr'><strong>zebedaeus</strong></span> <span class='ocrx_word' id='word_1_194' title='bbox 1299 3891 1497 3952; x_wconf 79' lang='lat' dir='ltr'><strong>usque</strong></span> <span class='ocrx_word' id='word_1_195' title='bbox 1558 3869 1727 3935; x_wconf 79' lang='lat' dir='ltr'><strong>Orba</strong></span> <span class='ocrx_word' id='word_1_196' title='bbox 1791 3869 1968 3934; x_wconf 77' lang='lat' dir='ltr'><strong>abire</strong></span> <span class='ocrx_word' id='word_1_197' title='bbox 2032 3872 2221 3950; x_wconf 75' lang='lat' dir='ltr'><strong>cupit.</strong></span> <span class='ocrx_word' id='word_1_198' title='bbox 2337 3868 2585 3935; x_wconf 72' lang='lat' dir='ltr'><strong>Genava</strong></span> 
     </span>
     <span class='ocr_line' id='line_1_34' title="bbox 633 3956 2032 4040; baseline -0.002 -19"><span class='ocrx_word' id='word_1_199' title='bbox 633 3960 768 4040; x_wconf 76' lang='lat' dir='ltr'><strong>ipse</strong></span> <span class='ocrx_word' id='word_1_200' title='bbox 808 3958 1050 4039; x_wconf 76' lang='lat' dir='ltr'><strong>aliquot</strong></span> <span class='ocrx_word' id='word_1_201' title='bbox 1095 3956 1347 4023; x_wconf 79' lang='lat' dir='ltr'><strong>Calvim&#39;</strong></span> <span class='ocrx_word' id='word_1_202' title='bbox 1393 3957 1627 4022; x_wconf 79' lang='lat' dir='ltr'><strong>libellos</strong></span> <span class='ocrx_word' id='word_1_203' title='bbox 1667 3957 2032 4036; x_wconf 75' lang='lat' dir='ltr'><strong>asportavit.</strong></span> 
     </span>
    </p>
   </div>
   <div class='ocr_carea' id='block_1_8' title="bbox 634 4125 2262 4333">
    <p class='ocr_par' dir='ltr' id='par_1_8' title="bbox 634 4125 2262 4333">
     <span class='ocr_line' id='line_1_35' title="bbox 635 4125 2262 4197; baseline -0.002 -16"><span class='ocrx_word' id='word_1_204' title='bbox 635 4128 747 4195; x_wconf 77' lang='lat' dir='ltr'><strong>(Ex</strong></span> <span class='ocrx_word' id='word_1_205' title='bbox 782 4128 1119 4197; x_wconf 78' lang='lat' dir='ltr'><strong>autographo</strong></span> <span class='ocrx_word' id='word_1_206' title='bbox 1155 4125 1285 4181; x_wconf 91' lang='lat' dir='ltr'><strong>Cod.</strong></span> <span class='ocrx_word' id='word_1_207' title='bbox 1321 4127 1526 4180; x_wconf 71' lang='lat' dir='ltr'><strong>Gener.</strong></span> <span class='ocrx_word' id='word_1_208' title='bbox 1562 4125 1705 4179; x_wconf 68' lang='lat'><strong>111³.</strong></span> <span class='ocrx_word' id='word_1_209' title='bbox 1753 4128 1844 4180; x_wconf 79' lang='lat' dir='ltr'><strong>sol.</strong></span> <span class='ocrx_word' id='word_1_210' title='bbox 1881 4126 1965 4180; x_wconf 80' lang='lat'><strong>62.</strong></span> <span class='ocrx_word' id='word_1_211' title='bbox 2034 4126 2262 4194; x_wconf 80' lang='lat' dir='ltr'><strong>Legitur</strong></span> 
     </span>
     <span class='ocr_line' id='line_1_36' title="bbox 634 4194 2198 4317; baseline -0.001 -69"><span class='ocrx_word' id='word_1_212' title='bbox 634 4197 692 4249; x_wconf 90' lang='lat' dir='ltr'><strong>in</strong></span> <span class='ocrx_word' id='word_1_213' title='bbox 730 4196 860 4251; x_wconf 89' lang='lat' dir='ltr'><strong>Cod.</strong></span> <span class='ocrx_word' id='word_1_214' title='bbox 901 4196 1016 4262; x_wconf 84' lang='lat'><strong>116,</strong></span> <span class='ocrx_word' id='word_1_215' title='bbox 1052 4196 1142 4248; x_wconf 84' lang='lat' dir='ltr'><strong>fol.</strong></span> <span class='ocrx_word' id='word_1_216' title='bbox 1178 4194 1277 4276; x_wconf 88' lang='grc'><strong>89.</strong></span> <span class='ocrx_word' id='word_1_217' title='bbox 1340 4196 1545 4276; x_wconf 76' lang='lat' dir='ltr'><strong>Bernae</strong></span> <span class='ocrx_word' id='word_1_218' title='bbox 1590 4196 1647 4247; x_wconf 88' lang='lat' dir='ltr'><strong>in</strong></span> <span class='ocrx_word' id='word_1_219' title='bbox 1684 4196 1824 4317; x_wconf 49' lang='lat' dir='ltr'><strong>Epp.</strong></span> <span class='ocrx_word' id='word_1_220' title='bbox 1874 4196 1933 4249; x_wconf 87' lang='grc' dir='ltr'><strong>Τ.</strong></span> <span class='ocrx_word' id='word_1_221' title='bbox 1982 4194 2096 4248; x_wconf 90' lang='lat' dir='ltr'><strong>VII.</strong></span> <span class='ocrx_word' id='word_1_222' title='bbox 2145 4211 2198 4263; x_wconf 89' lang='lat' dir='ltr'><strong>p.</strong></span> 
     </span>
     <span class='ocr_line' id='line_1_37' title="bbox 1182 4261 2032 4333; baseline 0 -18"><span class='ocrx_word' id='word_1_223' title='bbox 1182 4281 1279 4316; x_wconf 77' lang='lat' dir='ltr'><strong>rici</strong></span> <span class='ocrx_word' id='word_1_224' title='bbox 1316 4281 1400 4333; x_wconf 89' lang='lat' dir='ltr'><strong>ap.</strong></span> <span class='ocrx_word' id='word_1_225' title='bbox 1440 4264 1729 4317; x_wconf 76' lang='lat' dir='ltr'><strong>Simlerum</strong></span> <span class='ocrx_word' id='word_1_226' title='bbox 1822 4265 1888 4317; x_wconf 91' lang='lat' dir='ltr'><strong>ol.</strong></span> <span class='ocrx_word' id='word_1_227' title='bbox 1925 4261 2032 4328; x_wconf 81' lang='lat'><strong>57.)</strong></span> 
     </span>
    </p>
   </div>
   <div class='ocr_carea' id='block_1_9' title="bbox 2336 4133 2585 4247">
    <p class='ocr_par' dir='ltr' id='par_1_9' title="bbox 2336 4133 2585 4247">
     <span class='ocr_line' id='line_1_38' title="bbox 2336 4133 2585 4179; baseline 0.008 -2"><span class='ocrx_word' id='word_1_228' title='bbox 2336 4133 2585 4179; x_wconf 80' lang='lat' dir='ltr'><strong>racterea</strong></span> 
     </span>
     <span class='ocr_line' id='line_1_39' title="bbox 2386 4195 2583 4247; baseline 0 0"><span class='ocrx_word' id='word_1_229' title='bbox 2386 4199 2445 4247; x_wconf 84' lang='lat' dir='ltr'><strong>et</strong></span> <span class='ocrx_word' id='word_1_230' title='bbox 2475 4195 2583 4247; x_wconf 90' lang='lat' dir='ltr'><strong>Tu-</strong></span> 
     </span>
    </p>
   </div>
   <div class='ocr_carea' id='block_1_10' title="bbox 634 4371 855 4379">
    <p class='ocr_par' dir='ltr' id='par_1_10' title="bbox 634 4371 855 4379">
     <span class='ocr_line' id='line_1_40' title="bbox 634 4371 855 4379; baseline 0 1796"><span class='ocrx_word' id='word_1_231' title='bbox 634 4371 855 4379; x_wconf 95' lang='lat' dir='ltr'><strong> </strong></span> 
     </span>
    </p>
   </div>
   <div class='ocr_carea' id='block_1_11' title="bbox 858 4371 1040 4379">
    <p class='ocr_par' dir='ltr' id='par_1_11' title="bbox 858 4371 1040 4379">
     <span class='ocr_line' id='line_1_41' title="bbox 858 4371 1040 4379; baseline 0 1796"><span class='ocrx_word' id='word_1_232' title='bbox 858 4371 1040 4379; x_wconf 95' lang='lat' dir='ltr'><strong> </strong></span> 
     </span>
    </p>
   </div>
   <div class='ocr_carea' id='block_1_12' title="bbox 622 4432 2586 5394">
    <p class='ocr_par' dir='ltr' id='par_1_12' title="bbox 622 4432 2586 4703">
     <span class='ocr_line' id='line_1_42' title="bbox 839 4432 2586 4505; baseline -0.001 -17"><span class='ocrx_word' id='word_1_233' title='bbox 839 4433 899 4497; x_wconf 82' lang='lat'><strong>5)</strong></span> <span class='ocrx_word' id='word_1_234' title='bbox 937 4435 1259 4505; x_wconf 73' lang='lat' dir='ltr'><strong>apoqrapha</strong></span> <span class='ocrx_word' id='word_1_235' title='bbox 1318 4435 1543 4489; x_wconf 73' lang='lat' dir='ltr'><strong>habent:</strong></span> <span class='ocrx_word' id='word_1_236' title='bbox 1597 4450 1834 4503; x_wconf 82' lang='lat' dir='ltr'><strong>gravem.</strong></span> <span class='ocrx_word' id='word_1_237' title='bbox 1896 4464 1960 4472; x_wconf 88' lang='lat'>—</span> <span class='ocrx_word' id='word_1_238' title='bbox 2022 4432 2367 4501; x_wconf 69' lang='lat' dir='ltr'><strong>Responsum</strong></span> <span class='ocrx_word' id='word_1_239' title='bbox 2414 4432 2586 4500; x_wconf 71' lang='lat' dir='ltr'><strong>Reqis</strong></span> 
     </span>
     <span class='ocr_line' id='line_1_43' title="bbox 622 4503 2586 4573; baseline 0 -17"><span class='ocrx_word' id='word_1_240' title='bbox 622 4510 847 4573; x_wconf 76' lang='lat' dir='ltr'><strong>praeter</strong></span> <span class='ocrx_word' id='word_1_241' title='bbox 880 4519 1027 4571; x_wconf 77' lang='lat' dir='ltr'><strong>spem</strong></span> <span class='ocrx_word' id='word_1_242' title='bbox 1063 4505 1259 4556; x_wconf 76' lang='lat' dir='ltr'><strong>durum</strong></span> <span class='ocrx_word' id='word_1_243' title='bbox 1292 4504 1402 4567; x_wconf 74' lang='lat' dir='ltr'><strong>fuit</strong></span> <span class='ocrx_word' id='word_1_244' title='bbox 1438 4510 1486 4555; x_wconf 79' lang='lat' dir='ltr'><strong>ec</strong></span> <span class='ocrx_word' id='word_1_245' title='bbox 1519 4505 1738 4555; x_wconf 76' lang='lat' dir='ltr'><strong>minime</strong></span> <span class='ocrx_word' id='word_1_246' title='bbox 1754 4503 2040 4569; x_wconf 74' lang='lat' dir='ltr'><strong>urbanum,</strong></span> <span class='ocrx_word' id='word_1_247' title='bbox 2078 4516 2212 4556; x_wconf 76' lang='lat' dir='ltr'><strong>suas</strong></span> <span class='ocrx_word' id='word_1_248' title='bbox 2245 4516 2335 4555; x_wconf 79' lang='lat' dir='ltr'><strong>res</strong></span> <span class='ocrx_word' id='word_1_249' title='bbox 2367 4503 2586 4556; x_wconf 71' lang='lat' dir='ltr'><strong>minime</strong></span> 
     </span>
     <span class='ocr_line' id='line_1_44' title="bbox 631 4570 2583 4703; baseline -0.001 -77"><span class='ocrx_word' id='word_1_250' title='bbox 631 4573 1294 4703; x_wconf 49' lang='grc' dir='ltr'><strong>ΗεῑυῗοθναοῖΙΞητξνδίῗεε</strong></span> <span class='ocrx_word' id='word_1_251' title='bbox 1326 4588 1489 4640; x_wconf 74' lang='lat' dir='ltr'><strong>quum</strong></span> <span class='ocrx_word' id='word_1_252' title='bbox 1533 4587 1631 4625; x_wconf 74' lang='lat' dir='ltr'><strong>nec</strong></span> <span class='ocrx_word' id='word_1_253' title='bbox 1663 4574 1781 4638; x_wconf 75' lang='lat' dir='ltr'><strong>ipse</strong></span> <span class='ocrx_word' id='word_1_254' title='bbox 1814 4587 1999 4626; x_wconf 68' lang='lat' dir='ltr'><strong>eonem</strong></span> <span class='ocrx_word' id='word_1_255' title='bbox 2031 4586 2119 4625; x_wconf 76' lang='lat' dir='ltr'><strong>res</strong></span> <span class='ocrx_word' id='word_1_256' title='bbox 2154 4576 2303 4626; x_wconf 74' lang='lat' dir='ltr'><strong>curet</strong></span> <span class='ocrx_word' id='word_1_257' title='bbox 2338 4570 2583 4638; x_wconf 77' lang='lat' dir='ltr'><strong>(Hottin-</strong></span> 
     </span>
    </p>

    <p class='ocr_par' dir='ltr' id='par_1_13' title="bbox 628 4657 2584 4911">
     <span class='ocr_line' id='line_1_45' title="bbox 666 4657 1263 4706; baseline -0.01 -11"><span class='ocrx_word' id='word_1_258' title='bbox 666 4657 741 4706; x_wconf 80' lang='lat' dir='ltr'><strong>er,</strong></span> <span class='ocrx_word' id='word_1_259' title='bbox 902 4682 912 4692; x_wconf 92' lang='lat'><strong>.</strong></span> <span class='ocrx_word' id='word_1_260' title='bbox 1065 4681 1076 4693; x_wconf 91' lang='lat'><strong>.</strong></span> <span class='ocrx_word' id='word_1_261' title='bbox 1253 4681 1263 4689; x_wconf 90' lang='lat'><strong>.</strong></span> 
     </span>
     <span class='ocr_line' id='line_1_46' title="bbox 628 4658 2584 4775; baseline 0.001 -14"><span class='ocrx_word' id='word_1_262' title='bbox 628 4658 667 4711; x_wconf 63' lang='lat'><em>9</em></span> <span class='ocrx_word' id='word_1_263' title='bbox 836 4709 897 4773; x_wconf 89' lang='grc'><strong>6)</strong></span> <span class='ocrx_word' id='word_1_264' title='bbox 935 4708 1058 4761; x_wconf 82' lang='grc' dir='ltr'><strong>Ηοσ</strong></span> <span class='ocrx_word' id='word_1_265' title='bbox 1110 4711 1372 4775; x_wconf 79' lang='lat' dir='ltr'><strong>scriptum</strong></span> <span class='ocrx_word' id='word_1_266' title='bbox 1434 4707 1652 4762; x_wconf 68' lang='lat' dir='ltr'><strong>Calvina·</strong></span> <span class='ocrx_word' id='word_1_267' title='bbox 1702 4710 1861 4763; x_wconf 66' lang='lat' dir='ltr'><strong>eteius</strong></span> <span class='ocrx_word' id='word_1_268' title='bbox 1910 4708 2073 4762; x_wconf 77' lang='lat' dir='ltr'><strong>etiam</strong></span> <span class='ocrx_word' id='word_1_269' title='bbox 2120 4707 2483 4775; x_wconf 68' lang='lat' dir='ltr'><strong>Hortinqmw</strong></span> <span class='ocrx_word' id='word_1_270' title='bbox 2533 4713 2584 4762; x_wconf 80' lang='lat' dir='ltr'><strong>et</strong></span> 
     </span>
     <span class='ocr_line' id='line_1_47' title="bbox 634 4776 2583 4847; baseline 0 -16"><span class='ocrx_word' id='word_1_271' title='bbox 634 4777 945 4833; x_wconf 72' lang='lat' dir='ltr'><strong>Ruchatius</strong></span> <span class='ocrx_word' id='word_1_272' title='bbox 979 4779 1360 4841; x_wconf 75' lang='lat' dir='ltr'><strong>meminerunt,</strong></span> <span class='ocrx_word' id='word_1_273' title='bbox 1410 4777 1676 4831; x_wconf 65' lang='lat' dir='ltr'><strong>incedam</strong></span> <span class='ocrx_word' id='word_1_274' title='bbox 1722 4793 1798 4831; x_wconf 78' lang='lat' dir='ltr'><strong>an</strong></span> <span class='ocrx_word' id='word_1_275' title='bbox 1833 4776 1899 4830; x_wconf 82' lang='lat' dir='ltr'><strong>de</strong></span> <span class='ocrx_word' id='word_1_276' title='bbox 1932 4777 2072 4845; x_wconf 68' lang='lat' dir='ltr'><strong>visu,</strong></span> <span class='ocrx_word' id='word_1_277' title='bbox 2118 4778 2171 4830; x_wconf 73' lang='grc' dir='ltr'><strong>εἰ</strong></span> <span class='ocrx_word' id='word_1_278' title='bbox 2199 4777 2461 4847; x_wconf 75' lang='lat' dir='ltr'><strong>hodieque</strong></span> <span class='ocrx_word' id='word_1_279' title='bbox 2494 4792 2583 4831; x_wconf 68' lang='grc' dir='ltr'><strong>ιω-</strong></span> 
     </span>
     <span class='ocr_line' id='line_1_48' title="bbox 630 4846 1863 4911; baseline -0.002 -10"><span class='ocrx_word' id='word_1_280' title='bbox 630 4846 842 4911; x_wconf 70' lang='lat' dir='ltr'><strong>stiterit,</strong></span> <span class='ocrx_word' id='word_1_281' title='bbox 881 4848 1081 4899; x_wconf 71' lang='lat' dir='ltr'><strong>nostris</strong></span> <span class='ocrx_word' id='word_1_282' title='bbox 1116 4852 1257 4900; x_wconf 80' lang='lat' dir='ltr'><strong>certe</strong></span> <span class='ocrx_word' id='word_1_283' title='bbox 1291 4846 1460 4899; x_wconf 76' lang='lat' dir='ltr'><strong>oculis</strong></span> <span class='ocrx_word' id='word_1_284' title='bbox 1494 4861 1550 4899; x_wconf 77' lang='lat' dir='ltr'><strong>se</strong></span> <span class='ocrx_word' id='word_1_285' title='bbox 1585 4846 1863 4900; x_wconf 66' lang='lat' dir='ltr'><strong>subduxit.</strong></span> 
     </span>
    </p>

    <p class='ocr_par' dir='ltr' id='par_1_14' title="bbox 838 4911 2579 4984">
     <span class='ocr_line' id='line_1_49' title="bbox 838 4911 2579 4984; baseline 0 -18"><span class='ocrx_word' id='word_1_286' title='bbox 838 4912 898 4979; x_wconf 84' lang='grc'><strong>7)</strong></span> <span class='ocrx_word' id='word_1_287' title='bbox 938 4914 1107 4969; x_wconf 78' lang='lat' dir='ltr'><strong>Hunc</strong></span> <span class='ocrx_word' id='word_1_288' title='bbox 1143 4914 1484 4968; x_wconf 72' lang='lat' dir='ltr'><strong>Lausmmae</strong></span> <span class='ocrx_word' id='word_1_289' title='bbox 1517 4929 1770 4984; x_wconf 70' lang='lat' dir='ltr'><strong>quaeras,</strong></span> <span class='ocrx_word' id='word_1_290' title='bbox 1806 4917 2031 4982; x_wconf 77' lang='lat' dir='ltr'><strong>oportet.</strong></span> <span class='ocrx_word' id='word_1_291' title='bbox 2101 4911 2233 4968; x_wconf 73' lang='lat' dir='ltr'><strong>Vide</strong></span> <span class='ocrx_word' id='word_1_292' title='bbox 2261 4920 2579 4982; x_wconf 71' lang='lat' dir='ltr'><strong>sequentem.</strong></span> 
     </span>
    </p>

    <p class='ocr_par' dir='ltr' id='par_1_15' title="bbox 836 4981 2582 5051">
     <span class='ocr_line' id='line_1_50' title="bbox 836 4981 2582 5051; baseline 0.001 -16"><span class='ocrx_word' id='word_1_293' title='bbox 836 4981 899 5046; x_wconf 88' lang='lat'><strong>8)</strong></span> <span class='ocrx_word' id='word_1_294' title='bbox 941 4982 1163 5039; x_wconf 72' lang='lat' dir='ltr'><strong>Caluini</strong></span> <span class='ocrx_word' id='word_1_295' title='bbox 1318 4984 1589 5051; x_wconf 70' lang='lat' dir='ltr'><strong>cyrinatio</strong></span> <span class='ocrx_word' id='word_1_296' title='bbox 1651 4997 1863 5037; x_wconf 74' lang='lat' dir='ltr'><strong>summa</strong></span> <span class='ocrx_word' id='word_1_297' title='bbox 1912 4981 2198 5051; x_wconf 67' lang='lat' dir='ltr'><strong>dssiyentia</strong></span> <span class='ocrx_word' id='word_1_298' title='bbox 2251 4981 2408 5048; x_wconf 72' lang='lat' dir='ltr'><strong>faeta</strong></span> <span class='ocrx_word' id='word_1_299' title='bbox 2457 4981 2582 5048; x_wconf 75' lang='lat' dir='ltr'><strong>fuit,</strong></span> 
     </span>
    </p>

    <p class='ocr_par' dir='ltr' id='par_1_16' title="bbox 622 5049 2584 5326">
     <span class='ocr_line' id='line_1_51' title="bbox 704 5049 2583 5121; baseline 0.001 -17"><span class='ocrx_word' id='word_1_300' title='bbox 704 5067 799 5104; x_wconf 76' lang='lat' dir='ltr'><strong>um</strong></span> <span class='ocrx_word' id='word_1_301' title='bbox 832 5051 887 5104; x_wconf 74' lang='lat' dir='ltr'><strong>d.</strong></span> <span class='ocrx_word' id='word_1_302' title='bbox 923 5049 972 5103; x_wconf 82' lang='lat'><strong>5.</strong></span> <span class='ocrx_word' id='word_1_303' title='bbox 1017 5053 1166 5106; x_wconf 76' lang='lat' dir='ltr'><strong>Maii</strong></span> <span class='ocrx_word' id='word_1_304' title='bbox 1240 5067 1460 5106; x_wconf 72' lang='lat' dir='ltr'><strong>mevam</strong></span> <span class='ocrx_word' id='word_1_305' title='bbox 1492 5051 1773 5121; x_wconf 72' lang='lat' dir='ltr'><strong>reliquerit</strong></span> <span class='ocrx_word' id='word_1_306' title='bbox 1805 5056 1855 5105; x_wconf 80' lang='lat' dir='ltr'><strong>et</strong></span> <span class='ocrx_word' id='word_1_307' title='bbox 1888 5051 2113 5105; x_wconf 74' lang='lat' dir='ltr'><strong>visitata</strong></span> <span class='ocrx_word' id='word_1_308' title='bbox 2131 5049 2340 5118; x_wconf 72' lang='lat' dir='ltr'><strong>Berua,</strong></span> <span class='ocrx_word' id='word_1_309' title='bbox 2386 5049 2583 5106; x_wconf 64' lang='lat' dir='ltr'><strong>Dorico</strong></span> 
     </span>
     <span class='ocr_line' id='line_1_52' title="bbox 630 5066 2581 5189; baseline -0.001 -16"><span class='ocrx_word' id='word_1_310' title='bbox 630 5066 986 5184; x_wconf 48' lang='lat' dir='ltr'><strong>guarham,</strong></span> <span class='ocrx_word' id='word_1_311' title='bbox 1025 5121 1280 5183; x_wconf 72' lang='lat' dir='ltr'><strong>Bas-ileo,</strong></span> <span class='ocrx_word' id='word_1_312' title='bbox 1330 5121 1638 5189; x_wconf 73' lang='lat' dir='ltr'><strong>Arqentina</strong></span> <span class='ocrx_word' id='word_1_313' title='bbox 1683 5119 1736 5173; x_wconf 80' lang='lat' dir='ltr'><strong>d.</strong></span> <span class='ocrx_word' id='word_1_314' title='bbox 1771 5118 1858 5174; x_wconf 84' lang='lat'><strong>21.</strong></span> <span class='ocrx_word' id='word_1_315' title='bbox 1896 5119 2139 5174; x_wconf 72' lang='lat' dir='ltr'><strong>Araviae</strong></span> <span class='ocrx_word' id='word_1_316' title='bbox 2180 5119 2350 5185; x_wconf 67' lang='lat' dir='ltr'><strong>fecerit</strong></span> <span class='ocrx_word' id='word_1_317' title='bbox 2384 5124 2437 5175; x_wconf 79' lang='lat' dir='ltr'><strong>et</strong></span> <span class='ocrx_word' id='word_1_318' title='bbox 2470 5120 2581 5172; x_wconf 82' lang='lat' dir='ltr'><strong>iam</strong></span> 
     </span>
     <span class='ocr_line' id='line_1_53' title="bbox 631 5185 2584 5258; baseline 0 -17"><span class='ocrx_word' id='word_1_319' title='bbox 631 5188 687 5241; x_wconf 77' lang='lat' dir='ltr'><strong>d.</strong></span> <span class='ocrx_word' id='word_1_320' title='bbox 727 5187 811 5242; x_wconf 88' lang='lat'><strong>30.</strong></span> <span class='ocrx_word' id='word_1_321' title='bbox 861 5188 1079 5243; x_wconf 63' lang='lat' dir='ltr'><strong>vio-etus</strong></span> <span class='ocrx_word' id='word_1_322' title='bbox 1111 5189 1302 5243; x_wconf 75' lang='lat' dir='ltr'><strong>reduci</strong></span> <span class='ocrx_word' id='word_1_323' title='bbox 1334 5189 1411 5241; x_wconf 78' lang='lat' dir='ltr'><strong>ad</strong></span> <span class='ocrx_word' id='word_1_324' title='bbox 1443 5189 1585 5243; x_wconf 75' lang='lat' dir='ltr'><strong>hanc</strong></span> <span class='ocrx_word' id='word_1_325' title='bbox 1618 5188 1975 5257; x_wconf 75' lang='lat' dir='ltr'><strong>responderit.</strong></span> <span class='ocrx_word' id='word_1_326' title='bbox 2036 5185 2187 5256; x_wconf 76' lang='lat' dir='ltr'><strong>Quae</strong></span> <span class='ocrx_word' id='word_1_327' title='bbox 2220 5188 2394 5258; x_wconf 56' lang='lat' dir='ltr'><strong>igitur</strong></span> <span class='ocrx_word' id='word_1_328' title='bbox 2427 5203 2473 5243; x_wconf 84' lang='lat' dir='ltr'><strong>e.</strong></span> <span class='ocrx_word' id='word_1_329' title='bbox 2512 5186 2584 5241; x_wconf 81' lang='lat'><strong>28</strong></span> 
     </span>
     <span class='ocr_line' id='line_1_54' title="bbox 622 5258 1206 5326; baseline -0.003 -14"><span class='ocrx_word' id='word_1_330' title='bbox 622 5258 843 5326; x_wconf 70' lang='lat' dir='ltr'><strong>scripta</strong></span> <span class='ocrx_word' id='word_1_331' title='bbox 877 5271 989 5310; x_wconf 71' lang='lat' dir='ltr'><strong>esee</strong></span> <span class='ocrx_word' id='word_1_332' title='bbox 1018 5262 1206 5324; x_wconf 75' lang='lat' dir='ltr'><strong>potest.</strong></span> 
     </span>
    </p>

    <p class='ocr_par' dir='ltr' id='par_1_17' title="bbox 837 5323 2284 5394">
     <span class='ocr_line' id='line_1_55' title="bbox 837 5323 2284 5394; baseline 0 -16"><span class='ocrx_word' id='word_1_333' title='bbox 837 5324 900 5391; x_wconf 88' lang='grc'><strong>9)</strong></span> <span class='ocrx_word' id='word_1_334' title='bbox 936 5324 1060 5378; x_wconf 80' lang='lat' dir='ltr'><strong>Hoc</strong></span> <span class='ocrx_word' id='word_1_335' title='bbox 1085 5325 1498 5394; x_wconf 63' lang='lat' dir='ltr'><strong>poet-emptum</strong></span> <span class='ocrx_word' id='word_1_336' title='bbox 1533 5341 1706 5381; x_wconf 74' lang='lat' dir='ltr'><strong>manu</strong></span> <span class='ocrx_word' id='word_1_337' title='bbox 1745 5323 1987 5380; x_wconf 57' lang='lat' dir='ltr'><strong>Gallae&amp;</strong></span> <span class='ocrx_word' id='word_1_338' title='bbox 2016 5324 2284 5380; x_wconf 69' lang='lat' dir='ltr'><strong>additum.</strong></span> 
     </span>
    </p>
   </div>
   <div class='ocr_carea' id='block_1_13' title="bbox 2626 596 2656 5364">
    <p class='ocr_par' dir='ltr' id='par_1_18' title="bbox 2626 596 2656 5364">
     <span class='ocr_line' id='line_1_56' title="bbox 2626 596 2656 5364; baseline 0 0"><span class='ocrx_word' id='word_1_339' title='bbox 2626 596 2656 5364; x_wconf 95' lang='lat' dir='ltr'><strong> </strong></span> 
     </span>
    </p>
   </div>
   <div class='ocr_carea' id='block_1_14' title="bbox 2683 591 4621 832">
    <p class='ocr_par' dir='ltr' id='par_1_19' title="bbox 2683 591 4621 832">
     <span class='ocr_line' id='line_1_57' title="bbox 2853 591 4621 675; baseline 0.001 -16"><span class='ocrx_word' id='word_1_340' title='bbox 2853 591 3250 659; x_wconf 86' lang='lat' dir='ltr'><strong>Eruditione</strong></span> <span class='ocrx_word' id='word_1_341' title='bbox 3310 612 3387 658; x_wconf 89' lang='lat' dir='ltr'><strong>ac</strong></span> <span class='ocrx_word' id='word_1_342' title='bbox 3440 592 3690 675; x_wconf 87' lang='lat' dir='ltr'><strong>pietate</strong></span> <span class='ocrx_word' id='word_1_343' title='bbox 3745 592 4162 660; x_wconf 87' lang='lat' dir='ltr'><strong>ornatissimo</strong></span> <span class='ocrx_word' id='word_1_344' title='bbox 4204 592 4438 660; x_wconf 88' lang='lat' dir='ltr'><strong>Ioanni</strong></span> <span class='ocrx_word' id='word_1_345' title='bbox 4484 592 4621 661; x_wconf 86' lang='lat' dir='ltr'><strong>Oal-</strong></span> 
     </span>
     <span class='ocr_line' id='line_1_58' title="bbox 2683 677 4447 832; baseline 0 -87"><span class='ocrx_word' id='word_1_346' title='bbox 2683 680 2837 745; x_wconf 80' lang='lat' dir='ltr'><strong>vino</strong></span> <span class='ocrx_word' id='word_1_347' title='bbox 2881 678 3265 746; x_wconf 86' lang='lat' dir='ltr'><strong>fidelissimo</strong></span> <span class='ocrx_word' id='word_1_348' title='bbox 3291 677 3627 746; x_wconf 77' lang='lat' dir='ltr'><strong>,ecclesiae</strong></span> <span class='ocrx_word' id='word_1_349' title='bbox 3670 678 3921 763; x_wconf 82' lang='lat' dir='ltr'><strong>pastori</strong></span> <span class='ocrx_word' id='word_1_350' title='bbox 4134 764 4447 832; x_wconf 58' lang='lat' dir='ltr'><strong>Genevoe</strong></span> 
     </span>
    </p>
   </div>
   <div class='ocr_carea' id='block_1_15' title="bbox 2682 899 4641 3803">
    <p class='ocr_par' dir='ltr' id='par_1_20' title="bbox 2682 899 4641 3644">
     <span class='ocr_line' id='line_1_59' title="bbox 2858 899 4624 987; baseline 0.001 -20"><span class='ocrx_word' id='word_1_351' title='bbox 2858 901 2929 968; x_wconf 80' lang='lat' dir='ltr'><strong>S.</strong></span> <span class='ocrx_word' id='word_1_352' title='bbox 2977 899 3253 967; x_wconf 80' lang='lat' dir='ltr'><strong>Gaudeo</strong></span> <span class='ocrx_word' id='word_1_353' title='bbox 3295 923 3429 967; x_wconf 91' lang='lat' dir='ltr'><strong>non</strong></span> <span class='ocrx_word' id='word_1_354' title='bbox 3481 901 3830 968; x_wconf 82' lang='lat' dir='ltr'><strong>infeliciter</strong></span> <span class='ocrx_word' id='word_1_355' title='bbox 3886 902 4155 969; x_wconf 90' lang='lat' dir='ltr'><strong>cessisse</strong></span> <span class='ocrx_word' id='word_1_356' title='bbox 4213 910 4394 968; x_wconf 89' lang='lat' dir='ltr'><strong>tuam</strong></span> <span class='ocrx_word' id='word_1_357' title='bbox 4454 925 4624 987; x_wconf 88' lang='lat' dir='ltr'><strong>pere-</strong></span> 
     </span>
     <span class='ocr_line' id='line_1_60' title="bbox 2685 987 4626 1074; baseline 0.002 -23"><span class='ocrx_word' id='word_1_358' title='bbox 2685 987 3144 1072; x_wconf 84' lang='lat' dir='ltr'><strong>grinationem,</strong></span> <span class='ocrx_word' id='word_1_359' title='bbox 3191 999 3382 1070; x_wconf 86' lang='lat' dir='ltr'><strong>atque</strong></span> <span class='ocrx_word' id='word_1_360' title='bbox 3426 1009 3503 1052; x_wconf 92' lang='lat' dir='ltr'><strong>eo</strong></span> <span class='ocrx_word' id='word_1_361' title='bbox 3549 989 3759 1072; x_wconf 78' lang='lat' dir='ltr'><strong>magis</strong></span> <span class='ocrx_word' id='word_1_362' title='bbox 3798 988 3970 1070; x_wconf 89' lang='lat' dir='ltr'><strong>quod</strong></span> <span class='ocrx_word' id='word_1_363' title='bbox 4015 989 4300 1056; x_wconf 82' lang='lat' dir='ltr'><strong>breviori</strong></span> <span class='ocrx_word' id='word_1_364' title='bbox 4343 997 4626 1074; x_wconf 87' lang='lat' dir='ltr'><strong>tempore</strong></span> 
     </span>
     <span class='ocr_line' id='line_1_61' title="bbox 2684 1072 4626 1159; baseline 0.002 -21"><span class='ocrx_word' id='word_1_365' title='bbox 2684 1094 2882 1157; x_wconf 84' lang='lat' dir='ltr'><strong>quam</strong></span> <span class='ocrx_word' id='word_1_366' title='bbox 2927 1072 3306 1156; x_wconf 85' lang='lat' dir='ltr'><strong>suspicabar</strong></span> <span class='ocrx_word' id='word_1_367' title='bbox 3345 1074 3535 1156; x_wconf 84' lang='lat' dir='ltr'><strong>plura</strong></span> <span class='ocrx_word' id='word_1_368' title='bbox 3592 1085 3980 1157; x_wconf 86' lang='lat' dir='ltr'><strong>assequutus</strong></span> <span class='ocrx_word' id='word_1_369' title='bbox 4033 1095 4103 1141; x_wconf 90' lang='lat' dir='ltr'><strong>es</strong></span> <span class='ocrx_word' id='word_1_370' title='bbox 4162 1095 4361 1159; x_wconf 90' lang='lat' dir='ltr'><strong>quam</strong></span> <span class='ocrx_word' id='word_1_371' title='bbox 4417 1096 4626 1159; x_wconf 83' lang='lat' dir='ltr'><strong>spera·</strong></span> 
     </span>
     <span class='ocr_line' id='line_1_62' title="bbox 2685 1159 4627 1244; baseline 0.001 -19"><span class='ocrx_word' id='word_1_372' title='bbox 2685 1180 2926 1237; x_wconf 90' lang='lat' dir='ltr'><strong>remus,</strong></span> <span class='ocrx_word' id='word_1_373' title='bbox 2969 1162 3395 1242; x_wconf 86' lang='lat' dir='ltr'><strong>gratulorque</strong></span> <span class='ocrx_word' id='word_1_374' title='bbox 3441 1159 3562 1224; x_wconf 88' lang='lat' dir='ltr'><strong>tibi</strong></span> <span class='ocrx_word' id='word_1_375' title='bbox 3607 1171 3673 1223; x_wconf 93' lang='lat' dir='ltr'><strong>et</strong></span> <span class='ocrx_word' id='word_1_376' title='bbox 3718 1161 3903 1225; x_wconf 89' lang='lat' dir='ltr'><strong>nobis</strong></span> <span class='ocrx_word' id='word_1_377' title='bbox 3943 1160 4245 1227; x_wconf 89' lang='lat' dir='ltr'><strong>omnibus</strong></span> <span class='ocrx_word' id='word_1_378' title='bbox 4285 1160 4458 1244; x_wconf 90' lang='lat' dir='ltr'><strong>quod</strong></span> <span class='ocrx_word' id='word_1_379' title='bbox 4502 1169 4627 1227; x_wconf 87' lang='lat' dir='ltr'><strong>tam</strong></span> 
     </span>
     <span class='ocr_line' id='line_1_63' title="bbox 2685 1244 4622 1314; baseline 0.002 -3"><span class='ocrx_word' id='word_1_380' title='bbox 2685 1246 2814 1312; x_wconf 90' lang='lat' dir='ltr'><strong>cito</strong></span> <span class='ocrx_word' id='word_1_381' title='bbox 2874 1246 3070 1310; x_wconf 87' lang='lat' dir='ltr'><strong>rebus</strong></span> <span class='ocrx_word' id='word_1_382' title='bbox 3142 1246 3450 1311; x_wconf 87' lang='lat' dir='ltr'><strong>confectis</strong></span> <span class='ocrx_word' id='word_1_383' title='bbox 3509 1244 3854 1311; x_wconf 91' lang='lat' dir='ltr'><strong>incolumis</strong></span> <span class='ocrx_word' id='word_1_384' title='bbox 3921 1257 3988 1310; x_wconf 89' lang='lat' dir='ltr'><strong>et</strong></span> <span class='ocrx_word' id='word_1_385' title='bbox 4052 1246 4278 1313; x_wconf 82' lang='lat' dir='ltr'><strong>salvus</strong></span> <span class='ocrx_word' id='word_1_386' title='bbox 4342 1245 4622 1314; x_wconf 86' lang='lat' dir='ltr'><strong>redieris.</strong></span> 
     </span>
     <span class='ocr_line' id='line_1_64' title="bbox 2685 1330 4629 1415; baseline 0 -17"><span class='ocrx_word' id='word_1_387' title='bbox 2685 1330 2953 1398; x_wconf 85' lang='lat' dir='ltr'><strong>Contuli</strong></span> <span class='ocrx_word' id='word_1_388' title='bbox 2995 1351 3145 1397; x_wconf 89' lang='lat' dir='ltr'><strong>cum</strong></span> <span class='ocrx_word' id='word_1_389' title='bbox 3193 1331 3454 1396; x_wconf 80' lang='lat' dir='ltr'><strong>Nicolao</strong></span> <span class='ocrx_word' id='word_1_390' title='bbox 3481 1334 3530 1409; x_wconf 85' lang='lat'><strong>¹)</strong></span> <span class='ocrx_word' id='word_1_391' title='bbox 3573 1330 3654 1397; x_wconf 88' lang='lat' dir='ltr'><strong>de</strong></span> <span class='ocrx_word' id='word_1_392' title='bbox 3698 1331 3976 1415; x_wconf 84' lang='lat' dir='ltr'><strong>negotio,</strong></span> <span class='ocrx_word' id='word_1_393' title='bbox 4023 1331 4137 1397; x_wconf 89' lang='lat' dir='ltr'><strong>sed</strong></span> <span class='ocrx_word' id='word_1_394' title='bbox 4182 1340 4508 1415; x_wconf 89' lang='lat' dir='ltr'><strong>quantum</strong></span> <span class='ocrx_word' id='word_1_395' title='bbox 4550 1355 4629 1398; x_wconf 83' lang='lat' dir='ltr'><strong>ex</strong></span> 
     </span>
     <span class='ocr_line' id='line_1_65' title="bbox 2684 1416 4627 1502; baseline 0.001 -21"><span class='ocrx_word' id='word_1_396' title='bbox 2684 1416 2892 1500; x_wconf 89' lang='lat' dir='ltr'><strong>ipsius</strong></span> <span class='ocrx_word' id='word_1_397' title='bbox 2938 1417 3231 1482; x_wconf 84' lang='lat' dir='ltr'><strong>oratione</strong></span> <span class='ocrx_word' id='word_1_398' title='bbox 3275 1426 3342 1481; x_wconf 87' lang='lat' dir='ltr'><strong>et</strong></span> <span class='ocrx_word' id='word_1_399' title='bbox 3384 1417 3761 1482; x_wconf 89' lang='lat' dir='ltr'><strong>testimonio</strong></span> <span class='ocrx_word' id='word_1_400' title='bbox 3795 1417 4110 1502; x_wconf 84' lang='lat' dir='ltr'><strong>intelligo,</strong></span> <span class='ocrx_word' id='word_1_401' title='bbox 4156 1440 4288 1482; x_wconf 89' lang='lat' dir='ltr'><strong>non</strong></span> <span class='ocrx_word' id='word_1_402' title='bbox 4326 1430 4428 1485; x_wconf 88' lang='lat' dir='ltr'><strong>est</strong></span> <span class='ocrx_word' id='word_1_403' title='bbox 4461 1417 4627 1502; x_wconf 87' lang='lat' dir='ltr'><strong>quod</strong></span> 
     </span>
     <span class='ocr_line' id='line_1_66' title="bbox 2682 1501 4631 1587; baseline -0.001 -17"><span class='ocrx_word' id='word_1_404' title='bbox 2682 1511 2942 1570; x_wconf 87' lang='lat' dir='ltr'><strong>metuas</strong></span> <span class='ocrx_word' id='word_1_405' title='bbox 2986 1524 3069 1567; x_wconf 91' lang='lat' dir='ltr'><strong>ne</strong></span> <span class='ocrx_word' id='word_1_406' title='bbox 3113 1502 3434 1568; x_wconf 84' lang='lat' dir='ltr'><strong>mendacii</strong></span> <span class='ocrx_word' id='word_1_407' title='bbox 3478 1503 3797 1587; x_wconf 84' lang='lat' dir='ltr'><strong>arguaris.</strong></span> <span class='ocrx_word' id='word_1_408' title='bbox 3871 1503 4143 1586; x_wconf 87' lang='lat' dir='ltr'><strong>Optima</strong></span> <span class='ocrx_word' id='word_1_409' title='bbox 4184 1501 4313 1569; x_wconf 89' lang='lat' dir='ltr'><strong>fide</strong></span> <span class='ocrx_word' id='word_1_410' title='bbox 4357 1512 4631 1570; x_wconf 84' lang='lat' dir='ltr'><strong>testatur</strong></span> 
     </span>
     <span class='ocr_line' id='line_1_67' title="bbox 2686 1588 4629 1674; baseline 0.001 -21"><span class='ocrx_word' id='word_1_411' title='bbox 2686 1588 2906 1653; x_wconf 86' lang='lat' dir='ltr'><strong>omnia</strong></span> <span class='ocrx_word' id='word_1_412' title='bbox 2951 1589 3066 1653; x_wconf 85' lang='lat' dir='ltr'><strong>abs</strong></span> <span class='ocrx_word' id='word_1_413' title='bbox 3111 1599 3175 1652; x_wconf 88' lang='lat' dir='ltr'><strong>te</strong></span> <span class='ocrx_word' id='word_1_414' title='bbox 3231 1588 3563 1670; x_wconf 83' lang='lat' dir='ltr'><strong>exposita,</strong></span> <span class='ocrx_word' id='word_1_415' title='bbox 3624 1597 3692 1653; x_wconf 88' lang='lat' dir='ltr'><strong>et</strong></span> <span class='ocrx_word' id='word_1_416' title='bbox 3744 1588 4031 1671; x_wconf 90' lang='lat' dir='ltr'><strong>perbelle</strong></span> <span class='ocrx_word' id='word_1_417' title='bbox 4089 1589 4411 1672; x_wconf 86' lang='lat' dir='ltr'><strong>quadrare</strong></span> <span class='ocrx_word' id='word_1_418' title='bbox 4470 1610 4629 1674; x_wconf 85' lang='lat' dir='ltr'><strong>quac</strong></span> 
     </span>
     <span class='ocr_line' id='line_1_68' title="bbox 2686 1674 4629 1759; baseline 0.001 -21"><span class='ocrx_word' id='word_1_419' title='bbox 2686 1684 2870 1758; x_wconf 85' lang='lat' dir='ltr'><strong>gest-a</strong></span> <span class='ocrx_word' id='word_1_420' title='bbox 2913 1686 3068 1738; x_wconf 89' lang='lat' dir='ltr'><strong>sunt</strong></span> <span class='ocrx_word' id='word_1_421' title='bbox 3110 1695 3258 1739; x_wconf 90' lang='lat' dir='ltr'><strong>cum</strong></span> <span class='ocrx_word' id='word_1_422' title='bbox 3303 1674 3386 1740; x_wconf 89' lang='lat' dir='ltr'><strong>iis</strong></span> <span class='ocrx_word' id='word_1_423' title='bbox 3431 1694 3599 1757; x_wconf 88' lang='lat' dir='ltr'><strong>quae</strong></span> <span class='ocrx_word' id='word_1_424' title='bbox 3642 1674 3724 1739; x_wconf 89' lang='lat' dir='ltr'><strong>ad</strong></span> <span class='ocrx_word' id='word_1_425' title='bbox 3770 1697 3888 1741; x_wconf 91' lang='lat' dir='ltr'><strong>nos</strong></span> <span class='ocrx_word' id='word_1_426' title='bbox 3932 1675 4270 1759; x_wconf 86' lang='lat' dir='ltr'><strong>scripsisti.</strong></span> <span class='ocrx_word' id='word_1_427' title='bbox 4359 1674 4433 1742; x_wconf 79' lang='lat' dir='ltr'><strong>Si</strong></span> <span class='ocrx_word' id='word_1_428' title='bbox 4481 1675 4629 1759; x_wconf 85' lang='lat' dir='ltr'><strong>quid</strong></span> 
     </span>
     <span class='ocr_line' id='line_1_69' title="bbox 2685 1761 4628 1846; baseline 0.001 -21"><span class='ocrx_word' id='word_1_429' title='bbox 2685 1769 2786 1825; x_wconf 88' lang='lat' dir='ltr'><strong>ost</strong></span> <span class='ocrx_word' id='word_1_430' title='bbox 2817 1761 2886 1823; x_wconf 89' lang='lat' dir='ltr'><strong>in</strong></span> <span class='ocrx_word' id='word_1_431' title='bbox 2924 1780 3052 1842; x_wconf 90' lang='lat' dir='ltr'><strong>quo</strong></span> <span class='ocrx_word' id='word_1_432' title='bbox 3087 1776 3279 1843; x_wconf 87' lang='lat' dir='ltr'><strong>putes</strong></span> <span class='ocrx_word' id='word_1_433' title='bbox 3314 1769 3603 1826; x_wconf 84' lang='lat' dir='ltr'><strong>nostram</strong></span> <span class='ocrx_word' id='word_1_434' title='bbox 3640 1762 3883 1843; x_wconf 90' lang='lat' dir='ltr'><strong>requiri</strong></span> <span class='ocrx_word' id='word_1_435' title='bbox 3919 1782 4202 1844; x_wconf 91' lang='lat' dir='ltr'><strong>operam,</strong></span> <span class='ocrx_word' id='word_1_436' title='bbox 4250 1762 4628 1846; x_wconf 85' lang='lat' dir='ltr'><strong>significato.</strong></span> 
     </span>
     <span class='ocr_line' id='line_1_70' title="bbox 2685 1844 4630 1930; baseline 0.001 -19"><span class='ocrx_word' id='word_1_437' title='bbox 2685 1844 2762 1912; x_wconf 77' lang='lat' dir='ltr'><strong>Si</strong></span> <span class='ocrx_word' id='word_1_438' title='bbox 2805 1866 2966 1929; x_wconf 92' lang='lat' dir='ltr'><strong>opus</strong></span> <span class='ocrx_word' id='word_1_439' title='bbox 3004 1857 3105 1910; x_wconf 89' lang='lat' dir='ltr'><strong>est</strong></span> <span class='ocrx_word' id='word_1_440' title='bbox 3130 1845 3464 1910; x_wconf 80' lang='lat' dir='ltr'><strong>Nicolaum</strong></span> <span class='ocrx_word' id='word_1_441' title='bbox 3504 1847 3676 1911; x_wconf 90' lang='lat' dir='ltr'><strong>istuc</strong></span> <span class='ocrx_word' id='word_1_442' title='bbox 3720 1846 3802 1910; x_wconf 85' lang='lat' dir='ltr'><strong>ad</strong></span> <span class='ocrx_word' id='word_1_443' title='bbox 3844 1855 3909 1910; x_wconf 87' lang='lat' dir='ltr'><strong>te</strong></span> <span class='ocrx_word' id='word_1_444' title='bbox 3952 1848 4288 1930; x_wconf 89' lang='lat' dir='ltr'><strong>proficisci,</strong></span> <span class='ocrx_word' id='word_1_445' title='bbox 4336 1857 4451 1911; x_wconf 89' lang='lat' dir='ltr'><strong>aut</strong></span> <span class='ocrx_word' id='word_1_446' title='bbox 4471 1849 4630 1913; x_wconf 91' lang='lat' dir='ltr'><strong>Ber-</strong></span> 
     </span>
     <span class='ocr_line' id='line_1_71' title="bbox 2684 1931 4633 2016; baseline 0.002 -21"><span class='ocrx_word' id='word_1_447' title='bbox 2684 1951 2855 2008; x_wconf 92' lang='lat' dir='ltr'><strong>nam‚</strong></span> <span class='ocrx_word' id='word_1_448' title='bbox 2901 1939 3018 1996; x_wconf 89' lang='lat' dir='ltr'><strong>aut</strong></span> <span class='ocrx_word' id='word_1_449' title='bbox 3039 1931 3165 1995; x_wconf 90' lang='lat' dir='ltr'><strong>alio</strong></span> <span class='ocrx_word' id='word_1_450' title='bbox 3188 1931 3512 2014; x_wconf 87' lang='lat' dir='ltr'><strong>quopiam,</strong></span> <span class='ocrx_word' id='word_1_451' title='bbox 3541 1931 3738 1997; x_wconf 90' lang='lat' dir='ltr'><strong>simul</strong></span> <span class='ocrx_word' id='word_1_452' title='bbox 3775 1943 3969 2015; x_wconf 90' lang='lat' dir='ltr'><strong>atque</strong></span> <span class='ocrx_word' id='word_1_453' title='bbox 4001 1932 4311 1999; x_wconf 86' lang='lat' dir='ltr'><strong>indicaris</strong></span> <span class='ocrx_word' id='word_1_454' title='bbox 4333 1942 4633 2016; x_wconf 88' lang='lat' dir='ltr'><strong>paratum</strong></span> 
     </span>
     <span class='ocr_line' id='line_1_72' title="bbox 2685 2016 4632 2094; baseline 0.002 -13"><span class='ocrx_word' id='word_1_455' title='bbox 2685 2017 2998 2082; x_wconf 78' lang='lat' dir='ltr'><strong>invenies.</strong></span> <span class='ocrx_word' id='word_1_456' title='bbox 3090 2016 3559 2083; x_wconf 81' lang='lat' dir='ltr'><strong>Gratissimum</strong></span> <span class='ocrx_word' id='word_1_457' title='bbox 3595 2017 3761 2084; x_wconf 85' lang='lat' dir='ltr'><strong>mihi</strong></span> <span class='ocrx_word' id='word_1_458' title='bbox 3805 2019 4054 2094; x_wconf 84' lang='lat' dir='ltr'><strong>fuisset,</strong></span> <span class='ocrx_word' id='word_1_459' title='bbox 4100 2019 4156 2084; x_wconf 92' lang='lat' dir='ltr'><strong>si</strong></span> <span class='ocrx_word' id='word_1_460' title='bbox 4201 2017 4326 2085; x_wconf 83' lang='lat' dir='ltr'><strong>hac</strong></span> <span class='ocrx_word' id='word_1_461' title='bbox 4369 2019 4490 2085; x_wconf 88' lang='lat' dir='ltr'><strong>tibi</strong></span> <span class='ocrx_word' id='word_1_462' title='bbox 4535 2041 4632 2085; x_wconf 91' lang='lat' dir='ltr'><strong>re-</strong></span> 
     </span>
     <span class='ocr_line' id='line_1_73' title="bbox 2688 2101 4633 2187; baseline 0.002 -21"><span class='ocrx_word' id='word_1_463' title='bbox 2688 2102 2830 2167; x_wconf 91' lang='lat' dir='ltr'><strong>dire</strong></span> <span class='ocrx_word' id='word_1_464' title='bbox 2873 2101 3181 2169; x_wconf 86' lang='lat' dir='ltr'><strong>licuisset.</strong></span> <span class='ocrx_word' id='word_1_465' title='bbox 3272 2103 3440 2168; x_wconf 90' lang='lat' dir='ltr'><strong>Nam</strong></span> <span class='ocrx_word' id='word_1_466' title='bbox 3496 2104 3705 2169; x_wconf 86' lang='lat' dir='ltr'><strong>multa</strong></span> <span class='ocrx_word' id='word_1_467' title='bbox 3763 2114 3955 2169; x_wconf 87' lang='lat' dir='ltr'><strong>erant</strong></span> <span class='ocrx_word' id='word_1_468' title='bbox 4007 2103 4086 2169; x_wconf 92' lang='lat' dir='ltr'><strong>de</strong></span> <span class='ocrx_word' id='word_1_469' title='bbox 4142 2107 4377 2187; x_wconf 90' lang='lat' dir='ltr'><strong>quibus</strong></span> <span class='ocrx_word' id='word_1_470' title='bbox 4420 2115 4633 2172; x_wconf 90' lang='lat' dir='ltr'><strong>tecum</strong></span> 
     </span>
     <span class='ocr_line' id='line_1_74' title="bbox 2687 2188 4633 2273; baseline 0.002 -19"><span class='ocrx_word' id='word_1_471' title='bbox 2687 2188 3025 2271; x_wconf 89' lang='lat' dir='ltr'><strong>cupiebam</strong></span> <span class='ocrx_word' id='word_1_472' title='bbox 3071 2189 3280 2253; x_wconf 85' lang='lat' dir='ltr'><strong>fusius</strong></span> <span class='ocrx_word' id='word_1_473' title='bbox 3324 2191 3635 2254; x_wconf 87' lang='lat' dir='ltr'><strong>conferre.</strong></span> <span class='ocrx_word' id='word_1_474' title='bbox 3727 2189 3861 2255; x_wconf 80' lang='lat' dir='ltr'><strong>Sed</strong></span> <span class='ocrx_word' id='word_1_475' title='bbox 3904 2199 4255 2273; x_wconf 89' lang='lat' dir='ltr'><strong>postquam</strong></span> <span class='ocrx_word' id='word_1_476' title='bbox 4301 2213 4492 2257; x_wconf 88' lang='lat' dir='ltr'><strong>secus</strong></span> <span class='ocrx_word' id='word_1_477' title='bbox 4538 2192 4633 2257; x_wconf 83' lang='lat' dir='ltr'><strong>vi-</strong></span> 
     </span>
     <span class='ocr_line' id='line_1_75' title="bbox 2689 2274 4632 2353; baseline 0.002 -15"><span class='ocrx_word' id='word_1_478' title='bbox 2689 2295 2836 2338; x_wconf 89' lang='lat' dir='ltr'><strong>sum</strong></span> <span class='ocrx_word' id='word_1_479' title='bbox 2880 2281 2979 2338; x_wconf 84' lang='lat' dir='ltr'><strong>est</strong></span> <span class='ocrx_word' id='word_1_480' title='bbox 2999 2274 3308 2353; x_wconf 90' lang='lat' dir='ltr'><strong>Domino,</strong></span> <span class='ocrx_word' id='word_1_481' title='bbox 3355 2275 3519 2340; x_wconf 86' lang='lat' dir='ltr'><strong>alias</strong></span> <span class='ocrx_word' id='word_1_482' title='bbox 3554 2297 3624 2341; x_wconf 91' lang='lat' dir='ltr'><strong>se</strong></span> <span class='ocrx_word' id='word_1_483' title='bbox 3658 2275 4059 2341; x_wconf 88' lang='lat' dir='ltr'><strong>commodior</strong></span> <span class='ocrx_word' id='word_1_484' title='bbox 4094 2276 4325 2341; x_wconf 86' lang='lat' dir='ltr'><strong>offeret</strong></span> <span class='ocrx_word' id='word_1_485' title='bbox 4368 2276 4632 2343; x_wconf 78' lang='lat' dir='ltr'><strong>occasio.</strong></span> 
     </span>
     <span class='ocr_line' id='line_1_76' title="bbox 2688 2358 4636 2440; baseline 0.003 -18"><span class='ocrx_word' id='word_1_486' title='bbox 2688 2359 2891 2423; x_wconf 88' lang='lat' dir='ltr'><strong>Forte</strong></span> <span class='ocrx_word' id='word_1_487' title='bbox 2935 2358 3120 2424; x_wconf 84' lang='lat' dir='ltr'><strong>brevi</strong></span> <span class='ocrx_word' id='word_1_488' title='bbox 3172 2359 3257 2425; x_wconf 85' lang='lat' dir='ltr'><strong>ad</strong></span> <span class='ocrx_word' id='word_1_489' title='bbox 3314 2381 3428 2426; x_wconf 83' lang='lat' dir='ltr'><strong>vos</strong></span> <span class='ocrx_word' id='word_1_490' title='bbox 3486 2381 3873 2427; x_wconf 81' lang='lat' dir='ltr'><strong>reversurus</strong></span> <span class='ocrx_word' id='word_1_491' title='bbox 3931 2381 4140 2440; x_wconf 87' lang='lat' dir='ltr'><strong>eram,</strong></span> <span class='ocrx_word' id='word_1_492' title='bbox 4198 2364 4326 2428; x_wconf 89' lang='lat' dir='ltr'><strong>nisi</strong></span> <span class='ocrx_word' id='word_1_493' title='bbox 4380 2384 4485 2427; x_wconf 90' lang='lat' dir='ltr'><strong>res</strong></span> <span class='ocrx_word' id='word_1_494' title='bbox 4533 2362 4636 2427; x_wconf 89' lang='lat' dir='ltr'><strong>hic</strong></span> 
     </span>
     <span class='ocr_line' id='line_1_77' title="bbox 2691 2443 4638 2529; baseline 0.002 -21"><span class='ocrx_word' id='word_1_495' title='bbox 2691 2443 2880 2509; x_wconf 86' lang='lat' dir='ltr'><strong>valde</strong></span> <span class='ocrx_word' id='word_1_496' title='bbox 2936 2444 3238 2510; x_wconf 84' lang='lat' dir='ltr'><strong>turbatae</strong></span> <span class='ocrx_word' id='word_1_497' title='bbox 3293 2453 3528 2511; x_wconf 89' lang='lat' dir='ltr'><strong>essent.</strong></span> <span class='ocrx_word' id='word_1_498' title='bbox 3630 2446 3802 2511; x_wconf 83' lang='lat' dir='ltr'><strong>Nam</strong></span> <span class='ocrx_word' id='word_1_499' title='bbox 3866 2447 4068 2529; x_wconf 89' lang='lat' dir='ltr'><strong>pestis</strong></span> <span class='ocrx_word' id='word_1_500' title='bbox 4121 2447 4520 2514; x_wconf 85' lang='lat' dir='ltr'><strong>recrudescit</strong></span> <span class='ocrx_word' id='word_1_501' title='bbox 4575 2455 4638 2513; x_wconf 86' lang='lat' dir='ltr'><strong>et</strong></span> 
     </span>
     <span class='ocr_line' id='line_1_78' title="bbox 2692 2531 4638 2615; baseline 0.002 -20"><span class='ocrx_word' id='word_1_502' title='bbox 2692 2531 2905 2596; x_wconf 81' lang='lat' dir='ltr'><strong>saevit</strong></span> <span class='ocrx_word' id='word_1_503' title='bbox 2946 2531 3402 2597; x_wconf 87' lang='lat' dir='ltr'><strong>inclementius</strong></span> <span class='ocrx_word' id='word_1_504' title='bbox 3438 2552 3631 2615; x_wconf 88' lang='lat' dir='ltr'><strong>quam</strong></span> <span class='ocrx_word' id='word_1_505' title='bbox 3668 2533 3945 2599; x_wconf 82' lang='lat' dir='ltr'><strong>antehac</strong></span> <span class='ocrx_word' id='word_1_506' title='bbox 3980 2554 4302 2615; x_wconf 90' lang='lat' dir='ltr'><strong>unquam:</strong></span> <span class='ocrx_word' id='word_1_507' title='bbox 4347 2534 4464 2599; x_wconf 90' lang='lat' dir='ltr'><strong>sed</strong></span> <span class='ocrx_word' id='word_1_508' title='bbox 4507 2535 4638 2599; x_wconf 87' lang='lat' dir='ltr'><strong>uti-</strong></span> 
     </span>
     <span class='ocr_line' id='line_1_79' title="bbox 2690 2616 4630 2700; baseline 0.002 -21"><span class='ocrx_word' id='word_1_509' title='bbox 2690 2636 2848 2680; x_wconf 91' lang='lat' dir='ltr'><strong>nam</strong></span> <span class='ocrx_word' id='word_1_510' title='bbox 2892 2616 2995 2681; x_wconf 91' lang='lat' dir='ltr'><strong>his</strong></span> <span class='ocrx_word' id='word_1_511' title='bbox 3038 2617 3249 2700; x_wconf 85' lang='lat' dir='ltr'><strong>plagis</strong></span> <span class='ocrx_word' id='word_1_512' title='bbox 3303 2619 3624 2699; x_wconf 87' lang='lat' dir='ltr'><strong>possimus</strong></span> <span class='ocrx_word' id='word_1_513' title='bbox 3682 2616 3765 2682; x_wconf 89' lang='lat' dir='ltr'><strong>ad</strong></span> <span class='ocrx_word' id='word_1_514' title='bbox 3821 2619 4288 2700; x_wconf 78' lang='lat' dir='ltr'><strong>poenitentiam</strong></span> <span class='ocrx_word' id='word_1_515' title='bbox 4340 2620 4630 2686; x_wconf 82' lang='lat' dir='ltr'><strong>invitari.</strong></span> 
     </span>
     <span class='ocr_line' id='line_1_80' title="bbox 2692 2701 4640 2790; baseline 0.002 -23"><span class='ocrx_word' id='word_1_516' title='bbox 2692 2701 3003 2767; x_wconf 80' lang='lat' dir='ltr'><strong>Salutant</strong></span> <span class='ocrx_word' id='word_1_517' title='bbox 3045 2712 3107 2766; x_wconf 85' lang='lat' dir='ltr'><strong>te</strong></span> <span class='ocrx_word' id='word_1_518' title='bbox 3153 2703 3361 2766; x_wconf 88' lang='lat' dir='ltr'><strong>nostri</strong></span> <span class='ocrx_word' id='word_1_519' title='bbox 3404 2723 3648 2768; x_wconf 90' lang='lat' dir='ltr'><strong>omnes.</strong></span> <span class='ocrx_word' id='word_1_520' title='bbox 3740 2703 4093 2770; x_wconf 76' lang='lat' dir='ltr'><strong>Zebedaeus</strong></span> <span class='ocrx_word' id='word_1_521' title='bbox 4135 2706 4241 2772; x_wconf 84' lang='lat' dir='ltr'><strong>hic</strong></span> <span class='ocrx_word' id='word_1_522' title='bbox 4282 2712 4399 2784; x_wconf 87' lang='lat' dir='ltr'><strong>est,</strong></span> <span class='ocrx_word' id='word_1_523' title='bbox 4445 2726 4640 2790; x_wconf 91' lang='lat' dir='ltr'><strong>quem</strong></span> 
     </span>
     <span class='ocr_line' id='line_1_81' title="bbox 2690 2786 4637 2870; baseline 0.003 -19"><span class='ocrx_word' id='word_1_524' title='bbox 2690 2788 2822 2851; x_wconf 91' lang='lat' dir='ltr'><strong>iam</strong></span> <span class='ocrx_word' id='word_1_525' title='bbox 2881 2786 3110 2853; x_wconf 87' lang='lat' dir='ltr'><strong>multis</strong></span> <span class='ocrx_word' id='word_1_526' title='bbox 3166 2789 3501 2853; x_wconf 90' lang='lat' dir='ltr'><strong>mensibus</strong></span> <span class='ocrx_word' id='word_1_527' title='bbox 3572 2810 3692 2855; x_wconf 90' lang='lat' dir='ltr'><strong>nec</strong></span> <span class='ocrx_word' id='word_1_528' title='bbox 3749 2789 4040 2855; x_wconf 84' lang='lat' dir='ltr'><strong>videram</strong></span> <span class='ocrx_word' id='word_1_529' title='bbox 4101 2811 4221 2857; x_wconf 91' lang='lat' dir='ltr'><strong>nec</strong></span> <span class='ocrx_word' id='word_1_530' title='bbox 4279 2791 4637 2870; x_wconf 86' lang='lat' dir='ltr'><strong>audieram,</strong></span> 
     </span>
     <span class='ocr_line' id='line_1_82' title="bbox 2691 2874 4639 2957; baseline 0.003 -19"><span class='ocrx_word' id='word_1_531' title='bbox 2691 2875 2823 2938; x_wconf 92' lang='lat' dir='ltr'><strong>imo</strong></span> <span class='ocrx_word' id='word_1_532' title='bbox 2868 2893 2952 2938; x_wconf 90' lang='lat' dir='ltr'><strong>ne</strong></span> <span class='ocrx_word' id='word_1_533' title='bbox 3007 2874 3148 2938; x_wconf 89' lang='lat' dir='ltr'><strong>eius</strong></span> <span class='ocrx_word' id='word_1_534' title='bbox 3201 2874 3464 2957; x_wconf 89' lang='lat' dir='ltr'><strong>quidem</strong></span> <span class='ocrx_word' id='word_1_535' title='bbox 3519 2874 3782 2940; x_wconf 85' lang='lat' dir='ltr'><strong>literam</strong></span> <span class='ocrx_word' id='word_1_536' title='bbox 3840 2876 4152 2942; x_wconf 85' lang='lat' dir='ltr'><strong>videram.</strong></span> <span class='ocrx_word' id='word_1_537' title='bbox 4254 2878 4314 2943; x_wconf 81' lang='lat' dir='ltr'><strong>F.</strong></span> <span class='ocrx_word' id='word_1_538' title='bbox 4459 2898 4639 2943; x_wconf 87' lang='lat' dir='ltr'><strong>eram</strong></span> 
     </span>
     <span class='ocr_line' id='line_1_83' title="bbox 2690 2960 4639 3043; baseline 0.002 -19"><span class='ocrx_word' id='word_1_539' title='bbox 2690 2961 2760 3024; x_wconf 90' lang='lat' dir='ltr'><strong>in</strong></span> <span class='ocrx_word' id='word_1_540' title='bbox 2806 2960 2929 3024; x_wconf 89' lang='lat' dir='ltr'><strong>hac</strong></span> <span class='ocrx_word' id='word_1_541' title='bbox 2972 2961 3316 3038; x_wconf 87' lang='lat' dir='ltr'><strong>sententia,</strong></span> <span class='ocrx_word' id='word_1_542' title='bbox 3362 2970 3439 3026; x_wconf 88' lang='lat' dir='ltr'><strong>ut</strong></span> <span class='ocrx_word' id='word_1_543' title='bbox 3485 2960 3809 3039; x_wconf 73' lang='lat' dir='ltr'><strong>NicolauS,</strong></span> <span class='ocrx_word' id='word_1_544' title='bbox 3856 2981 4050 3043; x_wconf 91' lang='lat' dir='ltr'><strong>quem</strong></span> <span class='ocrx_word' id='word_1_545' title='bbox 4089 2963 4275 3029; x_wconf 91' lang='lat' dir='ltr'><strong>nobis</strong></span> <span class='ocrx_word' id='word_1_546' title='bbox 4379 2963 4639 3029; x_wconf 87' lang='lat' dir='ltr'><strong>ominus</strong></span> 
     </span>
     <span class='ocr_line' id='line_1_84' title="bbox 2691 3045 4639 3133; baseline 0.003 -22"><span class='ocrx_word' id='word_1_547' title='bbox 2691 3045 3006 3125; x_wconf 89' lang='lat' dir='ltr'><strong>restituit,</strong></span> <span class='ocrx_word' id='word_1_548' title='bbox 3062 3046 3372 3114; x_wconf 87' lang='lat' dir='ltr'><strong>ecclesiae</strong></span> <span class='ocrx_word' id='word_1_549' title='bbox 3430 3046 3737 3113; x_wconf 87' lang='lat' dir='ltr'><strong>Orbanae</strong></span> <span class='ocrx_word' id='word_1_550' title='bbox 3793 3048 4235 3131; x_wconf 81' lang='lat' dir='ltr'><strong>sufficeretur,</strong></span> <span class='ocrx_word' id='word_1_551' title='bbox 4292 3057 4639 3133; x_wconf 80' lang='lat' dir='ltr'><strong>postquam</strong></span> 
     </span>
     <span class='ocr_line' id='line_1_85' title="bbox 2692 3132 4635 3220; baseline 0.003 -23"><span class='ocrx_word' id='word_1_552' title='bbox 2692 3134 2825 3198; x_wconf 81' lang='lat' dir='ltr'><strong>fixa</strong></span> <span class='ocrx_word' id='word_1_553' title='bbox 2889 3140 3114 3198; x_wconf 89' lang='lat' dir='ltr'><strong>manet</strong></span> <span class='ocrx_word' id='word_1_554' title='bbox 3175 3132 3497 3198; x_wconf 88' lang='lat' dir='ltr'><strong>Zebedaei</strong></span> <span class='ocrx_word' id='word_1_555' title='bbox 3576 3135 3904 3200; x_wconf 87' lang='lat' dir='ltr'><strong>sententia</strong></span> <span class='ocrx_word' id='word_1_556' title='bbox 3967 3142 4043 3200; x_wconf 89' lang='lat' dir='ltr'><strong>ut</strong></span> <span class='ocrx_word' id='word_1_557' title='bbox 4105 3136 4230 3203; x_wconf 87' lang='lat' dir='ltr'><strong>alio</strong></span> <span class='ocrx_word' id='word_1_558' title='bbox 4293 3137 4557 3220; x_wconf 83' lang='lat' dir='ltr'><strong>migret.</strong></span> <span class='ocrx_word' id='word_1_559' title='bbox 4580 3139 4635 3212; x_wconf 78' lang='lat'><strong>²)</strong></span> 
     </span>
     <span class='ocr_line' id='line_1_86' title="bbox 2691 3216 4640 3303; baseline 0.003 -21"><span class='ocrx_word' id='word_1_560' title='bbox 2691 3216 2883 3298; x_wconf 79' lang='lat' dir='ltr'><strong>Quod</strong></span> <span class='ocrx_word' id='word_1_561' title='bbox 2927 3239 3082 3284; x_wconf 87' lang='lat' dir='ltr'><strong>sane</strong></span> <span class='ocrx_word' id='word_1_562' title='bbox 3118 3218 3401 3300; x_wconf 85' lang='lat' dir='ltr'><strong>expedit.</strong></span> <span class='ocrx_word' id='word_1_563' title='bbox 3468 3221 3568 3284; x_wconf 80' lang='lat' dir='ltr'><strong>Tu</strong></span> <span class='ocrx_word' id='word_1_564' title='bbox 3614 3220 3841 3297; x_wconf 92' lang='lat' dir='ltr'><strong>scribe,</strong></span> <span class='ocrx_word' id='word_1_565' title='bbox 3888 3241 4144 3302; x_wconf 89' lang='lat' dir='ltr'><strong>quaeso,</strong></span> <span class='ocrx_word' id='word_1_566' title='bbox 4190 3220 4346 3303; x_wconf 92' lang='lat' dir='ltr'><strong>quid</strong></span> <span class='ocrx_word' id='word_1_567' title='bbox 4390 3221 4471 3287; x_wconf 91' lang='lat' dir='ltr'><strong>de</strong></span> <span class='ocrx_word' id='word_1_568' title='bbox 4515 3222 4640 3287; x_wconf 92' lang='lat' dir='ltr'><strong>hoc</strong></span> 
     </span>
     <span class='ocr_line' id='line_1_87' title="bbox 2690 3303 4641 3383; baseline 0.004 -17"><span class='ocrx_word' id='word_1_569' title='bbox 2690 3324 2837 3368; x_wconf 91' lang='lat' dir='ltr'><strong>meo</strong></span> <span class='ocrx_word' id='word_1_570' title='bbox 2894 3303 3162 3369; x_wconf 85' lang='lat' dir='ltr'><strong>consilio</strong></span> <span class='ocrx_word' id='word_1_571' title='bbox 3229 3306 3492 3371; x_wconf 84' lang='lat' dir='ltr'><strong>sentias.</strong></span> <span class='ocrx_word' id='word_1_572' title='bbox 3604 3304 3842 3370; x_wconf 85' lang='lat' dir='ltr'><strong>Saluta</strong></span> <span class='ocrx_word' id='word_1_573' title='bbox 3906 3307 4147 3372; x_wconf 89' lang='lat' dir='ltr'><strong>amicos</strong></span> <span class='ocrx_word' id='word_1_574' title='bbox 4167 3357 4181 3383; x_wconf 90' lang='lat'>‚</span> <span class='ocrx_word' id='word_1_575' title='bbox 4247 3309 4641 3373; x_wconf 78' lang='lat' dir='ltr'><strong>nominatim</strong></span> 
     </span>
     <span class='ocr_line' id='line_1_88' title="bbox 2690 3387 4639 3474; baseline 0.003 -22"><span class='ocrx_word' id='word_1_576' title='bbox 2690 3387 3098 3467; x_wconf 85' lang='lat' dir='ltr'><strong>domesticos,</strong></span> <span class='ocrx_word' id='word_1_577' title='bbox 3144 3390 3492 3473; x_wconf 87' lang='lat' dir='ltr'><strong>praecipue</strong></span> <span class='ocrx_word' id='word_1_578' title='bbox 3551 3412 3825 3456; x_wconf 84' lang='lat' dir='ltr'><strong>uxorem</strong></span> <span class='ocrx_word' id='word_1_579' title='bbox 3870 3413 4035 3474; x_wconf 90' lang='lat' dir='ltr'><strong>quae</strong></span> <span class='ocrx_word' id='word_1_580' title='bbox 4081 3414 4185 3458; x_wconf 90' lang='lat' dir='ltr'><strong>me</strong></span> <span class='ocrx_word' id='word_1_581' title='bbox 4229 3393 4429 3458; x_wconf 89' lang='lat' dir='ltr'><strong>nimis</strong></span> <span class='ocrx_word' id='word_1_582' title='bbox 4471 3391 4639 3458; x_wconf 86' lang='lat' dir='ltr'><strong>deli-</strong></span> 
     </span>
     <span class='ocr_line' id='line_1_89' title="bbox 2690 3475 4640 3562; baseline 0.002 -22"><span class='ocrx_word' id='word_1_583' title='bbox 2690 3482 2832 3540; x_wconf 91' lang='lat' dir='ltr'><strong>cate</strong></span> <span class='ocrx_word' id='word_1_584' title='bbox 2876 3475 3203 3542; x_wconf 82' lang='lat' dir='ltr'><strong>tractavit.</strong></span> <span class='ocrx_word' id='word_1_585' title='bbox 3225 3477 3280 3549; x_wconf 73' lang='lat'><strong>⁸)</strong></span> <span class='ocrx_word' id='word_1_586' title='bbox 3368 3475 3521 3540; x_wconf 87' lang='lat' dir='ltr'><strong>Non</strong></span> <span class='ocrx_word' id='word_1_587' title='bbox 3565 3486 3821 3542; x_wconf 85' lang='lat' dir='ltr'><strong>tantum</strong></span> <span class='ocrx_word' id='word_1_588' title='bbox 3864 3477 4197 3561; x_wconf 88' lang='lat' dir='ltr'><strong>praestitit</strong></span> <span class='ocrx_word' id='word_1_589' title='bbox 4239 3500 4406 3562; x_wconf 84' lang='lat' dir='ltr'><strong>quae</strong></span> <span class='ocrx_word' id='word_1_590' title='bbox 4449 3501 4640 3544; x_wconf 86' lang='lat' dir='ltr'><strong>man-</strong></span> 
     </span>
     <span class='ocr_line' id='line_1_90' title="bbox 2690 3558 4636 3644; baseline 0.003 -20"><span class='ocrx_word' id='word_1_591' title='bbox 2690 3558 2915 3639; x_wconf 88' lang='lat' dir='ltr'><strong>daras,</strong></span> <span class='ocrx_word' id='word_1_592' title='bbox 2972 3559 3087 3626; x_wconf 90' lang='lat' dir='ltr'><strong>sed</strong></span> <span class='ocrx_word' id='word_1_593' title='bbox 3132 3560 3327 3644; x_wconf 84' lang='lat' dir='ltr'><strong>longe</strong></span> <span class='ocrx_word' id='word_1_594' title='bbox 3372 3561 3581 3643; x_wconf 85' lang='lat' dir='ltr'><strong>plura.</strong></span> <span class='ocrx_word' id='word_1_595' title='bbox 3671 3561 3839 3627; x_wconf 86' lang='lat' dir='ltr'><strong>Vale</strong></span> <span class='ocrx_word' id='word_1_596' title='bbox 3878 3563 4276 3630; x_wconf 88' lang='lat' dir='ltr'><strong>Lausannae</strong></span> <span class='ocrx_word' id='word_1_597' title='bbox 4323 3568 4421 3630; x_wconf 86' lang='lat'><strong>30.</strong></span> <span class='ocrx_word' id='word_1_598' title='bbox 4468 3565 4636 3631; x_wconf 75' lang='lat' dir='ltr'><strong>Maii</strong></span> 
     </span>
    </p>

    <p class='ocr_par' dir='ltr' id='par_1_21' title="bbox 3942 3736 4462 3803">
     <span class='ocr_line' id='line_1_91' title="bbox 3942 3736 4462 3803; baseline 0.002 -2"><span class='ocrx_word' id='word_1_599' title='bbox 3942 3737 4124 3803; x_wconf 78' lang='lat' dir='ltr'><strong>Tuus</strong></span> <span class='ocrx_word' id='word_1_600' title='bbox 4166 3736 4462 3803; x_wconf 86' lang='lat' dir='ltr'><strong>Viretus.</strong></span> 
     </span>
    </p>
   </div>
   <div class='ocr_carea' id='block_1_16' title="bbox 2687 3902 4226 4657">
    <p class='ocr_par' dir='ltr' id='par_1_22' title="bbox 2687 3902 4226 4657">
     <span class='ocr_line' id='line_1_92' title="bbox 2863 3902 4143 3989; baseline 0.002 -20"><span class='ocrx_word' id='word_1_601' title='bbox 2863 3902 3026 3987; x_wconf 85' lang='lat' dir='ltr'><strong>Oepi</strong></span> <span class='ocrx_word' id='word_1_602' title='bbox 3070 3902 3247 3968; x_wconf 91' lang='lat' dir='ltr'><strong>domi</strong></span> <span class='ocrx_word' id='word_1_603' title='bbox 3302 3911 3455 3969; x_wconf 86' lang='lat' dir='ltr'><strong>tuae</strong></span> <span class='ocrx_word' id='word_1_604' title='bbox 3510 3926 3658 3971; x_wconf 88' lang='lat' dir='ltr'><strong>meo</strong></span> <span class='ocrx_word' id='word_1_605' title='bbox 3712 3906 3860 3972; x_wconf 90' lang='lat' dir='ltr'><strong>iure</strong></span> <span class='ocrx_word' id='word_1_606' title='bbox 3897 3907 4143 3989; x_wconf 88' lang='lat' dir='ltr'><strong>aliquot</strong></span> 
     </span>
     <span class='ocr_line' id='line_1_93' title="bbox 2687 3987 4135 4078; baseline 0.004 -25"><span class='ocrx_word' id='word_1_607' title='bbox 2687 3987 2960 4067; x_wconf 86' lang='lat' dir='ltr'><strong>libellos,</strong></span> <span class='ocrx_word' id='word_1_608' title='bbox 3007 3989 3495 4055; x_wconf 82' lang='lat' dir='ltr'><strong>Oatechismum</strong></span> <span class='ocrx_word' id='word_1_609' title='bbox 3554 3992 3798 4059; x_wconf 88' lang='lat' dir='ltr'><strong>scilicet</strong></span> <span class='ocrx_word' id='word_1_610' title='bbox 3854 4002 3921 4058; x_wconf 86' lang='lat' dir='ltr'><strong>et</strong></span> <span class='ocrx_word' id='word_1_611' title='bbox 3963 3994 4135 4078; x_wconf 82' lang='lat' dir='ltr'><strong>Psy-</strong></span> 
     </span>
     <span class='ocr_line' id='line_1_94' title="bbox 2687 4075 4140 4161; baseline 0.001 -19"><span class='ocrx_word' id='word_1_612' title='bbox 2687 4075 3286 4161; x_wconf 81' lang='lat' dir='ltr'><strong>chopannychiam.</strong></span> <span class='ocrx_word' id='word_1_613' title='bbox 3357 4076 3528 4158; x_wconf 88' lang='lat' dir='ltr'><strong>quod</strong></span> <span class='ocrx_word' id='word_1_614' title='bbox 3587 4077 3875 4143; x_wconf 84' lang='lat' dir='ltr'><strong>viderem</strong></span> <span class='ocrx_word' id='word_1_615' title='bbox 3930 4080 4140 4144; x_wconf 88' lang='lat' dir='ltr'><strong>multa</strong></span> 
     </span>
     <span class='ocr_line' id='line_1_95' title="bbox 2689 4160 4140 4247; baseline 0.003 -22"><span class='ocrx_word' id='word_1_616' title='bbox 2689 4160 2810 4225; x_wconf 92' lang='lat' dir='ltr'><strong>tibi</strong></span> <span class='ocrx_word' id='word_1_617' title='bbox 2869 4182 3010 4226; x_wconf 89' lang='lat' dir='ltr'><strong>esse</strong></span> <span class='ocrx_word' id='word_1_618' title='bbox 3068 4162 3504 4244; x_wconf 62' lang='lat' dir='ltr'><strong>exemplaria:</strong></span> <span class='ocrx_word' id='word_1_619' title='bbox 3577 4164 3794 4227; x_wconf 87' lang='lat' dir='ltr'><strong>Attuli</strong></span> <span class='ocrx_word' id='word_1_620' title='bbox 3839 4174 3905 4229; x_wconf 92' lang='lat' dir='ltr'><strong>et</strong></span> <span class='ocrx_word' id='word_1_621' title='bbox 3946 4185 4140 4247; x_wconf 87' lang='lat' dir='ltr'><strong>quos·</strong></span> 
     </span>
     <span class='ocr_line' id='line_1_96' title="bbox 2690 4246 4140 4315; baseline 0.003 -5"><span class='ocrx_word' id='word_1_622' title='bbox 2690 4246 2841 4311; x_wconf 88' lang='lat' dir='ltr'><strong>dam</strong></span> <span class='ocrx_word' id='word_1_623' title='bbox 2884 4246 3147 4313; x_wconf 85' lang='lat' dir='ltr'><strong>chartas</strong></span> <span class='ocrx_word' id='word_1_624' title='bbox 3190 4247 3536 4313; x_wconf 91' lang='lat' dir='ltr'><strong>bibliorum</strong></span> <span class='ocrx_word' id='word_1_625' title='bbox 3582 4248 3838 4315; x_wconf 80' lang='lat' dir='ltr'><strong>Roberti</strong></span> <span class='ocrx_word' id='word_1_626' title='bbox 3878 4250 3952 4314; x_wconf 92' lang='lat' dir='ltr'><strong>in</strong></span> <span class='ocrx_word' id='word_1_627' title='bbox 3996 4250 4140 4315; x_wconf 62' lang='lat' dir='ltr'><strong>Ioess</strong></span> 
     </span>
     <span class='ocr_line' id='line_1_97' title="bbox 2688 4332 4226 4418; baseline 0.002 -21"><span class='ocrx_word' id='word_1_628' title='bbox 2688 4332 2822 4397; x_wconf 90' lang='lat' dir='ltr'><strong>lem</strong></span> <span class='ocrx_word' id='word_1_629' title='bbox 2866 4342 2934 4398; x_wconf 90' lang='lat' dir='ltr'><strong>et</strong></span> <span class='ocrx_word' id='word_1_630' title='bbox 2977 4333 3227 4416; x_wconf 85' lang='lat' dir='ltr'><strong>aliquot</strong></span> <span class='ocrx_word' id='word_1_631' title='bbox 3267 4335 3555 4400; x_wconf 90' lang='lat' dir='ltr'><strong>minores</strong></span> <span class='ocrx_word' id='word_1_632' title='bbox 3599 4335 3971 4418; x_wconf 84' lang='lat' dir='ltr'><strong>prophetas.</strong></span> <span class='ocrx_word' id='word_1_633' title='bbox 4063 4336 4137 4402; x_wconf 78' lang='lat' dir='ltr'><strong>Si</strong></span> <span class='ocrx_word' id='word_1_634' title='bbox 4221 4360 4226 4365; x_wconf 90' lang='lat'><strong>·</strong></span> 
     </span>
     <span class='ocr_line' id='line_1_98' title="bbox 2691 4420 4138 4501; baseline 0.003 -19"><span class='ocrx_word' id='word_1_635' title='bbox 2691 4420 2806 4483; x_wconf 84' lang='lat' dir='ltr'><strong>tibi</strong></span> <span class='ocrx_word' id='word_1_636' title='bbox 2852 4439 3014 4501; x_wconf 90' lang='lat' dir='ltr'><strong>opus</strong></span> <span class='ocrx_word' id='word_1_637' title='bbox 3058 4427 3160 4486; x_wconf 86' lang='lat' dir='ltr'><strong>est</strong></span> <span class='ocrx_word' id='word_1_638' title='bbox 3202 4422 3442 4499; x_wconf 88' lang='lat' dir='ltr'><strong>scribe,</strong></span> <span class='ocrx_word' id='word_1_639' title='bbox 3498 4429 3568 4485; x_wconf 88' lang='lat' dir='ltr'><strong>et</strong></span> <span class='ocrx_word' id='word_1_640' title='bbox 3607 4442 3644 4485; x_wconf 94' lang='grc' dir='ltr'>θ</span> <span class='ocrx_word' id='word_1_641' title='bbox 3691 4441 3729 4485; x_wconf 95' lang='lat' dir='ltr'><strong>o</strong></span> <span class='ocrx_word' id='word_1_642' title='bbox 3785 4423 4138 4487; x_wconf 87' lang='lat' dir='ltr'><strong>remittam.</strong></span> 
     </span>
     <span class='ocr_line' id='line_1_99' title="bbox 2690 4443 4141 4605; baseline 0.001 -35"><span class='ocrx_word' id='word_1_643' title='bbox 2690 4505 2931 4585; x_wconf 88' lang='lat' dir='ltr'><strong>Accepi</strong></span> <span class='ocrx_word' id='word_1_644' title='bbox 2974 4506 3379 4605; x_wconf 74' lang='lat' dir='ltr'><strong>commodato</strong></span> <span class='ocrx_word' id='word_1_645' title='bbox 3421 4505 3595 4589; x_wconf 91' lang='lat' dir='ltr'><strong>quod</strong></span> <span class='ocrx_word' id='word_1_646' title='bbox 3634 4443 3830 4573; x_wconf 69' lang='lat' dir='ltr'><strong>Igoelis</strong></span> <span class='ocrx_word' id='word_1_647' title='bbox 3875 4529 4141 4592; x_wconf 79' lang='lat' dir='ltr'><strong>aggres-</strong></span> 
     </span>
     <span class='ocr_line' id='line_1_100' title="bbox 2687 4600 3537 4657; baseline 0.001 -2"><span class='ocrx_word' id='word_1_648' title='bbox 2687 4610 2799 4656; x_wconf 87' lang='lat' dir='ltr'><strong>sus</strong></span> <span class='ocrx_word' id='word_1_649' title='bbox 2842 4611 2992 4656; x_wconf 93' lang='lat' dir='ltr'><strong>sum</strong></span> <span class='ocrx_word' id='word_1_650' title='bbox 3035 4600 3537 4657; x_wconf 80' lang='lat' dir='ltr'><strong>enarrationem.</strong></span> 
     </span>
    </p>
   </div>
   <div class='ocr_carea' id='block_1_17' title="bbox 2687 4748 3094 4756">
    <p class='ocr_par' dir='ltr' id='par_1_23' title="bbox 2687 4748 3094 4756">
     <span class='ocr_line' id='line_1_101' title="bbox 2687 4748 3094 4756; baseline 0 1419"><span class='ocrx_word' id='word_1_651' title='bbox 2687 4748 3094 4756; x_wconf 95' lang='lat' dir='ltr'><strong> </strong></span> 
     </span>
    </p>
   </div>
   <div class='ocr_carea' id='block_1_18' title="bbox 2710 4828 4627 5039">
    <p class='ocr_par' dir='ltr' id='par_1_24' title="bbox 2710 4828 4627 5039">
     <span class='ocr_line' id='line_1_102' title="bbox 2710 4828 4014 4955; baseline 0.005 -73"><span class='ocrx_word' id='word_1_652' title='bbox 2710 4828 2857 4883; x_wconf 78' lang='lat'><strong>646.</strong></span> <span class='ocrx_word' id='word_1_653' title='bbox 2895 4830 2947 4949; x_wconf 52' lang='grc' dir='ltr'><strong>ὲ)</strong></span> <span class='ocrx_word' id='word_1_654' title='bbox 2997 4830 3138 4955; x_wconf 57' lang='lat' dir='ltr'><strong>Vidg</strong></span> <span class='ocrx_word' id='word_1_655' title='bbox 3164 4831 3586 4954; x_wconf 53' lang='lat' dir='ltr'><strong>praecedentum.</strong></span> <span class='ocrx_word' id='word_1_656' title='bbox 4004 4904 4014 4917; x_wconf 41' lang='grc' dir='ltr'>Ι</span> 
     </span>
     <span class='ocr_line' id='line_1_103' title="bbox 2893 4899 4627 5039; baseline 0.006 -18"><span class='ocrx_word' id='word_1_657' title='bbox 2893 4899 2954 5037; x_wconf 64' lang='lat'><strong>33</strong></span> <span class='ocrx_word' id='word_1_658' title='bbox 2988 4915 3119 5023; x_wconf 53' lang='grc' dir='ltr'><strong>ἓῖιοῖ.</strong></span> <span class='ocrx_word' id='word_1_659' title='bbox 3139 4908 4071 5039; x_wconf 46' lang='lat' dir='ltr'><strong>ffimossmwagmvsswomctie</strong></span> <span class='ocrx_word' id='word_1_660' title='bbox 4088 4976 4206 5029; x_wconf 78' lang='lat' dir='ltr'><strong>eius</strong></span> <span class='ocrx_word' id='word_1_661' title='bbox 4238 4976 4385 5030; x_wconf 77' lang='lat' dir='ltr'><strong>vices</strong></span> <span class='ocrx_word' id='word_1_662' title='bbox 4418 4978 4627 5034; x_wconf 64' lang='lat' dir='ltr'><strong>achim.</strong></span> 
     </span>
    </p>
   </div>
   <div class='ocr_carea' id='block_1_19' title="bbox 3463 5217 3864 5230">
    <p class='ocr_par' dir='ltr' id='par_1_25' title="bbox 3463 5217 3864 5230">
     <span class='ocr_line' id='line_1_104' title="bbox 3463 5217 3864 5230; baseline 0.002 -1"><span class='ocrx_word' id='word_1_663' title='bbox 3463 5217 3864 5230; x_wconf 41' lang='grc' dir='ltr'><strong>ω-</strong></span> 
     </span>
    </p>
   </div>
   <div class='ocr_carea' id='block_1_20' title="bbox 4789 5 4820 1562">
    <p class='ocr_par' dir='ltr' id='par_1_26' title="bbox 4789 5 4820 1562">
     <span class='ocr_line' id='line_1_105' title="bbox 4789 5 4820 1562; baseline 0 0"><span class='ocrx_word' id='word_1_664' title='bbox 4789 5 4820 1562; x_wconf 95' lang='lat' dir='ltr'><strong> </strong></span> 
     </span>
    </p>
   </div>
   <div class='ocr_carea' id='block_1_21' title="bbox 4793 1974 4821 2770">
    <p class='ocr_par' dir='ltr' id='par_1_27' title="bbox 4793 1974 4821 2770">
     <span class='ocr_line' id='line_1_106' title="bbox 4793 1974 4821 2770; baseline 0 0"><span class='ocrx_word' id='word_1_665' title='bbox 4793 1974 4821 2770; x_wconf 95' lang='lat' dir='ltr'><strong> </strong></span> 
     </span>
    </p>
   </div>
   <div class='ocr_carea' id='block_1_22' title="bbox 4794 2950 4823 3981">
    <p class='ocr_par' dir='ltr' id='par_1_28' title="bbox 4794 2950 4823 3981">
     <span class='ocr_line' id='line_1_107' title="bbox 4794 2950 4823 3981; baseline 0 0"><span class='ocrx_word' id='word_1_666' title='bbox 4794 2950 4823 3981; x_wconf 95' lang='lat' dir='ltr'><strong> </strong></span> 
     </span>
    </p>
   </div>
   <div class='ocr_carea' id='block_1_23' title="bbox 4815 4350 4825 5679">
    <p class='ocr_par' dir='ltr' id='par_1_29' title="bbox 4815 4350 4825 5679">
     <span class='ocr_line' id='line_1_108' title="bbox 4815 4350 4825 5679; baseline 0 0"><span class='ocrx_word' id='word_1_667' title='bbox 4815 4350 4825 5679; x_wconf 95' lang='lat' dir='ltr'><strong> </strong></span> 
     </span>
    </p>
   </div>
  </div>
 </body>
</html>
