4825 6175
233 430 355 492 725

229 634 266 681 a
309 615 605 679 ministro
648 621 716 680 et
748 614 1107 681 comeditur
1149 636 1190 680 a
1231 616 1589 699 recipienti,
1632 636 1831 699 quam
1864 617 1934 682 in
1970 616 2171 683 verbo

227 700 596 785 praedicato
615 750 630 776 ,
676 699 841 767 lecto
885 701 991 766 vel
1037 701 1334 786 cogitato.
1421 702 1514 767 Et
1556 700 1892 768 comedere
1936 723 2171 787 corpus

229 785 476 852 Christi
522 786 685 851 nihil
742 796 842 851 est
884 807 1081 869 quam
1135 786 1398 853 credere
1415 838 1431 865 ,
1488 795 1564 853 ut
1619 788 1898 870 ipsemet
1952 788 2171 854 docuit

232 872 550 938 Iohannis
598 879 652 936 ⁴5.
713 870 993 955 Oportet
1024 873 1229 955 igitur
1263 872 1336 937 in
1369 871 1500 938 fide
1538 872 1792 939 adferre
1829 873 2171 941 Christum

228 955 310 1022 ad
352 968 790 1035 sacramenta,
852 966 918 1023 et
973 979 1104 1022 non
1156 977 1469 1042 quaerere
1511 958 1699 1027 illum
1743 958 1853 1025 ibi.
1941 962 2034 1025 Et
2076 962 2171 1027 sic

225 1043 568 1127 promissio
634 1045 886 1127 gratiae
943 1044 1071 1109 fide
1137 1045 1481 1127 accipitur,
1547 1045 1641 1111 sic
1705 1046 1900 1111 etiam
1957 1066 2171 1112 sacra-

225 1137 478 1205 menta,
544 1130 731 1195 cuius
786 1131 882 1195 rei
937 1139 1092 1196 sunt
1148 1131 1524 1197 testimonia
1579 1142 1646 1196 et
1697 1131 1932 1215 sigilla.
2035 1131 2170 1197 Alii

225 1215 416 1280 multi
474 1224 630 1282 sunt
688 1216 881 1290 fines,
940 1215 1053 1280 sed
1113 1216 1171 1280 is
1225 1227 1324 1280 est
1378 1217 1782 1299 praecipuus.
1885 1216 2020 1298 Qui
2077 1217 2170 1283 sic

225 1309 503 1365 utuntur
563 1303 990 1367 sacramentis
1053 1322 1189 1366 non
1259 1302 1507 1366 faciunt
1575 1324 1654 1367 ea
1725 1301 1902 1368 nuda
1963 1303 2168 1388 signa.

224 1385 339 1453 Sic
382 1385 661 1451 Ioannes
703 1387 1006 1469 Baptista
1050 1385 1302 1453 dicebat
1345 1409 1415 1452 se
1472 1407 1640 1470 aqua
1691 1389 2048 1472 baptizare,
2105 1398 2172 1454 et

224 1472 396 1556 quod
432 1479 580 1554 post
618 1471 802 1537 illum
840 1484 1159 1539 venturus
1195 1482 1336 1539 erat
1379 1475 1489 1557 qui
1534 1475 1894 1557 baptisaret
1935 1475 2171 1558 spiritu

227 1572 465 1625 sancto.
557 1558 814 1624 Habuit
856 1560 922 1623 in
967 1580 1171 1624 manu
1214 1580 1337 1624 sua
1378 1579 1644 1642 aquam,
1702 1582 1820 1643 per
1863 1580 2056 1643 quam
2100 1561 2170 1626 in

228 1642 640 1710 credentibus
687 1645 1193 1711 confirmabatur
1238 1645 1532 1711 remissio
1575 1654 2010 1729 peccatorum,
2056 1645 2169 1712 sed

227 1750 362 1794 non
407 1729 640 1794 habuit
681 1729 749 1793 in
796 1750 995 1795 manu
1040 1731 1343 1814 spiritum
1389 1740 1708 1810 sanctum,
1755 1742 1828 1797 ut
1870 1733 2173 1798 omnibus

176 1863 179 1866 -
229 1815 567 1898 baptisatis
612 1816 799 1880 daret
833 1815 1281 1881 remissionem
1317 1825 1761 1899 peccatorum:
1803 1837 1956 1883 nam
2004 1817 2172 1883 mul-

231 1910 327 1967 tos
367 1901 741 1986 hypocritas
775 1901 1143 1983 baptisavit.
1227 1903 1335 1967 Ex
1369 1903 1513 1968 istis
1558 1923 1713 1987 ergo
1758 1903 2175 1970 sensibilibus

232 1986 397 2051 fides·
432 1986 620 2053 docet
662 1986 1075 2053 insensibilia
1118 1997 1184 2053 et
1226 1987 1583 2054 invisibilia
1625 2009 2032 2074 cognoscere.

396 2073 581 2138 Haec
626 2074 729 2155 pio
774 2074 991 2138 animo
1035 2074 1366 2156 suscipias,
1413 2096 1665 2157 quaeso.
1756 2074 1908 2139 Non
1953 2074 2174 2159 dispu-

228 2158 492 2223 tationis
534 2159 752 2243 gratia
795 2159 1025 2236 scribo,
1072 2158 1184 2224 sed
1240 2168 1316 2224 ut
1356 2159 1530 2243 apud
1575 2170 1640 2226 te
1682 2168 1961 2226 testarer
2003 2159 2175 2244 quod

226 2254 633 2310 sacramenta
686 2245 873 2310 nobis
926 2266 1060 2310 non
1116 2253 1274 2310 sunt
1335 2243 1511 2310 nuda
1576 2247 1782 2330 signa.
1885 2247 2059 2312 Nam
2117 2248 2173 2313 si

227 2329 387 2396 fides
430 2331 498 2395 in
545 2331 763 2395 animo
808 2331 1182 2423 recipientis
1222 2329 1609 2413 praeluceat,
1654 2352 1933 2415 sponsus
1977 2353 2175 2414 spon-

227 2436 336 2482 sae
382 2417 798 2491 suberi-atur,
823 2420 859 2453 ⁴*
909 2425 984 2481 ut
1037 2436 1229 2482 nemo
1281 2425 1544 2500 separet
1586 2439 1747 2501 quos
1791 2419 1976 2485 Deus
2018 2440 2173 2485 con-

226 2502 456 2567 iunxit.

399 2587 588 2668 Quod
648 2587 726 2653 do
796 2588 1058 2654 Calvino
1122 2589 1352 2655 scribis
1419 2609 1553 2654 non
1618 2601 1794 2655 recte
1857 2589 2068 2655 intelli
2115 2611 2170 2655 o.

225 2673 372 2757 Ego
419 2695 756 2757 nunquam
807 2674 875 2738 in
919 2673 1107 2738 illum
1152 2674 1260 2739 v'el
1308 2674 1631 2741 Farcllum
1674 2676 1955 2759 cogitavi
2001 2696 2077 2742 ca
2104 2696 2172 2739 a-

226 2780 407 2823 mum
447 2780 730 2837 movere,
775 2760 1071 2842 quamvis
1106 2759 1287 2825 illius
1321 2761 1772 2827 commentarii
1816 2762 1887 2825 in
1932 2761 2172 2845 episto-

228 2843 359 2908 lam
399 2844 889 2911 Corinthiorum
929 2846 1212 2927 priorem
1247 2845 1438 2911 valde
1473 2845 1637 2910 mihi
1675 2845 2168 2930 displicuerunt.

231 2928 312 2993 In
367 2930 637 2995 Interim
691 2931 1094 3013 scripsissem
1154 2950 1332 2997 meas
1390 2932 1815 3015 cogitationes
1884 2934 2007 2997 nisi
2054 2953 2171 3015 pro

231 3022 405 3080 certo
451 3017 633 3082 nobis
675 3017 906 3083 fuisset
950 3016 1217 3096 dictum,
1269 3027 1332 3081 te
1377 3017 1502 3083 hoc
1544 3019 1889 3085 facturum.
1978 3016 2170 3099 Quod

229 3111 300 3166 ut
335 3103 530 3169 facias
566 3105 991 3169 vehementer
1026 3124 1155 3181 oro,
1194 3104 1303 3186 qui
1339 3104 1541 3170 habes
1577 3104 1747 3170 dona
1771 3105 1894 3170 Dei
1934 3125 2171 3187 magna

225 3197 291 3252 et
333 3189 636 3274 insignia,
682 3200 749 3255 et
792 3189 971 3253 mille
1015 3188 1225 3256 modis
1268 3188 1351 3253 ad
1395 3190 1564 3256 hanc
1603 3212 1740 3255 rem
1776 3192 1987 3275 magis
2029 3190 2167 3256 ido-

223 3293 391 3339 neus
434 3296 504 3340 es
549 3295 742 3357 quam
786 3296 924 3359 ege,
970 3276 1081 3357 qui
1127 3296 1272 3341 sero
1317 3296 1394 3341 ac
1433 3277 1677 3341 cursim
1725 3276 1939 3344 adhuc
1985 3297 2170 3360 grae-

224 3380 333 3426 cas
376 3360 600 3427 literas
643 3362 849 3445 attigi.
941 3360 1257 3428 Dominus
1300 3361 1486 3428 Iesus
1543 3370 1761 3428 servet
1805 3371 1870 3427 te
1912 3385 2171 3447 semper

222 3444 306 3509 ad
374 3447 648 3532 gloriam
705 3448 991 3513 nominis
1043 3448 1146 3512 sui
1201 3468 1468 3530 corpore
1525 3459 1591 3512 et
1646 3449 1879 3514 anima.
1984 3448 2169 3515 Uxor

221 3552 372 3598 mea
414 3540 480 3598 te
524 3533 782 3599 salutat.
874 3533 1097 3616 Tiguri
1155 3533 1247 3598 19.
1293 3532 1466 3598 Iunii
1522 3533 1701 3600 1548.

1295 3721 1423 3787 'l'ui
1459 3724 1950 3789 amantissimus

1389 3857 1484 3923 Io.
1530 3859 1852 3943 Hoperus.

1088 4507 1280 4578 1⁰88.

583 4693 1093 4762 HALLERUS
1133 4697 1765 4765 BULLINGERO.

385 4902 866 4968 Lausannenses
907 4903 1134 4966 iterum
1178 4902 1430 4970 Bemae
1471 4924 1662 4970 causa
1710 4902 2160 4973 &issa-lacensis

206 4989 492 5053 ministri
543 4989 795 5053 senatui
846 4987 1089 5069 frustra
1144 4991 1565 5057 commendata
1620 4991 1849 5072 infecta-
1904 5013 1972 5058 re
2027 4993 2156 5060 dis-

205 5079 535 5140 cesserunt.
625 5074 946 5139 Iudicium
988 5074 1061 5139 de
1108 5072 1379 5141 Calvina

451 5347 514 5403 s.
549 5348 688 5418 app.
726 5347 787 5400 T.
829 5348 967 5402 vm.
1003 5367 1056 5418 p.
1089 5347 1243 5404 2826.
1289 5377 1346 5388 -
1382 5349 1592 5405 simler.
1631 5351 1753 5405 v01.
1786 5350 1900 5418 67.)

2012 435 2174 496 1548
2220 431 2405 501 IUN.

4097 438 4222 505 720

2448 618 2830 687 Clarissimo
2884 620 3029 685 viro
3086 620 3168 685 D.
3214 619 3602 703 Heinrycho
3659 619 4047 705 Bullingero
4107 620 4225 687 do·-

2274 707 2454 770 mino
2499 714 2564 771 et
2604 707 2918 788 compatri
2964 726 3081 770 suo
3125 722 3437 788 perpetuo
3482 703 3770 770 colendo.

3716 790 3963 875 Tiguri.

2447 1015 2672 1080 Habes
2728 1012 2883 1095 quid
2931 1013 3036 1078 hic
3082 1024 3331 1096 agatur.
3426 1013 3822 1077 Lausannae
3867 1013 3959 1079 sic
4002 1033 4072 1078 se
4117 1035 4224 1080 res

2275 1099 2491 1166 habet.
2583 1098 2863 1181 Scripsit
2916 1097 2999 1163 ad
3055 1118 3161 1162 me
3224 1097 3502 1162 Vir-ebus:
3561 1105 3870 1163 metuunt
3912 1112 3978 1164 et.
4022 1101 4221 1183 trepi-

2274 1186 2437 1251 dant
2469 1205 2712 1263 omnes,
2750 1182 3220 1249 abdicationem
3257 1182 3365 1247 vel
3399 1182 3866 1267 relegationem
3896 1185 4220 1250 timentes.

2275 1270 2493 1337 Orant
2514 1291 2742 1337 omnes
2764 1269 3053 1353 mitigari
3077 1267 3417 1333 Dominos.
3494 1270 3855 1352 Exponunt
3888 1270 4221 1352 aliquanto

2275 1357 2515 1424 clarius
2569 1377 2745 1421 nunc
2801 1376 2950 1420 suas
3006 1354 3383 1421 sententias.
3495 1354 3937 1420 Irritaverunt
3997 1365 4220 1420 tamen

2276 1465 2405 1509 non
2475 1462 2705 1526 parum
2774 1441 2853 1506 de
2920 1462 3092 1505 novo
3152 1439 3472 1505 Dominos
3537 1451 3791 1505 nostros
3867 1441 4057 1525 (quos
4121 1441 4222 1506 illi

2275 1529 2619 1612 Principes
2675 1526 2977 1608 vocant),
3040 1524 3355 1608 siquidem
3426 1525 3636 1590 denuo
3702 1527 4024 1591 miserunt
4089 1527 4219 1594 huc

2275 1613 2786 1681 Orissiacensem
2820 1617 2868 1691 ¹)
2913 1610 3098 1677 illum
3142 1612 3250 1695 qui
3288 1620 3553 1694 propter
3594 1631 3776 1676 suam
3815 1612 4221 1679 vocationem

2275 1711 2341 1764 et
2404 1721 2684 1766 examen
2750 1698 2999 1765 occasio
3061 1696 3251 1780 quasi
3303 1696 3430 1760 fuit
3495 1698 3691 1762 totius
3757 1699 4055 1776 actionis,
4122 1699 4220 1765 uti

2274 1786 2468 1861 nosti,
2508 1806 2696 1869 quem
2744 1781 3117 1866 reprobavit
3152 1782 3504 1849 zebedaeus
3546 1782 3816 1865 reliquis
3860 1783 4221 1866 approban-

2275 1873 2470 1937 tibus.
2559 1870 2777 1949 Illum,
2823 1871 3123 1952 inquam,
3168 1867 3383 1933 denuo
3428 1869 3751 1931 miserunt
3792 1867 3952 1948 huc,
3994 1876 4072 1935 ut
4112 1868 4221 1935 vel

2278 1957 2511 2022 saltem
2556 1977 2596 2020 a
2639 1955 2827 2021 nobis
2872 1954 3302 2031 examinetur,
3350 1952 3657 2018 audiatur
3699 1956 3842 2019 eius
3878 1955 4217 2019 sententia.

2277 2040 2695 2109 Addiderunt
2737 2042 2795 2107 ei
2840 2040 3265 2123 professorem
3311 2039 3632 2121 quendam
3683 2059 4020 2121 graecum,
4042 2041 4099 2122 ²)
4158 2048 4223 2104 et

2277 2136 2541 2194 tantum
2599 2147 2730 2192 non
2790 2128 2984 2191 etiam
3043 2133 3312 2209 propter
3356 2125 3809 2208 loquacitatem
3858 2125 4220 2209 graculum.

2277 2213 2346 2278 Is
2387 2213 2817 2278 vehementer
2866 2211 3145 2295 urgebat
3203 2231 3285 2276 ne
3343 2210 3552 2276 bonus
3604 2210 3715 2274 ille
3774 2210 3966 2274 homo
4024 2231 4225 2277 causa

2277 2320 2402 2364 sua
2434 2297 2731 2364 inaudita
2773 2298 2867 2362 ita
2913 2298 3353 2362 damnaretur.
3441 2295 3578 2361 Nos
3621 2294 4069 2380 relegabamus
4113 2317 4224 2362 eos

2276 2384 2358 2448 ad
2403 2384 2758 2469 principes,
2816 2392 2891 2448 ut
2948 2384 2999 2447 si
3045 2382 3141 2446 illi
3185 2382 3436 2446 vellent
3478 2402 3630 2445 eum
3674 2402 3713 2445 a
3757 2382 3944 2447 nobis
3990 2381 4222 2462 audiri,

2275 2477 2422 2535 tum
2466 2492 2584 2536 nos
2628 2471 3038 2553 acquiescere
3096 2467 3300 2532 velle:
3330 2469 3388 2541 ⁸)
3444 2466 3585 2532 sine
3639 2467 3896 2532 illorum
3953 2468 4224 2550 imperio

2277 2578 2405 2621 non
2453 2555 2647 2621 licere
2691 2555 2879 2620 nobis
2922 2555 3304 2619 examinare
3346 2574 3732 2635 quenquam.
3838 2552 3943 2618 Ad
3990 2553 4228 2638 Ναιεριεὲ

2276 2642 2479 2708 linum
2512 2641 2623 2706 ubi
2661 2649 2936 2706 ventum
2972 2648 3088 2715 est,
3128 2650 3259 2702 tam
3299 2659 3408 2703 eos
3447 2640 3755 2703 tractavit
3780 2637 4226 2722 principaliter

2278 2735 2351 2792 ut
2394 2748 2638 2811 magna
2680 2725 2833 2792 hinc
2890 2726 3104 2790 denuo
3151 2744 3299 2790 cum
3343 2722 3796 2808 indignatione
3838 2734 3908 2790 et
3952 2725 4056 2807 (ut
4098 2725 4225 2807 ipsi

2276 2821 2543 2898 putant)
2629 2813 2871 2877 iniuria
2950 2811 3381 2876 discesserint.
3494 2810 3808 2875 Metuunt
3887 2810 4042 2876 hinc
4100 2811 4224 2876 sibi

2276 2919 2519 2965 omnes.
2643 2898 2893 2965 Consul
2965 2896 3127 2962 mihi
3195 2916 3446 2979 quoque
3512 2895 3766 2974 retulit,
3844 2895 4224 2980 propediem

2289 2985 2569 3050 Viretum
2612 2984 2975 3050 vocandum
3022 3002 3183 3059 esse,
3226 2984 3325 3046 cui
3373 2991 3593 3046 tamen
3627 2980 3740 3046 ille
3775 2988 4039 3065 propter
4073 3002 4225 3066 pro-

2274 3069 2543 3136 bitatem
2590 3070 2872 3137 hominis
2918 3091 3047 3135 non
3093 3066 3262 3134 male
3305 3067 3466 3133 vult.
3540 3066 3704 3135 Sine
3740 3075 3962 3134 tamen
3998 3067 4223 3153 singu-

2273 3156 2394 3223 lari
2442 3177 2719 3224 censura
2751 3178 2882 3222 non
2920 3154 3168 3222 evadet.
3248 3155 3351 3220 De
3391 3152 3650 3220 Calvino
3684 3154 3983 3221 andimus
4024 3174 4224 3238 quam

2274 3243 2490 3309 nescio
2527 3263 2691 3327 quae
2726 3240 3069 3326 splendida
3099 3239 3427 3324 praedicet
3461 3240 3541 3305 de
3567 3240 4035 3324 Tigurinorum
4070 3260 4224 3306 cum

2273 3329 2387 3395 illo
2445 3328 2803 3395 concordia.
2893 3328 3228 3394 Mirantur
3284 3326 3433 3391 boni
3501 3346 3729 3392 omnes
3785 3325 3942 3409 qnid
3993 3326 4222 3425 'figuti

2272 3415 2498 3499 egerit.
2588 3415 2734 3499 Ego
2791 3431 3048 3497 expono
3066 3464 3081 3491 ,
3142 3420 3213 3477 et
3267 3412 3460 3478 simul
3522 3412 3672 3494 quid
3725 3433 3843 3477 vos
3887 3432 4037 3478 cum
4079 3433 4222 3495 ipso

2271 3523 2306 3566 e
2355 3501 2556 3566 eritis.
2631 3504 2879 3565 Amant
2907 3518 3134 3565 omnes
3170 3498 3310 3564 eius
3345 3496 3797 3575 eruditionem,
3836 3495 3950 3563 sed
3984 3517 4222 3582 vagam

2268 3587 2315 3651 il
2345 3608 2451 3652 am
2502 3586 2936 3652 mobilitatem
2992 3583 3352 3667 deplorant.

2266 3673 2531 3738 Bernae
2574 3674 2642 3738 in
2688 3673 2830 3756 ipso
2867 3671 2970 3736 die
3015 3671 3283 3736 Ioannis
3330 3670 3669 3751 Baptistae
3724 3669 3902 3733 1548.

3498 3805 3682 3870 Tuus
3733 3814 4046 3889 perpetuo

3446 3905 3727 3972 Ioannes
3772 3906 4105 3974 Hallerus.

3138 4418 3325 4488 1⁰89.

2667 4554 3138 4626 GALVINUS
3183 4550 3814 4623 BULLINGERO.

2440 4732 2817 4798 Sementiam
2857 4749 3046 4795 suam
3089 4728 3164 4794 de
3204 4748 3392 4794 sacra
3436 4747 3622 4792 coena
3663 4724 3934 4791 vindicat
3960 4777 3976 4803 ,
4017 4726 4214 4791 sivnul

2260 4821 2448 4886 etiam
2508 4817 2748 4884 Buceri
2815 4820 2952 4880 acta
3016 4820 3071 4881 et
3132 4821 3486 4898 personam.
3599 4810 3895 4876 Graviter
3959 4817 4211 4879 accusat

2258 5076 2439 5132 laos.
2461 5076 2518 5141 1)
2559 5073 2648 5128 Dc
2686 5072 2961 5128 &asiaco
2994 5073 3111 5126 vim
3146 5087 3196 5125 v.
3233 5069 3307 5124 N.
3345 5068 3462 5136 867,
3497 5075 3606 5123 not.
3643 5068 3690 5121 3.

2463 5143 2517 5207 2)
2561 5141 2678 5211 Quo
2721 5157 2942 5198 munere
3061 5146 3113 5194 st
3173 5139 3468 5193 Gesner-um
3522 5137 3851 5201 sumebatur
3908 5135 3974 5189 Η
3987 5136 3998 5148 “
4061 5151 4206 5191 anus

2201 5179 2208 5270 i
2260 5215 2457 5268 Petrus
2486 5212 2695 5278 Ναῆα,
2731 5213 2828 5282 qui
2860 5228 2911 5265 a.
2949 5209 2977 5262 1
3049 5209 3082 5261 9
3117 5223 3469 5262 successorem
3506 5205 3913 5261 habuitBesam
3952 5206 3975 5271 (
4039 5207 4202 5261 achat

207 5282 322 5348 (Ex
360 5279 693 5348 autographo
729 5278 952 5334 Archiv.
987 5279 1161 5333 Turio.
1201 5281 1343 5334 Plut.
1380 5281 1478 5336 VI.
1520 5283 1641 5337 Vol.
1679 5281 1780 5336 115
1812 5283 1941 5336 olim
1978 5284 2148 5339 Scriu.
2198 5273 2206 5404 ἑ
2252 5284 2344 5338 IV.
2380 5280 2530 5347 437).

2458 5350 2515 5418 3)
2549 5350 2670 5406 sic!

3688 5425 3790 5478 46*
