4825 6175
195 443 262 510 53
1916 442 2080 536 1⁵45
2123 439 2409 512 mr.
2611 513 2620 522 ,
4078 448 4164 512 54
4230 392 4238 400 ’

192 628 377 697 euius
450 623 889 694 calamitatem
965 625 1187 710 paucis
1259 626 1478 696 verbis
1556 626 1677 692 tibi
1750 625 2107 694 ostendam.

189 713 302 786 His
330 712 643 798 proximis
675 711 903 778 diebus
939 714 1156 795 accepi
1182 711 1415 780 literas
1456 733 1496 779 a
1537 707 1717 792 meis,
1762 712 1836 782 in
1877 707 2114 797 quibus

188 800 524 868 maximam
601 797 851 866 cladem
926 795 1314 883 Hungariae
1406 798 1571 866 mihi
1652 798 2109 882 depinxerunt,

189 885 348 954 unde
389 906 522 952 non
612 906 842 952 arvum
885 886 1100 968 accepi
1140 882 1444 951 dolorem.
1510 883 1684 954 Nam
1717 885 1798 951 ab
1836 905 1912 951 eo
1944 890 2110 950 tem-

186 993 325 1058 pore
365 992 492 1054 quo
531 907 711 1037 albfui
753 991 793 1036 a
833 970 1044 1054 patria
1063 1021 1081 1048 ,
1136 991 1369 1054 nempe
1414 991 1454 1035 a
1507 970 1817 1048 triennio,
1875 991 2112 1038 novem

187 1059 468 1128 civitates
509 1076 658 1122 cum
703 1056 928 1123 multis
970 1055 1254 1122 castellis
1298 1062 1364 1121 et
1400 1054 1675 1136 arcibus,
1730 1076 1878 1128 cum
1924 1055 2114 1140 pagis

187 1142 499 1211 universis
540 1142 788 1208 circum
831 1162 941 1206 eas
982 1142 1344 1210 iacentibus
1362 1193 1377 1221 ,
1436 1142 1686 1208 'l'urcae
1729 1149 1885 1208 sunt
1918 1141 2113 1224 depo-

186 1229 374 1314 pulati
419 1249 571 1295 cum
609 1248 849 1312 magno
881 1227 1244 1294 incolarum
1280 1227 1570 1294 interitu.
1637 1227 1747 1296 Ex
1781 1226 1897 1294 illa
1929 1236 2114 1310 parte

187 1314 553 1398 Hungariae
597 1334 762 1397 quae
804 1313 1019 1398 vergit
1062 1333 1290 1379 versus
1345 1310 1746 1377 Dalmatiam
1762 1363 1779 1392 ,
1840 1332 2113 1396 occupa·

189 1406 410 1467 verunt
445 1397 606 1465 duas
628 1399 945 1477 civitates,
983 1397 1118 1464 scil.
1145 1395 1723 1481 Quinquecolesias
1755 1396 2112 1482 etSoklos:

187 1506 337 1570 quae
401 1506 632 1551 versus
697 1485 1038 1550 Austriam
1100 1491 1353 1568 spectat
1366 1535 1383 1562 ,
1452 1494 1732 1567 quatuor
1795 1483 2113 1563 civitates,

187 1571 605 1656 Strigonium,
682 1570 890 1634 Waaz
907 1621 923 1649 ,
994 1569 1282 1653 Besprin
1358 1577 1424 1634 et
1499 1568 1738 1634 Albam
1802 1569 2114 1653 regalem,

188 1677 450 1741 quarum
474 1656 633 1721 duas
666 1655 964 1721 funditus
1004 1664 1404 1733 everterunt,
1451 1654 1612 1720 duas
1654 1675 1810 1720 vero
1853 1661 2117 1720 tantum

185 1751 592 1826 occuparunt,
630 1741 745 1807 sed
781 1762 930 1807 cum
967 1761 1209 1825 magno
1244 1740 1534 1825 periculo
1554 1740 1796 1825 populi.
1861 1740 2117 1806 Versus

183 1828 517 1895 Poloniam
560 1827 862 1894 similiter
902 1828 1167 1892 omnino
1203 1833 1582 1892 everterunt
1601 1824 1764 1892 duas
1798 1825 2119 1905 civitates,

184 1914 467 1980 Miskocz
485 1964 501 1991 ,
570 1911 799 1979 Sikso:
870 1912 1180 1995 populum
1247 1913 1489 1996 partim
1557 1911 1973 1978 abduxerunt
2047 1913 2118 1976 in

184 2000 624 2083 captivitatem
639 2049 654 2076 ,
712 1998 955 2081 partim
1010 1997 1440 2063 trucidarunt.
1539 1997 1743 2062 quta
1786 1998 2118 2063 Tibiscum

183 2086 299 2152 sita
338 2093 441 2150 est
485 2083 802 2168 quaedam
844 2084 1076 2150 civitas
1120 2084 1229 2149 cui
1270 2103 1509 2149 nomen
1551 2090 1652 2148 est
1694 2081 2119 2167 Segedinum,

184 2192 335 2254 quae
357 2178 514 2237 ante
549 2169 769 2237 decem
806 2180 873 2234 et
904 2189 1144 2234 novem
1177 2190 1384 2234 annos
1405 2168 1702 2234 similiter
1730 2169 1855 2234 fuit
1889 2189 2122 2234 eversa

185 2255 257 2322 ab
296 2258 435 2339 ipso
483 2256 720 2321 Tui-ca:
766 2262 991 2339 postea
1035 2274 1189 2319 vero
1230 2253 1513 2338 populus
1547 2255 1854 2320 convenit
1892 2275 2120 2320 rursus

183 2351 241 2408 et
302 2341 517 2424 coepit
598 2341 959 2407 aedificare.
1078 2338 1303 2420 Quum
1379 2340 1596 2406 'Purca
1659 2339 1781 2406 hoc
1846 2339 2119 2419 videret,

179 2427 603 2511 proclamavit
642 2446 869 2509 pacem
913 2434 983 2490 et
1019 2425 1406 2504 libertatem,
1446 2426 1813 2510 quicunque
1856 2447 1931 2491 eo
1969 2447 2122 2492 con-

181 2515 455 2579 fluerent
500 2532 575 2578 ac
618 2510 1055 2578 aedificarent.
1153 2510 1408 2576 Civitas
1464 2511 1684 2593 itaque
1740 2511 1809 2576 in
1864 2519 2123 2576 tantum

182 2607 477 2665 creverat
516 2606 591 2663 ut
633 2595 1086 2682 magnitudine
1121 2597 1464 2664 excederet
1506 2598 1807 2681 priorem.
1895 2595 2124 2678 Quum

181 2693 341 2751 esset
379 2686 520 2750 iam
563 2682 877 2767 opulenta
923 2691 990 2748 et
1035 2683 1289 2748 'Furcae
1321 2681 1666 2748 tributaria
1698 2682 1885 2763 facta,
1930 2682 2126 2749 iussit

184 2770 476 2836 accersiri
528 2769 813 2852 primum
869 2790 979 2834 ma
1028 2768 1327 2834 ‘stratum
1392 2767 1568 2833 illius
1640 2767 1920 2835 civitatis
1974 2788 2125 2834 cum

185 2854 425 2922 duobus
477 2854 869 2923 consulibus.
971 2790 1155 2935 Suos
1224 2874 1427 2936 quum
1492 2854 1828 2920 venissent
1900 2856 2124 2919 statim

185 2941 480 3008 decollari
547 2941 740 3008 iussit
803 2949 870 3005 et
929 2939 1262 3006 civitatem
1338 2959 1562 3005 eorum
1637 2958 1790 3008 cum
1864 2939 2129 3024 ingenti.

184 3028 464 3093 exercitu
524 3027 895 3110 occupavit,
952 3025 1196 3091 incolas
1260 3045 1415 3091 vero
1479 3027 1655 3107 ipsos
1723 3026 1997 3108 pecunia
2050 3025 2124 3092 in

185 3114 477 3179 'Purciam
537 3112 989 3179 vendiderunt.
1090 3112 1284 3177 Nunc
1337 3132 1421 3176 ex
1473 3111 1605 3176 illis
1658 3110 1991 3195 oppidulis
2047 3131 2125 3176 ao

183 3199 554 3265 civitatibus
599 3198 931 3281 occupatis
985 3199 1361 3281 eruptiones
1419 3196 1670 3262 faciunt
1715 3198 1787 3262 in
1835 3197 2123 3280 reliquas

183 3296 392 3367 partes
436 3286 824 3369 Hungariae
877 3291 946 3348 6ι
997 3283 1090 3349 616
1144 3281 1431 3365 quotidie
1474 3281 1806 3348 abducunt
1858 3282 1928 3346 in
1973 3301 2123 3364 cap-

186 3370 502 3437 tivitatem
546 3371 840 3435 infinitas
898 3369 1174 3447 animas,
1200 3420 1208 3428 .
1234 3380 1669 3451 exercentque
1726 3368 1801 3432 16
1855 3388 1964 3433 666
2019 3368 2121 3431 in-

60 3494 61 3497 =
184 3456 466 3522 auditam
510 3453 947 3542 tyrannidem.
1018 3455 1113 3519 Iis
1151 3453 1344 3519 malis
1381 3452 1757 3519 adiunctum
1790 3463 1891 3518 est
1926 3453 2122 3518 aliud.

186 3541 497 3626 Tempore
537 3542 710 3625 regis
754 3540 1067 3618 defuncti,
1113 3540 1359 3606 scilicet
1400 3538 1824 3624 Waywodae,
1871 3539 2124 3622 aliquae

185 3628 473 3693 civitates
530 3629 600 3692 in
665 3627 795 3691 illis
861 3625 1156 3709 reliquiis
1211 3624 1597 3708 Hungariae
1658 3624 1936 3689 verbum
1997 3624 2124 3689 Dei

186 3720 582 3795 receperant:
621 3733 797 3777 nunc
819 3732 978 3777 vero
1009 3714 1154 3794 post
1177 3722 1452 3776 mortem
1473 3709 1652 3775 illius
1673 3716 2125 3776 successerunt

188 3798 438 3879 quidam
486 3799 755 3883 tyranni
800 3797 1047 3863 nobiles
1065 3848 1080 3877 ,
1137 3796 1250 3881 qui
1307 3814 1567 3862 omnem
1611 3797 1974 3861 Tul-carum
2016 3802 2122 3881 ty·

188 3883 521 3949 rannidem
589 3891 655 3948 et
715 3882 1106 3973 Hungariae
1171 3882 1606 3947 calamitatem
1681 3880 1986 3946 reiiciunt
2052 3880 2129 3949 in

188 3970 625 4054 evangelium,
691 3975 998 4052 putantes
1067 3978 1402 4032 tantorum
1470 3964 1791 4031 malorum
1857 3986 2123 4032 causam

189 4073 332 4119 esse.
433 4056 610 4120 Eam
665 4056 746 4120 ob
801 4075 943 4119 rem
999 4056 1237 4119 mirum
1281 4054 1350 4117 in
1395 4051 1660 4118 modum
1705 4052 2010 4119 saeviunt
2051 4050 2123 4116 in

188 4136 604 4207 Christianos.
692 4140 934 4206 Paucis
976 4140 1213 4206 abhinc
1257 4137 1489 4203 diebus
1545 4135 1868 4221 quendam
1927 4136 2124 4203 Obri-

189 4225 464 4291 stianum
525 4226 1049 4292 combusserunt:
1125 4226 1270 4291 aliis
1328 4224 1580 4289 civibus
1635 4224 1807 4288 bona
1859 4244 1933 4289 ac
1983 4222 2124 4293 ,for-

188 4317 371 4378 tunas
412 4312 768 4398 diripiunt,
826 4312 990 4377 alios
1033 4311 1383 4379 conficiunt
1424 4311 1494 4373 in
1538 4328 1894 4387 carcerem,
1953 4306 2127 4392 quod

190 4406 371 4462 antea
438 4418 585 4463 nun
630 4418 783 4463 uam
852 4398 1093 4465 factum
1166 4398 1395 4463 fuerat.
1522 4394 1965 4459 Nihilominus
2028 4393 2126 4458 illi

189 4482 533 4549 miserrimi
636 4483 960 4562 hristiani,
1005 4502 1207 4566 quum
1242 4482 1447 4548 tantis
1481 4480 1959 4548 calamitatibus
1994 4479 2128 4544 sint

189 4567 479 4648 subiecti,
526 4579 752 4637 tamen
805 4590 940 4637 non
997 4578 1261 4639 cessant
1325 4567 1552 4633 audire
1618 4576 1686 4630 et
1746 4564 2126 4649 praedicare

187 4652 444 4720 verbum
490 4654 641 4734 Dei,
687 4656 887 4720 etiam
929 4677 1078 4721 cum
1138 4654 1427 4737 periculo
1480 4655 1656 4718 vitae
1713 4660 1780 4717 et
1830 4651 2125 4716 omnium

188 4735 516 4806 bonorum.
619 4738 845 4821 Quum
899 4761 1054 4824 ergo
1109 4741 1237 4805 ista
1295 4737 1487 4804 audio
1553 4746 1619 4804 et
1682 4737 1893 4821 cogito
1909 4789 1924 4816 ,
1994 4756 2125 4801 non

192 4841 439 4904 possum
484 4847 595 4890 me
636 4824 939 4893 cohibere
980 4847 1025 4890 a
1053 4825 1343 4891 maximo
1378 4824 1577 4891 luctu.
1665 4823 1815 4889 Etsi
1858 4841 2126 4905 corpore

194 4908 265 4972 ab
304 4909 433 4976 illis
477 4912 706 4995 procul
751 4913 893 4990 sim,
939 4911 1158 4976 animo
1192 4920 1414 4976 tamen
1451 4930 1598 4975 sum
1633 4929 1941 4992 praesens
1976 4928 2125 4973 cum

194 4990 341 5074 illis,
400 5005 468 5062 et
528 5018 663 5062 una
718 5018 865 5063 cum
924 4997 1056 5064 illis
1111 4997 1342 5080 patior.
1456 4996 1813 5061 Praeterea
1878 4992 2127 5058 duobus

196 5081 497 5160 proximis
581 5083 772 5149 annis
847 5083 1152 5149 continue
1212 5082 1420 5149 saevit
1483 5082 1685 5165 pestis
1749 5080 1990 5145 mirum
2055 5078 2129 5143 in

198 5163 444 5232 modum
499 5189 624 5251 per
684 5177 889 5234 totam
953 5169 1370 5253 Hungariam
1387 5219 1401 5244 ,
1461 5168 1556 5232 ita
1617 5175 1694 5231 ut
1758 5165 2128 5249 quicunque

198 5248 449 5317 fuerunt
490 5253 827 5334 doctiores,
868 5262 1011 5320 tum
1048 5255 1122 5319 in
1164 5253 1452 5333 ecclesia,
1495 5262 1637 5318 tum
1670 5252 1743 5316 16
1774 5249 2126 5335 republica,

200 5346 366 5416 peste
426 5338 670 5405 sublati
727 5341 861 5407 sint
923 5361 1164 5406 omnes.
1278 5336 1388 5405 Ad
1447 5339 1569 5404 hoc
1633 5338 1812 5404 aliud
1877 5335 2128 5402 malum

2215 627 2513 696 additum
2556 635 2673 694 est.
2740 628 2974 695 Mense
3012 627 3185 698 Iulio
3227 627 3582 730 superioris
3615 629 3776 696 anni
3795 631 4162 699 maximum

2369 734 2455 777 en
2493 714 2894 780 locustarum
2936 712 3273 782 advolavit
3313 737 3384 782 16
3425 714 3863 800 Hungariam‚
3913 740 3987 785 ac
4029 741 4162 784 666

2216 798 2320 864 die
2386 798 2724 865 devoravit
2790 820 3016 865 omnes
3073 800 3322 865 fructus
3387 801 3529 884 agri
3545 852 3562 879 ,
3629 802 3807 867 unde
3871 805 4165 869 maxima

2214 884 2420 950 fames
2463 894 2866 970 consequuta
2905 893 3024 954 est.
3111 884 3337 968 Quum
3393 886 3685 952 viderem
3742 894 3999 954 tantam
4053 911 4162 956 cae

2214 969 2572 1036 lamitatem
2594 970 2864 1055 patriae,
2899 971 3095 1038 etiam
3117 971 3326 1042 literis
3347 974 3741 1038 nostratium
3769 973 4162 1052 admonitus,

2216 1053 2453 1121 deinde
2516 1064 2899 1140 paupertate
2961 1077 3215 1140 quoque
3276 1066 3553 1141 urgente
3568 1108 3583 1135 ,
3661 1059 3866 1124 statui
3927 1061 3996 1124 in
4057 1061 4164 1125 his

2216 1142 2533 1224 proximis
2576 1140 2889 1207 nundinis
2933 1141 3146 1207 redire
3187 1144 3256 1207 in
3299 1144 3599 1226 patriam,
3650 1152 3726 1209 ut
3766 1166 4020 1229 possem
4065 1146 4165 1211 illi

2218 1226 2497 1292 afflictae
2519 1226 2827 1293 ecclesiae
2861 1228 3203 1293 inservire.
3270 1225 3432 1293 Sive
3465 1227 3590 1294 hoc
3631 1231 3748 1295 fiat
3790 1251 3907 1312 per
3948 1251 4164 1296 meam

2219 1311 2442 1389 vitam,
2500 1313 2638 1379 sive
2694 1333 2816 1395 per
2867 1320 3176 1392 mortem,
3236 1334 3369 1379 non
3428 1333 3617 1380 curo:
3674 1314 3868 1381 modo
3921 1318 3988 1381 in
4033 1315 4163 1382 Dei

2218 1397 2495 1482 gloriam
2559 1395 2765 1464 cedat.
2873 1398 3025 1465 Etsi
3087 1406 3265 1465 certo
3333 1399 3532 1465 sciam
3550 1451 3567 1478 ,
3626 1421 3711 1466 ex
3772 1423 3908 1467 una
3973 1411 4164 1487 parte

2219 1483 2584 1566 periculum
2626 1483 2793 1549 mihi
2835 1484 3188 1552 imminere
3220 1504 3261 1549 a
3301 1485 3518 1551 Turca
3533 1536 3549 1564 ,
3611 1506 3696 1551 ex
3753 1487 3882 1552 alia
3929 1509 4083 1554 vero
4126 1507 4166 1552 a

2219 1568 2525 1652 tyrannis
2593 1574 2660 1633 et
2724 1570 3299 1652 persequutoribus
3353 1571 3652 1637 veritatis
3665 1623 3683 1651 ,
3749 1579 3972 1638 tamen
4035 1574 4166 1638 ista

2220 1661 2568 1720 contemno
2610 1660 2677 1720 et
2719 1674 2764 1718 a
2800 1662 3101 1738 suscepto
3141 1656 3378 1722 itinere
3432 1676 3568 1721 non
3613 1655 3940 1724 desistam.
4027 1659 4165 1723 Ita-

2221 1759 2346 1822 que
2391 1748 2458 1804 te
2501 1758 2633 1817 oro,
2679 1740 2770 1804 mi
2815 1740 3077 1806 domine
3100 1739 3374 1820 Calvina,
3418 1742 3499 1808 ob
3534 1744 3870 1809 caritatem
3890 1744 4164 1821 Christi,

2218 1832 2297 1926 ut
2339 1824 2630 1910 digneris
2684 1845 2908 1909 preces
2960 1825 3234 1892 fundere
3289 1826 3372 1892 ad
3424 1826 3646 1894 Deum
3696 1837 3946 1912 patrem
3961 1881 3976 1908 ‚
4034 1851 4169 1895 666

2221 1929 2373 1975 cum
2428 1915 2565 1976 tota
2627 1907 2898 1977 ecclesia
2963 1920 3210 1991 vestra,
3280 1933 3398 1995 pro
3457 1912 3580 1980 hac
3648 1915 3872 1980 nostra
3927 1916 4167 1982 afflicta

2221 1995 2524 2075 66616616,
2579 2003 2655 2060 6ι
2705 2003 2896 2079 66ι61·
2957 1996 3068 2062 1116
3133 1998 3499 2064 misericors
3566 2000 3708 2064 miti
3756 2008 3823 2066 et
3887 2021 4169 2084 poenam

2219 2080 2472 2145 illatam
2516 2090 2776 2147 nostrae
2820 2079 3098 2148 afflictae
3139 2082 3464 2149 ecclesiae.
3531 2085 3706 2150 Dein
3753 2107 3789 2152 6
3811 2087 3940 2152 tuis
3962 2086 4168 2153 literis

2219 2185 2304 2231 ne
2345 2164 2605 2233 desinas
2642 2187 2748 2231 166
2788 2187 3085 2233 recreare
3127 2188 3201 2234 ac
3235 2168 3582 2235 consolari:
3622 2192 3777 2236 nam
3821 2192 3940 2255 per
3989 2171 4172 2238 Wen-

2221 2251 2501 2318 datiuum
2553 2252 2739 2319 facile
2807 2253 3052 2337 poteris
3121 2253 3203 2320 ad
3270 2276 3373 2319 me
3447 2254 3670 2321 literas
3743 2256 3918 2323 dare.
4021 2256 4170 2324 Scis

2223 2337 2399 2408 enim
2436 2347 2756 2420 quantum
2790 2338 3109 2406 eiusmodi
3141 2338 3441 2406 homines
3476 2353 3713 2425 egeant
3733 2342 4173 2410 consolatione

2223 2422 2461 2487 talium
2502 2423 2812 2489 virorum.

2396 2507 2573 2575 Huic
2645 2530 2790 2574 meo
2870 2509 3077 2577 dolori
3155 2532 3230 2577 ac
3310 2510 3514 2576 luctui
3579 2521 3838 2594 praeter
3906 2531 4171 2578 omnem

2225 2613 2440 2659 meam
2487 2614 2670 2677 spem
2713 2594 2890 2660 aliud
2931 2596 3103 2661 male
3158 2595 3404 2662 accidit.
3493 2595 3665 2661 Nam
3717 2618 3917 2681 quum
3961 2616 4173 2665 essem

2226 2678 2403 2764 apud
2446 2699 2585 2760 vos,
2620 2680 2852 2747 Ioanni
2894 2680 3279 2764 bibliopolae
3311 2690 3535 2748 vestro
3567 2684 3739 2749 66616
3769 2682 4094 2750 Guillelmi
4113 2683 4172 2766 ⁸)

2227 2763 2678 2832 commendavi
2731 2788 2910 2833 meas
2980 2766 3298 2846 sarcinas,
3358 2776 3702 2851 propterea
3766 2767 3939 2851 quod
4003 2777 4180 2835 esset

2226 2850 2423 2916 homo
2463 2850 2613 2935 pius
2657 2857 2725 2915 et
2767 2851 2927 2918 mihi
2973 2853 3252 2933 amicus,
3308 2853 3412 2919 661
3461 2863 3725 2920 ι66ι661
3767 2854 4176 2920 confidebam

2226 2943 2548 3019 quantum
2596 2935 2849 3003 homini
2900 2937 3253 3004 christiano
3310 2959 3386 3003 66
3418 2938 3629 3016 fratri,
3682 2947 3760 3005 ut
3802 2960 3998 3023 quam
4042 2941 4174 3025 pri-

2227 3043 2409 3087 mum
2452 3023 2594 3087 fieri
2632 3034 2850 3107 posset
2887 3045 2995 3091 res
3028 3044 3207 3090 meas
3242 3024 3325 3091 ad
3359 3045 3468 3090 me
3502 3025 3858 3091 mittendas
3893 3033 4172 3093 curaret.

2225 3108 2351 3173 Ille
2392 3109 2640 3192 recepit
2680 3111 2749 3174 in
2793 3110 2991 3175 fidem
3035 3132 3222 3176 suam
3259 3133 3329 3177 se
3365 3111 3532 3176 velle
3555 3133 3783 3177 curare
3805 3120 3873 3176 et
3892 3112 4176 3192 mittere,

2226 3195 2426 3259 etiam
2484 3195 2541 3258 si
2594 3196 2818 3262 abesse
2873 3206 3245 3280 cogeretur,
3301 3198 3439 3279 ipse
3495 3208 3714 3262 tamen
3772 3197 3932 3261 velit
3997 3219 4175 3264 com-

2224 3279 2540 3344 mendare
2583 3281 2688 3346 vel
2731 3284 2921 3347 uxori
2964 3280 3070 3347 vel
3116 3282 3289 3348 socio
3332 3302 3481 3358 suc,
3535 3304 3664 3365 quo
3711 3283 4048 3349 commode
4091 3283 4178 3349 ad

2227 3386 2332 3430 me
2374 3365 2809 3431 mitterentur.
2897 3367 3040 3432 Iam
3083 3368 3166 3431 ab
3221 3388 3297 3433 eo
3350 3378 3643 3450 tempore
3699 3370 4192 3452 praeterierunt·

2229 3470 2345 3515 sex
2400 3470 2687 3516 menses:
2762 3450 2974 3519 adhuc
3025 3452 3324 3518 nondum
3391 3455 3606 3537 accepi
3680 3474 3786 3520 res
3855 3473 4033 3519 meas
4101 3455 4176 3519 in

2226 3542 2413 3601 tanta
2447 3538 2937 3620 opportunitate
2969 3536 3292 3617 mittendi,
3336 3540 3721 3622 praesertim
3749 3561 3948 3624 quum
3977 3539 4178 3605 etiam

2227 3622 2367 3704 1666
2420 3622 2555 3687 iam
2605 3624 2729 3688 sim
2787 3624 2856 3688 16
2912 3625 3163 3689 itinere.
3274 3623 3509 3690 Socius
3572 3646 3729 3690 suus
3800 3625 4182 3691 Guilzelmm

2228 3708 2434 3784 venit,
2492 3717 2746 3774 tantum
2805 3709 3031 3774 attulit
3071 3709 3297 3775 literas
3342 3711 3548 3775 nostri
3611 3711 3885 3790 Gelasii,
3939 3732 4014 3776 66
4071 3730 4176 3776 re·

2228 3792 2493 3875 spondit
2533 3814 2608 3858 se
2648 3816 2782 3861 non
2826 3796 3116 3878 potuisse
3150 3814 3257 3860 res
3298 3816 3479 3861 meas
3521 3817 3671 3863 cum
3707 3797 3843 3862 suis
3863 3796 4053 3875 ferre,
4099 3816 4178 3862 eo

2227 3877 2398 3959 quod
2443 3898 2559 3944 vas
2602 3898 2732 3945 non
2776 3881 2936 3946 satis
2988 3881 3115 3946 fuit
3168 3900 3392 3964 capax.
3495 3882 3586 3946 Et
3636 3881 3738 3948 sic·
3771 3880 4196 3966 negligentia·

2226 3962 2405 4028 illius
2449 3964 2604 4029 boni
2647 3967 2768 4031 viri
2813 3984 2924 4031 res
2965 3965 3131 4030 mihi
3183 3974 3492 4049 pereunt,
3545 3987 3668 4032 nec
3717 3985 4006 4050 unquam
4060 3985 4177 4050 po-

2228 4056 2454 4114 terunt
2504 4049 2808 4133 deinceps
2866 4051 2950 4118 ad
3001 4072 3110 4117 me
3163 4060 3298 4116 tam
3352 4051 3580 4135 procul
3634 4054 3994 4137 pervenire.
4082 4052 4180 4118 Ut

2227 4135 2511 4219 ingenue
2556 4136 2779 4215 fatear,
2823 4137 3202 4203 maluissem
3237 4135 3518 4203 sedecim
3541 4148 3880 4204 coronatos
3903 4137 4177 4221 perdere

2227 4241 2426 4302 quam
2484 4241 2590 4286 res
2646 4242 2825 4288 meas
2882 4223 2975 4288 sio
3030 4223 3363 4302 amittere,
3418 4225 3539 4288 etsi
3584 4245 3713 4289 non
3756 4232 4016 4288 tantum
4061 4244 4177 4288 va-

2228 4305 2434 4384 leant,
2491 4314 2715 4372 tamen
2772 4307 2931 4372 mihi
2987 4317 3178 4373 erant
3229 4307 3422 4376 valde
3473 4308 3682 4375 utiles.
3771 4309 3903 4374 Η16
3954 4318 4178 4374 noster

2230 4391 2503 4457 Ioanne-s*
2543 4414 2665 4459 sua
2703 4393 3105 4478 negligentia
3145 4414 3256 4459 me
3297 4394 3632 4458 hominem
3677 4403 3980 4460 exterum
4023 4415 4176 4460 con·

2228 4476 2384 4542 iecit
2431 4478 2502 4541 in
2540 4478 2869 4544 damnum.
2950 4478 3146 4545 Certe
3190 4500 3525 4562 nunquam
3560 4487 3719 4563 puto
3761 4500 3869 4545 me
3910 4478 4184 4563 posthac

2228 4582 2335 4627 res
2378 4584 2560 4628 meas
2599 4574 3050 4647 accepturum,
3103 4564 3232 4630 nisi
3273 4572 3349 4629 tu
3392 4584 3512 4647 per
3565 4566 3790 4632 literas
3834 4565 4183 4649 diligenter

2232 4648 2444 4732 egeris
2499 4671 2651 4715 cum
2709 4650 3097 4716 Wendelino:
3147 4649 3259 4714 illc
3316 4651 3599 4716 multum
3657 4652 3895 4734 poterit
3950 4651 4182 4717 iuvare

2230 4754 2315 4799 ne
2359 4735 2630 4799 omnino
2667 4744 2958 4819 pereant.
3159 4776 3162 4781 >

2401 4820 2726 4885 Revertor
2779 4821 2862 4887 ad
2920 4821 3341 4905 propositum.
3444 4820 3732 4887 Obsecro
3791 4830 3886 4897 te,
3947 4823 4040 4889 mi
4093 4822 4179 4889 D.

2235 4902 2509 4981 Calvina
2555 4908 2795 4972 vostris
2838 4907 3139 4990 precibus
3181 4908 3425 4972 instate
3466 4907 3639 4990 apud
3675 4907 3892 4971 Deum
3929 4918 4181 4990 patrem

2230 5011 2348 5073 pro
2394 4991 2519 5055 hac
2563 5004 2787 5058 nostra
2830 4994 3090 5060 adflicta
3133 4993 3422 5071 ecclesia,
3467 5013 3591 5075 quo
3634 4992 3957 5059 Dominus
3999 4992 4185 5057 illam

2436 5280 2494 5350 3)
2533 5284 2797 5339 Ioannem
2857 5282 2968 5337 scil.
3023 5280 3350 5348 Girardum,
3417 5281 3758 5338 Guillelmum
3801 5283 4036 5349 fortasse
4083 5281 4184 5336 Du

2232 5352 2369 5408 Bois
2403 5354 2690 5424 siqniftcat.
3702 5434 3765 5489 4·
