4825 6175
183 445 297 509 605

179 638 276 699 cst
354 628 469 697 uin
512 630 743 698 invitis
784 629 1091 698 omnibus
1133 628 1464 696 malarum
1499 647 1849 696 causarum
1903 636 2126 714 patro-

177 716 279 784 nis
386 717 647 783 ominus
688 717 991 800 superior
1024 713 1279 783 evadat.
1370 713 1548 781 Sunt
1587 714 1719 782 ista
1761 715 2128 782 certamina

178 804 449 872 certiora
518 804 615 869 tui
681 803 1032 869 ministerii
1088 802 1470 869 testimonia
1537 811 1606 867 et
1664 800 1850 867 velut
1906 822 2126 868 sacra-

176 895 408 955 menta.
498 889 672 955 Nam
715 910 848 973 quo
890 888 1158 973 gravius
1214 886 1561 972 impetitur
1615 908 1691 952 eo
1735 887 1982 954 certius
2011 893 2128 957 ‚est

176 984 648 1060 argumentum,
704 976 925 1060 ipsum
983 995 1129 1041 esse
1170 972 1521 1040 admodum
1565 993 1772 1057 grave
1815 973 2124 1039 Satanae.

176 1061 321 1127 Non
362 1069 539 1129 esset
577 1069 800 1127 autem
832 1080 1056 1146 grave,
1102 1060 1234 1126 nisi
1276 1060 1338 1125 ei
1386 1057 1576 1125 valde
1619 1069 1796 1124 esset
1838 1057 2123 1125 exitiale.

179 1145 322 1227 Quo
366 1154 588 1213 autem
632 1147 1103 1231 periculosiora
1156 1156 1310 1212 sunt
1357 1146 1719 1210 certamina
1761 1166 1837 1211 eo
1882 1145 2126 1230 glorio·

175 1234 305 1298 sior
359 1242 462 1299 est
515 1253 756 1300 corona
812 1231 1278 1316 exspectanda.
1379 1230 1567 1312 Quos
1619 1240 1970 1298 evecturus
2026 1238 2130 1297 est

172 1316 515 1397 Dominus,
559 1340 671 1385 eos
714 1318 887 1384 solet
928 1319 1326 1402 deprimere,
1394 1335 1606 1401 neque
1652 1337 1942 1401 unquam
1986 1317 2127 1400 glo-

173 1404 403 1556 ffim'
423 1413 1024 1573 ssffiwffl..
1062 1425 1260 1554 Ἥ..
1277 1401 2132 1555 ⁰3¹¹³30320¹232251301ss¹3

174 1575 420 1642 militia.
539 1576 730 1642 Nosti
785 1576 1074 1641 hostium
1133 1577 1476 1660 ingenium
1494 1626 1510 1653 ,
1579 1577 1753 1640 nosti
1810 1583 1877 1641 et
1928 1596 2127 1658 quam

174 1670 401 1746 potens
459 1662 548 1728 sit
605 1664 717 1746 qui
772 1662 844 1727 in
902 1670 968 1727 te
1025 1672 1352 1745 operatur.
1460 1659 1788 1726 Dominus
1833 1679 1964 1726 non
2008 1681 2126 1744 pa·-

175 1749 369 1815 tietur
413 1768 610 1815 ruere
651 1745 824 1831 quod
865 1748 1117 1831 potenti
1169 1768 1290 1814 sua
1342 1767 1547 1812 manu
1595 1746 1831 1813 fulcire
1888 1746 2123 1830 coepit.

174 1833 415 1901 Valent
457 1834 683 1900 hostes
725 1834 1076 1899 autoritate
1120 1843 1190 1900 et
1233 1833 1556 1917 potentia,
1618 1832 1734 1899 sed
1776 1853 1896 1899 nos
1940 1852 2128 1897 arma

175 1919 491 1986 habemus
535 1920 729 2004 longe
774 1920 1137 1985 efficaciora
1150 1971 1166 1998 ,
1226 1939 1454 2002 preces
1512 1918 1761 1985 scilicet
1802 1926 1869 1984 et
1910 1918 2125 2004 lacry-

173 2025 327 2086 mas,
372 2005 611 2090 quibus
654 2005 710 2071 si
764 2004 1260 2088 interpellemus
1302 2013 1558 2088 patrem
1601 2005 1950 2072 coelestem
1966 2055 1983 2084 ,
2039 2005 2131 2069 fa·

175 2091 298 2158 ciet
329 2099 408 2158 ut
450 2111 954 2176 perrumpamus
998 2092 1234 2157 omnia.
1308 2089 1441 2173 Qui
1486 2090 1604 2156 tibi
1649 2090 1861 2157 adfuit
1901 2090 2126 2157 hacte-

174 2199 294 2244 nus
356 2197 538 2243 nunc
614 2178 891 2243 minime
968 2197 1157 2244 suam
1235 2197 1499 2243 causam
1565 2176 1944 2243 deserturus
2008 2183 2125 2242 est.

175 2261 440 2349 Collega
485 2283 671 2329 meus
689 2265 748 2339 2)
794 2263 1086 2328 Bernam
1128 2282 1280 2328 cum
1328 2261 1587 2329 Sulzoro
1628 2262 1960 2346 profectus
2006 2271 2126 2329 est.

175 2347 482 2416 Salutant
523 2357 592 2415 te
635 2349 848 2415 nostri
882 2369 1107 2415 omnes
1143 2370 1293 2414 cum
1327 2347 1593 2433 collegis
1629 2357 1697 2413 et
1739 2348 2129 2434 symmystis

170 2435 487 2503 omnibus.
575 2434 765 2502 Uxor
807 2456 956 2500 mea
999 2443 1065 2499 te
1109 2442 1177 2499 et
1217 2455 1494 2500 uxorem
1543 2433 1901 2519 plurimum
1947 2435 2128 2500 salu-

171 2530 290 2599 tat,
369 2542 569 2606 quam
635 2540 759 2605 ego
841 2540 1094 2604 quoque
1168 2520 1530 2605 plurimum
1596 2521 1854 2587 salvere
1915 2519 2123 2603 cupi0.

170 2605 496 2674 Dominus
539 2606 660 2673 tibi
703 2606 875 2673 adsit
915 2613 1237 2690 perpetuo
1271 2607 1346 2671 in
1388 2607 1596 2672 tantis
1638 2605 2123 2674 certaminibus.

170 2691 349 2759 Vale.
443 2694 838 2759 Lausannae
884 2696 985 2758 26.
1032 2691 1178 2758 Oct.
1231 2697 1417 2757 1547.

1148 2830 1332 2896 'l'uus
1373 2830 1619 2896 Petrus
1659 2829 1952 2896 Viretus.
2043 2784 2048 2787 -

337 3034 646 3103 Gratiam
697 3033 908 3102 habeo
959 3035 1135 3121 quod
1193 3039 1367 3102 inter
1424 3043 1524 3102 tot
1581 3056 1657 3102 ac
1700 3045 1836 3102 tam
1890 3056 2128 3120 graves

172 3130 234 3186 et
275 3122 587 3188 molestas
644 3122 1100 3207 occupationes
1157 3122 1467 3208 dignatus
1521 3122 1613 3198 sis
1665 3122 1834 3188 meis
1890 3144 2126 3206 parum

170 3217 234 3273 te
277 3207 501 3293 dignis
557 3214 627 3273 et
678 3218 795 3274 tua
851 3208 1221 3276 eruditione
1275 3208 1836 3276 lucubrationibus
1880 3206 2129 3291 aliquid

171 3291 320 3360 dare
364 3294 713 3377 temporis:
770 3315 937 3379 quae
994 3297 1050 3362 si
1106 3294 1222 3361 tibi
1280 3294 1391 3362 vel
1442 3295 1665 3379 aliqua
1719 3301 1975 3360 tautum
2019 3315 2128 3359 ra-

170 3379 340 3446 tione
381 3380 705 3466 placeant,
751 3381 918 3446 mihi
960 3382 1123 3447 satis
1157 3382 1469 3465 probatae
1503 3379 1923 3446 videbuntur.
1993 3376 2129 3445 Sed

169 3487 398 3532 vereor
433 3487 520 3531 ne
560 3487 728 3550 quae
763 3474 1149 3550 sequuntur,
1192 3467 1262 3532 in
1299 3466 1534 3552 quibus
1568 3474 1873 3533 versatur
1913 3465 2128 3550 magis

172 3552 360 3619 cardo
396 3559 468 3618 et
498 3562 711 3618 status
759 3553 959 3619 totius
1009 3555 1513 3631 controversiae,
1556 3553 1778 3619 minus
1812 3552 1948 3618 sint
1988 3552 2129 3635 pla-

171 3638 392 3704 citura.
416 3635 476 3723 ε3)
565 3636 716 3720 Quo
773 3639 852 3704 fit
903 3648 978 3703 ut
1034 3640 1202 3704 nihil
1261 3647 1554 3705 statuere
1598 3636 2004 3704 decreverim
2048 3637 2130 3703 de

169 3723 523 3876 {shidofloe
566 3725 789 3876 οωιιέῗ
847 3731 1033 3875 tuanli
1089 3745 1436 3877 oetsssufimgn
1479 3724 1821 3893 subierint.
1851 3720 2130 3876 PAudio

215 3831 252 3875 o
322 3832 360 3876 e
448 3831 530 3876 uc
572 3831 700 3894 app
776 3831 964 3878 suros
1025 3832 1061 3876 e
1218 3834 1251 3877 s
1396 3831 1686 3878 menses.
1913 3832 1987 3876 er
2020 3830 2131 3876 eos

170 3896 425 3963 mittam
473 3904 625 3962 tuas
667 3897 894 3964 literas
937 3832 1237 3963 Berffam.
1325 3896 1497 3964 Vale
1540 3897 1798 3965 iterum.

961 4191 1368 4201 0———00—-fl—

1064 4408 1221 4481 959.

641 4564 1176 4633 DRYANDER.
1216 4563 1656 4633 OALV'INO.

346 4733 771 4819 Frequentius
812 4756 881 4803 se
938 4736 1331 4820 scripturum
1383 4737 1588 4822 fuisse
1625 4737 1798 4816 dicit,
1855 4736 1987 4802 nisi
2028 4736 2129 4802 in·

179 4820 311 4888 dies
372 4823 660 4890 tristiora
727 4843 916 4889 amm»
972 4828 1029 4888 et
1082 4823 1367 4891 omnium
1416 4825 1701 4891 animam
1754 4842 2132 4904 suspensum

188 5097 465 5292 ΜῘΞ.
482 5096 902 5303 &alm-T.
904 5136 1165 5290 ‘m
1069 5234 1123 5290 ..
1214 5168 1467 5236 w*
1522 5164 1753 5223 0...
1804 5165 2131 5318 w
2107 5239 2112 5243 ‚

385 5305 446 5373 4)
479 5303 558 5361 N.
747 5312 863 5361 aot.
896 5302 947 5358 1.
1022 5302 2132 5374 Quoctmffenecammeoamre-

183 5371 403 5443 &quibu
437 5376 666 5430 vereda
768 5389 885 5429 noa
916 5378 1013 5428 est.

1921 444 2081 507 154⁷
2127 438 2455 509 OO'I’OB.

4061 444 4186 511 606

2228 634 2512 696 tenerent.
2600 627 2692 695 Et
2730 629 2802 695 in
2851 626 3200 696 Germania
3249 648 3355 697 res
3404 629 3760 713 deploratae
3799 637 3855 697 d
3901 630 4192 698 Tridentt'

2235 714 2514 782 Satanae
2553 719 2773 780 maneta
2804 715 3125 796 permissa
3170 716 3388 798 potius
3427 735 3619 798 qaam
3660 716 3798 784 Deo
3838 718 4188 784 conmissa.
4231 730 4247 745 ²

2232 802 2412 868 Inter
2439 800 2706 883 publica
2737 800 3029 883 pericula
3074 820 3197 867 sua
3239 801 3449 882 apcius
3481 803 3742 884 privata
3773 805 3974 885 parvi
4012 801 4186 886 facit.

2530 973 2643 1039 (Ex
2679 972 3019 1042 autographo
3054 971 3186 1026 Ood.
3221 971 3460 1027 Gothani
3494 971 3615 1044 405,
3648 974 3740 1028 fol.
3775 972 3891 1042 47.)

2233 1144 2613 1212 Clarissimo
2655 1144 2794 1209 viro
2838 1144 2923 1209 D.
2973 1143 3255 1209 Iohanni
3312 1143 3585 1212 Calvino
3642 1145 3944 1213 ministro
4005 1148 4190 1216 verbi

2490 1228 2620 1295 Dei
2663 1228 3041 1295 fidelissimo
3086 1230 3159 1295 in
3205 1230 3477 1297 ecclesia
3519 1231 3915 1298 Genevensi.

2405 1365 2477 1432 S.
2517 1367 2600 1431 D.
2674 1364 3047 1433 Scriberem
3091 1368 3174 1433 ad
3208 1377 3278 1432 tc
3320 1367 3698 1452 frequenter
3732 1371 3790 1435 si
3834 1369 4191 1455 quidquam

2233 1452 2623 1520 haberemus
2667 1450 2841 1535 quod
2884 1452 2994 1517 vel
3038 1462 3105 1517 te
3143 1474 3440 1520 recreare
3481 1452 3792 1538 legendo,
3848 1456 3956 1521 vel
4001 1458 4190 1525 nobis

2230 1539 2602 1604 molestiam
2668 1538 2958 1621 aliquam
3027 1537 3248 1605 levare
3299 1548 3521 1622 posset
3584 1539 3942 1607 scribenda
4053 1542 4192 1609 Sed

2230 1646 2433 1709 quum
2477 1625 2700 1689 omnia
2742 1623 3036 1706 quotidie
3078 1625 3270 1691 nobis
3314 1628 3803 1709 exspectatione
3847 1627 4190 1695 hominum

2228 1711 2524 1777 tristiora
2580 1711 3007 1790 nuncientur,
3079 1713 3285 1777 satius
3343 1732 3487 1778 esse
3541 1713 3768 1794 putavi
3824 1714 4192 1782 combibere

2229 1798 2543 1882 privatim
2587 1816 2935 1862 aerumnas
2970 1806 3246 1876 nostras,
3292 1818 3485 1880 quam
3524 1819 3753 1864 earum
3797 1820 4190 1866 commemo·

2231 1883 2485 1949 ratione
2546 1881 2937 1965 perturbare
2997 1882 3249 1949 animos
3322 1885 3601 1949 fratrum
3620 1937 3634 1961 ‚
3702 1886 3815 1968 qui
3879 1884 4192 1953 mediocri

2231 1967 2684 2052 aequabiliquc
2740 1988 3045 2034 successu
3096 1970 3165 2034 in
3210 1970 3575 2035 ministerio
3619 1971 3996 2056 evangelico
4040 1991 4194 2038 ver-

2231 2064 2482 2121 santur.
2572 2053 2898 2134 Quamvis
2934 2054 3099 2120 haec
3140 2057 3512 2121 communia
3553 2056 3845 2139 pericula
3887 2056 3971 2123 ad
4014 2078 4193 2124 com-

2231 2162 2433 2206 mune
2495 2160 2751 2223 quoque
2804 2139 3267 2225 integrumque
3334 2140 3730 2225 reipublicae
3787 2164 4023 2228 corpus
4088 2144 4191 2208 vi-

2233 2226 2479 2292 dentur
2532 2228 2890 2310 pertinere,
2951 2227 3123 2293 sicut
3179 2228 3476 2311 graviter
3532 2237 3600 2293 et
3653 2250 3809 2294 vere
3866 2251 3907 2294 a
3950 2228 4194 2296 Solone

2234 2312 2482 2378 dictum
2542 2320 2674 2378 est:
2758 2310 2845 2378 In
2887 2312 3196 2379 thalamos
3238 2319 3571 2395 penetrant
3622 2314 3885 2396 publica
3950 2316 4191 2382 damna

2230 2404 2386 2465 tuoe.
2455 2396 2684 2481 Neque
2727 2398 3001 2481 proinde
3037 2406 3258 2464 tamen
3293 2419 3523 2466 censeo
3557 2397 3850 2466 labefieri
3891 2409 4193 2486 oportere

2231 2505 2621 2634 {onerosum
2688 2486 2982 2550 animum
3051 2485 3487 2569 periculorum
3555 2494 3735 2552 metu
3750 2538 3766 2566 ,
3832 2508 4042 2570 neque
4109 2488 4193 2552 ab

2281 2579 2510 2635 onesto
2565 2569 2674 2634 vel
2754 2570 2953 2635 etiam
3031 2572 3398 2638 necessario
3467 2571 3767 2638 instituto
3845 2572 4190 2640 retardari.

2231 2654 2367 2735 Qui
2412 2656 2590 2720 enim
2635 2655 2940 2738 promisit
2972 2678 3042 2720 se
3078 2656 3419 2723 nobiscum
3463 2657 3847 2724 adfuturum
3893 2680 4038 2724 esse
4080 2681 4192 2725 us-

2230 2762 2360 2825 que
2395 2741 2481 2807 ad
2515 2743 3144 2807 consummationem
3180 2742 3441 2821 saeculi,
3487 2745 3656 2809 vivit
3689 2744 3905 2810 adhuc
3941 2751 4009 2809 et
4036 2762 4192 2812 sua-

2229 2827 2405 2893 viter
2449 2826 2529 2892 de
2572 2827 2750 2892 coelo
2794 2825 2977 2894 videt
3012 2829 3329 2913 superbas
3371 2829 3720 2913 impiorum
3764 2831 3995 2909 minas,
4042 2850 4194 2897 con-

2232 2913 2526 2979 servabit
2570 2932 2822 2996 quoque
2856 2913 3243 2980 liberatione
3278 2914 3497 2999 aliqua
3539 2915 3843 2981 miranda
3884 2916 4193 2983 ecclesiae

2230 3019 2388 3064 suae
2440 2997 2748 3082 reliquias
2764 3050 2781 3079 ,
2836 3020 3050 3084 neque
3107 3002 3396 3085 patietur
3447 3003 3781 3087 exstingui
3839 3022 4193 3069 accensum

2232 3083 2549 3151 divinitus
2586 3106 2743 3151 suae
2777 3084 3117 3154 doctrinae
3149 3086 3390 3154 lumen.
3458 3087 3646 3154 Haec
3665 3090 4011 3172 promissio
4046 3109 4192 3156 coe-

2230 3172 2414 3237 lestis
2459 3191 2582 3237 nos
2626 3179 2999 3238 sustentare
3055 3173 3247 3239 debet
3295 3174 3366 3239 in
3424 3174 3549 3241 hoc
3601 3183 3930 3257 tempore,
3984 3197 4190 3259 quum

2232 3256 2614 3343 αὐτοκράτωρ
2657 3257 2974 3340 paulatim
3030 3260 3264 3344 incipit
3318 3260 3592 3344 prodere
3648 3260 3935 3328 occultas
3986 3262 4193 3327 animi

2232 3344 2334 3408 sui
2379 3365 2456 3410 co
2506 3343 2843 3423 'tationes,
2901 3353 2971 3410 et
3026 3345 3182 3428 quid
3241 3345 3323 3410 ab
3378 3368 3456 3411 ca
3498 3367 3695 3430 quam
3741 3347 4058 3413 hactenus
4101 3349 4190 3413 si-

2233 3428 2513 3495 mulavit
2566 3429 2800 3495 fictitia
2852 3430 3301 3497 moderatione
3357 3433 3445 3498 sit
3502 3431 4013 3515 exspectandum
4058 3455 4191 3498 non

2199 3514 2510 3581 =obscure
2567 3516 2950 3599 patefacere.
3056 3518 3397 3601 Augustae
3451 3540 3536 3583 ne
3583 3519 3718 3584 otia
3773 3518 3994 3584 omnia
4035 3518 4190 3584 reli-

2234 3602 2447 3751 {mnis
2490 3601 2980 3667 transferuntur
3024 3602 3414 3669 Tridentum
3474 3626 3513 3669 a
3614 3605 3957 3671 concilium
4018 3604 4191 3687 quod

2273 3688 2666 3771 inperatoris
2733 3688 2998 3752 nomine
3056 3689 3487 3768 instauratur,
3555 3690 3629 3755 in
3685 3690 3871 3755 cuius
3929 3688 4193 3756 decreta

2234 3773 2454 3838 iurare
2521 3779 2851 3856 coguntur
2913 3781 3122 3839 status
3190 3774 3517 3859 imperii.¹
3659 3776 4027 3842 Dissidium
4092 3784 4194 3842 est

2236 3860 2410 3924 inter
2451 3858 2813 3924 Electores.
2901 3860 3065 3925 Tres
3108 3860 3529 3927 ecclesiastici
3572 3883 3703 3928 non
3740 3861 3933 3928 modo
3971 3869 4191 3929 trans-

2231 3945 2389 4010 ferri
2435 3945 2715 4029 cupiunt
2756 3946 2978 4010 omnia
3012 3945 3417 4026 Tridentum,
3462 3947 3611 4012 freti
3654 3949 3948 4031 potentia
3990 3958 4058 4014 et
4090 3948 4190 4014 fa-

2234 4051 2395 4096 vore
2439 4030 2771 4097 Caesaris:
2835 4050 2964 4114 qua
3005 4032 3076 4095 in
3120 4033 3451 4099 sententia
3490 4033 3624 4099 illis
3668 4054 3923 4118 quoque
3965 4054 4190 4100 assen-

2234 4117 2494 4182 tiuntur
2552 4115 2790 4199 reliqui
2845 4115 2960 4182 sed
3015 4116 3235 4186 rident
3290 4118 3489 4183 etiam
3546 4118 3707 4185 alios
3748 4118 3962 4202 princi
4009 4141 4079 4185 es
4122 4125 4193 4184 et

2235 4202 2570 4281 electores,
2616 4201 3022 4287 postulantes
3079 4202 3276 4269 fidem
3333 4204 3663 4288 publicam
3705 4204 3956 4271 doctori
4000 4226 4078 4270 us
4120 4211 4192 4268 et

2234 4288 2445 4372 princi
2493 4288 2640 4353 ibus
2679 4287 3202 4371 protestantium,
3247 4290 3359 4373 qui
3394 4292 3788 4357 sententiam
3822 4289 3895 4354 in
3936 4287 4188 4375 synodo

2233 4381 2396 4441 sunt
2487 4374 2705 4440 ’cturiz
2753 4374 2885 4454 ubi,
2930 4384 3253 4458 quantum
3286 4375 3358 4440 in
3401 4377 3772 4459 praesentia
3811 4375 3965 4440 licet
4005 4373 4188 4439 eolli-

2231 4481 2408 4544 gere,
2448 4460 2631 4525 nulla
2670 4458 2881 4526 libera
2924 4482 3053 4526 vox
3097 4461 3452 4546 emittetur,
3498 4462 3719 4529 omnia
3756 4481 3873 4544 pro
3916 4459 4190 4525 arbitrio

2233 4553 2301 4612 et
2334 4545 2558 4611 furore
2584 4546 3060 4612 monachorum
3096 4557 3576 4631 pervertentur.
3647 4545 4017 4631 Ingemisco
4051 4556 4190 4611 toto

2232 4640 2499 4716 pectore
2544 4632 2798 4715 quoties
2839 4633 3274 4700 vastationem
3317 4632 3718 4699 Germaniae
3758 4631 4186 4716 contemplor,

2233 4725 2303 4783 et
2345 4726 2485 4782 tam
2529 4716 2955 4784 manifestum
2998 4718 3241 4785 diaboli
3282 4717 3575 4786 furorem
3619 4716 3973 4784 considero.
4049 4715 4187 4782 Sed

2234 4801 2408 4869 nihil
2469 4803 2705 4870 iuvant
2767 4804 3118 4890 lacrymae.
3229 4804 3546 4872 Precibus
3608 4801 3868 4888 pulsare
3928 4810 4191 4885 oportet

2268 5025 2410 5080 050.
2447 5024 2508 5090 1)
2551 5024 2841 5094 Gonnum
2881 5026 3199 5097 principum
3247 5033 3299 5082 et
3342 5023 4192 5082 macedonianam-mes

2233 5110 2323 5149 res
2366 5093 2445 5150 ad
2490 5111 2524 5150 r
2586 5096 2597 5107 '
2642 5096 2654 5109 ‘
2757 5167 2768 5177 ι
2843 5097 3179 5178 Μυσαίου
3210 5096 3441 5151 coo-caio
3474 5091 3866 5148 diiudicandae
3910 5108 4193 5176 runcare

2233 5163 2517 5288 32¹⁶&ss
2546 5179 2796 5289 0...ae
2811 5161 4192 5312 W⁸Q22¹²m⁰aefflmmfflifimf“m

2235 5302 2467 5356 caseata
2624 5304 2633 5314 '
2836 5316 2952 5358 em
2982 5303 3202 5372 perhibe
3236 5308 3295 5356 at
3339 5307 3389 5355 et
3431 5298 3869 5366 reformationem
3916 5316 3979 5355 m
4012 5302 4191 5371 capite

2235 5377 2286 5425 et
2317 5370 2569 5425 membris
2588 5371 2892 5441 flayu'tabat.
2951 5371 3148 5438 (Steid.
3170 5369 3266 5425 ΠΙ.
3303 5367 3375 5421 43
3396 5384 3508 5438 sqq.
3571 5366 3769 5424 Ranke
3801 5367 3864 5425 V.
3886 5384 3948 5438 p.
3969 5367 4008 5422 5
4045 5368 4203 5440 sqq.)
