4825 6175
626 479 709 542 47
2177 468 2707 537 EPISTOLAE
2754 472 3098 535 623-624
4553 467 4622 530 48

1525 657 1679 730 623.

1161 794 1634 863 OALVINUS
1678 794 2052 860 VIRETO.

805 970 1126 1037 Hectorem
1168 969 1421 1050 eiusque
1454 967 1739 1050 psalmos
1785 966 1874 1031 ad
1917 986 2059 1031 eum
2099 968 2372 1033 remittit.

635 1144 740 1212 (Ex
774 1140 1115 1263 autographo
1134 1138 1510 1221 (jod-‘Genea
1554 1136 1669 1205 106,
1704 1137 1797 1193 fol.
1836 1135 1952 1190 129.
2024 1137 2264 1192 Exstant
2297 1142 2586 1220 praeterea

633 1212 966 1281 exemplaria
1041 1209 1296 1263 onvillaei
1343 1207 1473 1262 Cod.
1527 1205 1671 1267 111⁸,
1716 1207 1809 1260 fol.
1860 1205 1895 1259 6
1929 1222 2104 1272 verso,
2141 1207 2419 1260 Turretmi
2455 1206 2583 1261 Cod.

633 1279 751 1349 111,
799 1280 894 1334 fol.
942 1276 1060 1344 112,
1108 1279 1385 1331 Beruense
1421 1276 1564 1346 Epp.
1618 1274 1749 1330 VII.
1789 1292 1842 1344 p.
1891 1273 2009 1340 658,
2060 1275 2277 1329 Simleri
2314 1275 2433 1328 Vol.
2470 1274 2583 1339 57.)

629 1468 846 1533 Fideli
889 1465 1160 1532 Domini
1214 1465 1422 1530 nostri
1476 1465 1632 1529 Iesu
1677 1463 1930 1529 Christi
1973 1485 2164 1529 servo
2209 1463 2409 1528 Petro
2466 1462 2586 1527 Vi·

630 1564 772 1621 1010
816 1552 1312 1619 Lausannensis
1365 1550 1675 1650 ecclesiae
1731 1549 1978 1634 pastori
2035 1549 2224 1615 fratri
2267 1558 2336 1613 et
2377 1550 2586 1615 amico

1431 1656 1788 1702 canssimo.

830 1773 881 1841 S
950 1771 1149 1855 Quod
1206 1795 1413 1839 unum
1466 1772 1658 1856 petiit
1712 1770 1941 1838 Hector
1993 1770 2175 1836 nullo
2233 1771 2494 1856 negotio
2551 1793 2590 1837 a

632 1883 740 1927 me
782 1860 1180 1946 impetravit,
1225 1870 1300 1924 ut
1344 1857 1424 1923 de
1469 1858 1604 1924 suis
1632 1858 1961 1941 opusculis
2004 1868 2118 1922 tuo
2162 1856 2399 1922 iudicio
2446 1869 2585 1924 sta-

633 1968 873 2013 remus.
961 1946 1172 2011 Porro
1208 1945 1393 2011 dabis
1430 1945 1693 2009 veniam
1737 1942 1906 2027 quod
1943 1943 2062 2008 tibi
2098 1943 2222 2008 hoc
2257 1944 2584 2026 imponam

633 2032 868 2099 oneris.
969 2031 1200 2114 Neque
1256 2033 1434 2096 enim
1489 2030 1681 2095 aliter
1735 2028 1916 2113 potui
1968 2029 2232 2113 utrique
2288 2038 2588 2095 vestrum

632 2138 887 2184 morem
922 2138 1168 2202 gerere.
1228 2116 1395 2195 Tibi,
1441 2114 1612 2199 quod
1644 2117 1865 2200 ipsum
1900 2114 2267 2201 intelligere
2301 2116 2587 2197 volebas,

636 2202 987 2288 diligenter
1044 2224 1167 2267 sua
1219 2222 1413 2268 causa
1468 2202 1632 2266 mihi
1691 2201 1896 2267 fuisse
1950 2200 2066 2267 abs
2121 2209 2186 2266 te
2246 2202 2584 2285 scriptum.

634 2289 822 2355 Haec
878 2298 1102 2354 autem
1159 2309 1292 2353 una
1346 2288 1474 2353 fuit
1528 2288 1697 2353 ratio
1755 2308 1884 2371 qua
1939 2294 2254 2353 testatum
2306 2287 2431 2353 hoc
2489 2287 2589 2352 illi

634 2376 947 2453 facerem,
1016 2374 1071 2440 si
1134 2395 1269 2439 non
1332 2393 1704 2438 recusarem
1772 2372 1946 2456 quod
2011 2395 2219 2438 unum
2284 2374 2583 2458 urgebat.

635 2457 807 2543 Quis
852 2461 1029 2525 enim
1075 2459 1300 2526 credat
1343 2459 1512 2525 serio
1569 2470 1634 2524 te
1689 2458 1935 2542 aliquid
1993 2481 2033 2525 a
2076 2480 2184 2525 me
2228 2460 2588 2542 postulasse

635 2545 812 2631 quod
856 2567 989 2610 non
1032 2544 1426 2611 concedam?
1511 2544 1856 2626 Quantum
1915 2544 1999 2610 ad
2057 2546 2272 2629 ipsum
2317 2553 2588 2629 spectat,

636 2632 692 2698 si
740 2630 976 2698 vellem
1013 2630 1154 2696 eius
1189 2641 1342 2698 voto
1379 2631 1769 2707 satisfacere,
1813 2629 1937 2697 hoc
1971 2631 2068 2696 illi
2104 2629 2249 2697 dari
2282 2632 2587 2715 oportuit.

636 2715 812 2784 Cum
877 2716 1157 2782 Girardo
1209 2715 1505 2781 nondum
1562 2738 1712 2782 sum
1755 2716 2188 2800 colloquutus.
2276 2716 2355 2783 Si
2416 2718 2591 2783 inter

637 2825 708 2870 se
752 2803 1143 2887 transigant,
1187 2822 1307 2885 per
1351 2822 1472 2866 nos
1516 2802 1700 2867 nulla
1733 2803 1860 2867 erit
1902 2824 2103 2867 mora.
2195 2802 2589 2887 Quanquam

636 2897 813 2956 certe
858 2889 1255 2967 maluissem,
1301 2889 1515 2971 ipsum
1562 2889 1706 2954 aliis
1751 2887 2020 2972 psalmis
2058 2888 2390 2954 vertendis
2437 2888 2592 2955 dare

635 2995 922 3058 operam,
980 2995 1175 3056 quam
1229 2974 1312 3039 iis
1371 2977 1482 3057 qui
1542 2976 1674 3038 iam
1718 2975 1890 3039 versi
1933 2983 2123 3039 erant
2163 2997 2203 3040 a
2247 2973 2495 3040 Maroto
2523 2977 2591 3060 ¹).

638 3057 777 3128 Sed
822 3080 1033 3144 neque
1077 3058 1255 3126 istud
1311 3059 1591 3126 obstabit
1646 3059 1934 3127 editioni.
2024 3061 2299 3128 Praeter
2350 3059 2593 3128 librum

638 3167 834 3230 quem
879 3147 1041 3211 mihi
1085 3145 1389 3226 ostendit,
1433 3146 1752 3212 indicavit
1787 3169 1857 3213 se
1894 3147 2117 3230 plures
2152 3147 2392 3213 habere
2437 3170 2593 3214 can-

637 3233 875 3298 tilenas
893 3231 980 3318 2);
1030 3232 1111 3297 (10
1154 3234 1391 3315 quibus
1432 3243 1510 3297 ut
1554 3232 1675 3298 tibi
1717 3231 1888 3297 idem
1935 3234 2097 3298 iuris
2141 3236 2589 3317 permitterem

638 3319 916 3403 rogavit.
1025 3319 1311 3382 Tantum
1381 3318 1685 3384 admonui
1756 3339 1840 3383 ne
1906 3320 2198 3401 asperius
2262 3320 2594 3404 principes

640 3404 879 3470 alicubi
928 3404 1425 3488 perstringeret:
1484 3403 1657 3487 quod
1712 3406 2028 3469 memoria
2081 3406 2380 3471 tenebam
2439 3414 2593 3469 ante

639 3511 848 3555 annos
910 3498 1162 3573 septem
1232 3490 1450 3555 nescio
1517 3490 1673 3572 quid
1733 3490 1865 3555 tale
1939 3491 2020 3556 ab
2076 3512 2153 3556 00
2205 3492 2590 3575 profectum.

638 3572 775 3642 Sed
822 3589 894 3640 tu
938 3575 1126 3641 facile
1169 3576 1672 3655 animadvertes,
1731 3576 1789 3641 si
1846 3576 2000 3660 quid
2059 3578 2187 3642 erit
2240 3575 2410 3659 quod
2457 3598 2592 3642 non

639 3660 946 3745 expediat
985 3661 1246 3746 longius
1291 3683 1578 3727 manare.

810 3748 920 3811 Ex
965 3747 1324 3813 Germania
1382 3748 1545 3811 nihil
1610 3747 1878 3830 pridem.
1985 3747 2254 3831 Aliquot
2306 3747 2467 3814 locis
2525 3751 2594 3814 in

640 3830 865 3899 Gallia
943 3832 1314 3899 antichristi
1393 3834 1734 3899 insaniunt
1751 3833 1826 3914 ⁸).
1923 3832 2240 3918 Lugduni
2317 3836 2594 3901 ulterius

637 3939 771 3984 non
807 3926 908 3985 est
941 3919 1288 3998 saevitum,
1333 3939 1528 4003 quam
1570 3916 1740 4002 quod
1778 3927 2086 3984 tenentur
2119 3920 2311 4003 pauci
2348 3920 2419 3985 in
2455 3939 2595 3988 car-

638 4025 812 4070 cere:
877 4004 1102 4088 plures
1167 4005 1325 4089 fuga
1389 4004 1592 4089 elapsi
1652 4018 1825 4070 sunt.
1937 4005 2264 4072 Dominus
2320 4026 2593 4071 manum

638 4110 827 4156 suam
889 4090 959 4154 in
1019 4090 1276 4174 piorum
1335 4090 1613 4157 salutem
1675 4090 2003 4156 extendat.
2094 4090 2323 4172 Quum
2364 4093 2594 4159 venies

638 4174 845 4241 libere
890 4175 971 4240 de
1015 4176 1318 4241 omnibus
1362 4175 1819 4260 colloquemur.
1909 4177 2095 4258 Vale,
2142 4178 2349 4244 frater
2390 4179 2591 4244 caris-

640 4261 827 4326 sime.
917 4259 1244 4327 Dominus
1280 4272 1346 4327 te
1386 4270 1749 4328 conservet.
1798 4260 2034 4328 Saluta
2073 4263 2398 4345 Ribittum,
2451 4262 2596 4330 Coe-

636 4347 817 4424 lium,
865 4345 1202 4412 Imbertum
1247 4356 1314 4412 et
1354 4348 1518 4414 alios
1560 4347 1930 4433 diligenter,
1978 4370 2129 4415 cum
2174 4360 2288 4415 tua
2321 4350 2592 4416 familia.

639 4431 971 4498 Genevae.
1072 4438 1164 4497 15.
1211 4435 1436 4499 Martii
1489 4438 1669 4498 1545.

1551 4536 1837 4603 Ioannes
1882 4536 2203 4603 Calvinus
2248 4548 2421 4604 tuus.

674 4773 819 4828 023.
858 4773 916 4840 1)
960 4772 1114 4842 Quae
1155 4774 1281 4828 olim
1316 4774 1379 4828 iio
1416 4773 1663 4842 Proleyy.
1710 4773 1767 4827 Τ.
1818 4775 1913 4829 VI.
1962 4775 2335 4845 delibavimus,
2383 4791 2450 4829 ea
2483 4779 2596 4830 iam

637 4843 825 4909 fusius
859 4848 908 4896 et
944 4843 1157 4897 doctius
1202 4858 1240 4897 a
1280 4843 1459 4897 Felice
1491 4843 1698 4897 Boveto
1748 4844 1808 4897 V.
1847 4843 1992 4897 Clar.
2029 4846 2277 4912 exposita
2326 4846 2481 4913 leyes,
2529 4845 2596 4900 de

639 4914 977 4979 psalmom
998 4913 1241 4966 carmine
1262 4913 1459 4980 yallico
1480 4927 1755 4966 versorum
1772 4913 2045 4981 paulatim
2072 4913 2322 4968 absoluta
2341 4914 2593 4983 editione,

642 4981 728 5083 in2
752 4981 890 5034 libro
908 4995 1122 5100 ὃςσῖσεηε
1167 4979 1341 5035 edito.-
1398 4981 1637 5034 Histoire
1681 4981 1755 5034 du
1791 4983 2034 5050 psautier
2068 4982 2165 5035 des
2201 4981 2393 5051 0311000
2432 4983 2596 5037 resor-

641 5065 806 5102 moes.
849 5048 910 5180 21)
951 5117 1318 5173 Probabititer
1343 5134 1625 5188 nunquam
1660 5117 1854 5172 editas.
1908 5118 2097 5172 Etiam
2128 5119 2199 5172 H.
2224 5119 2466 5173 Boo-dier
2519 5121 2596 5184 (10

642 5186 1017 5242 Chansounier
1061 5187 1341 5255 huguenot
1385 5188 1460 5239 du
1497 5186 1579 5239 16.
1616 5186 1793 5240 siecle.
1866 5187 1992 5240 Par.
2032 5186 2187 5246 1870)
2225 5205 2421 5241 nomen
2458 5162 2596 5244 lqoe-
2646 5176 2652 5253 Ι
2706 5192 2902 5244 Postea
2944 5198 3137 5258 pastor
3183 5190 3416 5244 Bremae
3466 5191 3967 5259 cryptocalvinismi
4020 5197 4309 5244 accusatus
4361 5193 4428 5246 ab

639 5257 780 5311 toris
815 5258 1048 5322 iynorat.

3585 652 3739 725 624.

2977 790 3790 860 HARDENBERGIUS
3821 794 3871 875 ¹)
3915 790 4356 860 OALVINO.

2870 964 3204 1047 Hucusque
3241 962 3491 1046 frustra
3533 965 3751 1030 literas
3793 965 3872 1030 ab
3906 984 3977 1030 eo
4009 965 4399 1045 exspectavit,
4443 969 4626 1032 tamen

2686 1052 2890 1118 denuo
2933 1053 3113 1117 adire
3155 1070 3298 1115 eum
3340 1049 3525 1113 audet
3564 1056 3634 1115 ut
3674 1051 3751 1117 de
3806 1070 3991 1117 coena
4025 1048 4292 1115 Domini
4333 1051 4473 1116 eius
4510 1070 4628 1117 sen-

2687 1138 2944 1203 tentiam
2999 1136 3274 1202 noudum
3327 1135 3487 1200 satis
3519 1141 3916 1217 perspectam
3971 1136 4332 1202 accuratius
4393 1136 4626 1201 ediscat.

2691 1223 2875 1288 Idem
2916 1224 3085 1304 cupit
3126 1223 3230 1287 vir
3270 1241 3555 1287 summus
3592 1220 3685 1288 Io.
3732 1245 3774 1287 a
3809 1222 4010 1288 Lasco
4044 1222 4156 1304 qui
4188 1241 4393 1304 nuper
4433 1227 4628 1288 contra

2691 1307 3060 1375 Memnonem
3101 1307 3373 1389 scripsit.

3013 1480 3123 1549 (Ex
3157 1479 3496 1549 autographo
3532 1478 3663 1534 ood.
3699 1478 3903 1533 Gener.
3939 1477 4058 1548 109,
4094 1481 4185 1534 fol.
4222 1478 4333 1544 11.)

2865 1634 3256 1699 Eruditione
3320 1642 3390 1698 et
3453 1654 3617 1700 vera
3684 1634 3927 1716 pietate
3971 1633 4444 1716 spectatissimo
4502 1632 4633 1697 viro

2693 1719 2779 1784 D.
2823 1719 3064 1785 Ioanni
3110 1718 3389 1791 Calvino
3444 1718 3956 1798 Noviodunensi‚
4016 1718 4325 1785 ecclesiae
4383 1717 4633 1784 Geben-

2692 1807 2917 1872 nensis
2961 1806 3206 1889 pastori
3249 1805 3448 1890 101130
3491 1805 4001 1889 vigilantissimo
4046 1803 4311 1871 domino
4369 1823 4489 1869 suo
4532 1802 4634 1869 ob-

2692 1890 3199 1959 servandissime
3242 1890 3326 1957 ad
3368 1912 3606 1956 manus
3649 1892 3963 1975 proprias.

2695 2096 3178 2163 Devotissimus
3236 2095 3356 2162 tibi
3412 2096 3727 2163 Albertus
3769 2095 4314 2180 Hardenbergius
4368 2095 4638 2162 Frisius.

2865 2233 3116 2317 Scripsi
3154 2233 3238 2299 ad
3266 2243 3331 2299 te
3352 2234 3693 2317 aliquoties
3716 2233 4089 2317 Argentina
4102 2234 4180 2316 ²),
4220 2232 4423 2299 semel
4449 2231 4640 2296 etiam

2693 2323 2955 2398 Brema,
3009 2321 3117 2386 vir
3173 2320 3602 2397 ornatissime,
3677 2317 3792 2385 sed
3847 2319 4170 2385 hactenus
4236 2338 4371 2382 non
4436 2315 4642 2382 merui

2694 2406 2809 2473 abs
2852 2417 2918 2473 te
2960 2427 3366 2491 responsum.
3455 2404 3654 2487 Quod
3696 2415 3918 2470 tamen
3955 2405 4385 2470 vehementer
4427 2401 4639 2485 cupie-

2694 2495 2865 2571 bam,
2921 2514 3056 2558 non
3114 2500 3254 2557 tam
3306 2491 3388 2556 ob
3442 2490 3511 2556 id
3566 2490 3736 2574 quod
3792 2490 4205 2574 praeclarum
4257 2487 4425 2553 mihi
4482 2493 4642 2554 esset

2694 2588 2763 2644 et
2805 2577 3052 2661 aliquid
3108 2576 3479 2643 autoritatis
3535 2576 3805 2642 adderet
3861 2576 4036 2660 apud
4081 2576 4407 2641 auditores
4452 2593 4641 2650 meos,

2694 2686 2860 2749 quae
2905 2663 3148 2747 alioqui
3190 2662 3533 2728 mediocris
3578 2669 3694 2741 001,
3753 2683 3949 2746 quam
4006 2674 4084 2728 ut
4124 2662 4207 2727 de
4251 2661 4467 2725 dubiis
4509 2659 4642 2743 qui-

2695 2750 2973 2817 busdam
3038 2749 3533 2833 quaestionibus
3596 2769 3704 2814 me
3767 2755 4021 2814 certum
4075 2748 4339 2814 faceres.
4456 2741 4641 2827 Quod

2695 2846 2918 2902 autem
2962 2836 3211 2918 aliquot
3252 2856 3439 2900 meae
3482 2833 3797 2918 epistolae
3841 2833 3924 2899 ad
3974 2841 4040 2899 te
4076 2833 4312 2899 allatae
4347 2832 4508 2911 sint,
4551 2831 4642 2895 in·

2696 2922 2921 2989 dicant
2962 2921 3241 2986 aliorum
3287 2919 3370 2985 ad
3403 2941 3510 2984 me
3549 2920 3798 2997 literae,
3843 2927 4185 3003 practerea
4218 2917 4490 3002 quidam
4540 2914 4645 2999 qui

2696 3009 2892 3074 istinc
2958 3005 3041 3071 ad
3096 3028 3215 3072 1100
3270 3008 3707 3092 Argentinam
3768 3006 4149 3083 veniebant,
4219 3024 4295 3070 00
4355 3014 4645 3087 tempore

2698 3116 2826 3177 (1110
2863 3115 2985 3178 030
3030 3115 3114 3159 ex
3157 3094 3685 3177 peregrinatione
3729 3112 3891 3171 mea,
3939 3113 4068 3175 qua
4102 3112 4330 3157 omnes
4368 3090 4645 3156 Germa·

2696 3182 2846 3245 niae
2902 3181 3037 3246 fere
3095 3179 3402 3246 ecclesias
3462 3178 3822 3257 visitaram,
3883 3179 3965 3244 ad
4021 3180 4104 3243 D.
4166 3177 4493 3243 Buce-rum
4551 3193 4646 3239 re-

2698 3267 2963 3332 dieram.

2869 3352 3100 3417 Prima
3142 3352 3436 3434 quaestio
3479 3362 3622 3416 erat
3665 3372 3743 3416 ea
3785 3372 3951 3434 quae
3996 3370 4174 3415 nunc
4215 3370 4368 3414 cum
4408 3366 4649 3430 magna

2696 3438 2949 3503 iactura
2991 3438 3255 3521 pietatis
3297 3438 3367 3501 in
3412 3437 3685 3503 ecclesia
3726 3438 4070 3515 excitatur,
4127 3436 4260 3500 imo
4307 3435 4649 3500 resuscita-

2699 3537 2839 3601 tur,
2907 3522 2988 3588 de
3043 3522 3475 3589 eucharistiae
3532 3523 3758 3588 forma.
3869 3522 4092 3604 Quam
4156 3520 4433 3587 videbar
4492 3516 4650 3583 mihi

2697 3611 2857 3675 satis
2902 3618 3126 3692 aperte
3169 3630 3252 3674 ex
3296 3608 3719 3674 Institutione
3764 3619 3877 3674 tua
3925 3608 4248 3687 didicisse,
4309 3605 4551 3671 deinde
4592 3612 4653 3668 et

2698 3717 2782 3760 ex
2840 3695 3255 3760 Oetechismo
3310 3703 3423 3760 tuo
3480 3695 3550 3760 in
3616 3715 3744 3778 quo
3804 3696 3951 3780 1030
4017 3716 4250 3761 verum
4309 3691 4652 3758 Christum

2701 3781 2876 3847 sumi
2918 3781 2992 3845 in
3035 3800 3235 3847 coena
3278 3779 3393 3846 sed
3450 3781 3774 3864 spirituali
3813 3782 4241 3848 convectione
4283 3801 4414 3866 qua
4461 3776 4652 3842 homo

2698 3867 2911 3933 fidelis
2976 3868 3064 3932 sit
3106 3874 3469 3933 contentus.
3559 3867 3641 3932 Id
3690 3888 3811 3952 030
3857 3888 3975 3951 pro
4022 3867 4286 3933 oraculo
4327 3863 4652 3930 habebam

2700 3952 2905 4019 donec
2949 3951 3183 4019 Simon
3231 3952 3530 4018 Sulserus
3588 3954 3693 4018 vir
3735 3954 4151 4021 doctissimus
4195 3953 4364 4018 mihi
4408 3952 4653 4017 diceret

2698 4050 2765 4103 te
2808 4040 3017 4116 fateri,
3062 4038 3450 4105 miraculum
3497 4040 3878 4124 contingere
3922 4041 4094 4107 circa
4127 4061 4367 4125 panem
4406 4039 4482 4102 in
4520 4053 4652 4099 cor-

2698 4146 2856 4208 pore
2901 4124 3152 4190 Christi
3208 4126 3703 4205 sanctificatum,
3761 4137 3827 4190 et
3883 4124 4078 4191 aliam
4124 4147 4266 4192 esse
4320 4126 4394 4190 in
4454 4134 4654 4214 coen-8

2697 4211 3134 4295 praesentiam
3191 4231 3385 4293 quam
3443 4212 3514 4275 in
3569 4212 3770 4278 verbo
3828 4210 4092 4278 credit0.
4179 4210 4370 4276 Idem
4415 4216 4652 4278 assent

2697 4297 2947 4361 amicus
2992 4304 3060 4361 et
3103 4296 3339 4380 hospes
3397 4317 3583 4363 meus
3628 4297 3712 4363 D.
3759 4297 4064 4363 Bucerus.
4156 4296 4294 4363 Sed
4350 4318 4477 4382 030
4537 4294 4653 4358 hoo

2698 4405 2831 4448 non
2865 4381 3165 4466 intelligo
3201 4391 3268 4447 et
3287 4391 3447 4464 puto
3484 4381 3846 4448 doctrinam
3870 4404 4068 4467 quam
4102 4382 4655 4468 simplicissimam

2698 4468 2769 4533 in
2815 4468 3086 4534 ecclesia
3137 4479 3397 4534 exstare
3455 4468 3708 4534 debere.
3799 4468 4016 4535 Audio
4073 4490 4217 4535 esse
4277 4469 4655 4536 naturalem

2719 4776 2868 4830 624.
2906 4775 2958 4844 1)
2994 4775 3084 4830 De
3127 4777 3225 4830 hoc
3278 4777 3401 4830 viro
3451 4776 3669 4831 Alberto
3722 4776 3933 4831 Rizaeo
3990 4776 4137 4831 dicto
4184 4777 4555 4845 Hardenberq
4603 4791 4653 4828 v.

2704 4846 2797 4899 Et.
2844 4844 3100 4913 Wayner,
3138 4845 3465 4901 Hardenber
3501 4862 3528 4897 s
3560 4861 3632 4898 zu
3661 4846 3897 4899 Bremen
3930 4846 4196 4913 qefiiretes
4221 4847 4490 4901 Lehramt
4528 4841 4656 4897 1779

2698 4922 2750 4970 et
2787 4916 2853 4967 B.
2896 4914 3122 4982 Spieqel‚
3159 4913 3235 4966 D.
3261 4914 3383 4969 Alb.
3482 4916 3668 4968 isaeus
3687 4914 4063 4984 Hardenberq.
4118 4915 4221 4969 Br.
4260 4915 4410 4970 1869.
4473 4916 4658 4969 Natus

2702 4988 2764 5038 in
2815 4985 3106 5050 provincia
3175 4982 3388 5037 Ysselia
3430 4985 3735 5051 superiore,
3796 4983 3996 5037 studiis
4050 4992 4343 5040 vacaverat
4393 4984 4653 5045 Lovam‘i²

2715 5052 3281 5121 Witlenberyensibus,
3307 5053 3536 5119 Rucero,
3563 5053 3758 5117 Lusco,
3787 5051 4094 5123 Dryandro
4114 5053 4431 5119 familia-ris.
4495 5053 4655 5106 Nunc

2703 5122 3123 5190 Archiepiscopo
3176 5121 3487 5175 Coloniensi
3531 5136 3566 5173 a
3603 5123 3849 5176 consitiis
3891 5122 3953 5175 in
3999 5121 4353 5187 reformanda
4491 5190 4560 5243 H
4596 5122 4608 5134 ’
4643 5156 4654 5167 .

4553 5202 4652 5242 ess-

2647 5296 2650 5311 .
2699 5261 2874 5323 husin,
2910 5260 3086 5327 longis
3120 5265 3169 5312 ct
3204 5260 3420 5326 asperis
3454 5260 3840 5313 controversiis
3873 5265 3925 5312 et
3959 5260 4275 5313 tumultibus
4305 5260 4570 5326 famosus.

850 5324 909 5388 3)
954 5324 1157 5378 Caedes
1191 5323 1289 5377 illa
1323 5326 1667 5379 atrocissima
1702 5325 1763 5377 in
1794 5323 2078 5379 Gabrieres
2113 5332 2164 5378 et
2204 5325 2495 5392 Merindol,
2531 5326 2598 5380 de
2645 5336 2650 5349 ⁴

2905 5328 2964 5393 9.)
3004 5345 3110 5398 quo
3145 5343 3202 5382 se
3236 5330 3538 5383 contulerat
3568 5335 3693 5397 post
3712 5329 3929 5384 comitia
3958 5326 4248 5397 Spirensia
4273 5328 4422 5383 1544.
4485 5329 4652 5382 Plura

641 5408 755 5462 qua
787 5408 911 5447 mox
940 5395 1112 5462 plura
1139 5392 1404 5459 dicentur,
1420 5400 1545 5462 post
1573 5393 1806 5447 medium
1838 5410 1905 5446 m.
1934 5394 2181 5462 Aprilem
2205 5400 2438 5462 patrata
2467 5397 2595 5460 fuit.
2645 5388 2652 5433 ¹
2696 5398 2854 5453 habet
2892 5397 3105 5467 Spieyel
3135 5414 3189 5466 p.
3225 5397 3308 5451 44.
