4825 6175
212 455 322 520 406

208 647 456 795 &ter
496 640 768 705 statrem
803 639 1182 707 defunctum
1216 640 1380 707 mihi
1416 642 1549 707 sint
1581 641 1812 727 gravia
1844 640 2134 710 ferenda.

371 724 582 792 aderit
622 726 963 793 Dominus.
2087 743 2090 746 ’

363 809 558 893 Quod
597 814 767 897 petis
812 822 886 878 ut
927 812 1190 898 aliquid,
1244 811 1360 879 sed
1404 822 1655 881 certum
1670 865 1687 891 ,
1745 812 1828 879 ad
1871 818 1940 879 te
1978 812 2140 879 scri-

208 899 361 978 bam¹
394 898 766 983 Imperator
785 898 1211 983 Neoburgum
1241 899 1587 1051 ooougavit
1602 901 1662 981 ⁴)
1698 905 1782 980 et,
1817 907 1896 964 ut
1930 898 2139 979 aiunt,

208 982 520 1070 quandam
576 984 850 1050 alteram
893 983 1231 1051 civitatem
1247 1036 1262 1064 ,
1323 1006 1395 1050 se
1504 1006 1584 1052 ea
1636 985 1894 1051 ratione
1953 985 2142 1050 aiunt

207 1077 429 1148 aetum,
473 1076 550 1136 ut
591 1090 632 1136 a
674 1070 811 1137 suis
854 1070 1088 1136 castris
1132 1069 1566 1138 abduceretur
1606 1089 1683 1137 ac
1723 1070 1936 1156 magis
1973 1075 2144 1137 esset

206 1158 622 1240 interceptus,
682 1176 764 1220 ne
808 1162 1207 1223 commeatus
1261 1157 1339 1222 in
1395 1157 1535 1224 eius
1580 1158 1945 1224 exercitum
1989 1177 2143 1224 eon-

205 1241 352 1308 ferri
393 1250 629 1325 posset,
674 1249 753 1307 ut
793 1241 968 1307 fame
1010 1240 1336 1308 laboraret
1350 1293 1366 1322 ‚
1429 1243 1598 1309 sicut
1638 1249 1824 1327 peste
1869 1242 2143 1308 afflicta·

206 1337 322 1393 tur.
385 1327 564 1393 Mira
606 1328 814 1393 fertur
853 1328 1123 1394 lenitate
1157 1349 1336 1408 usus,
1379 1329 1486 1395 vel
1528 1329 1742 1412 potius
1787 1335 1936 1395 astu
1968 1328 2144 1394 Neo·

203 1413 416 1498 burgi:
464 1412 708 1479 milites
741 1414 852 1496 qui
886 1413 1020 1479 illic
1054 1422 1244 1479 erant
1277 1414 1348 1479 in
1383 1414 1722 1498 praesidio,
1760 1435 1912 1481 eum
1946 1415 2143 1481 rebus

204 1501 335 1566 suis
391 1498 570 1565 abire
613 1521 843 1584 passus
887 1506 990 1566 est
1003 1551 1018 1578 ,
1072 1499 1353 1566 liberum
1405 1500 1560 1565 feeit
1613 1500 1866 1567 civibus
1921 1498 2146 1565 audire

201 1585 628 1670 evangelium.
717 1585 824 1650 Ad
881 1592 1140 1688 nostro-s
1198 1594 1525 1687 venerunt
1555 1586 1847 1686 ’comi-tes
1907 1585 2037 1651 duo
2080 1590 2147 1651 et

198 1670 2144 1835 3..¹2²‘3.¹3.⁹33033.231¹333⁶·..ottffifflgzflffifflss‘ztit

200 1863 397 1927 quum
442 1853 713 1928 rogetur
768 1855 844 1910 ut
903 1844 1241 1927 promissis
1299 1849 1432 1910 stet
1487 1843 1558 1908 in
1617 1852 1878 1927 pastore
1932 1841 2144 1927 desig-

197 1927 415 1995 nando
453 1930 599 1996 vice
636 1929 936 1996 monaehi
972 1929 1282 2009 defuncti,
1321 1928 1750 1995 disseminare
1771 1928 1946 2007 facit,
1981 1948 2147 2012 pug-

197 2022 423 2080 natum
469 2016 670 2082 fuisse
710 2024 776 2081 et
797 2015 1148 2082 Gaesarem
1191 2016 1508 2083 victorem
1553 2015 1858 2082 evasisse.
1936 2014 2152 2080 Aiunt

194 2101 422 2167 literas
480 2122 744 2168 curasse
796 2102 1145 2187 Friburgi,
1202 2102 1422 2168 nescio
1476 2122 1565 2167 an
1614 2100 1794 2185 magi
1851 2119 2068 2183 opera.
2088 2099 2148 2183 ὅ)

195 2188 292 2252 'Pu
338 2209 428 2253 ex
474 2187 578 2254 his
620 2187 854 2272 collige
897 2187 1055 2271 quid
1097 2208 1335 2253 verum
1380 2187 1482 2253 sit.
1571 2184 1819 2253 Consul
1879 2185 2149 2251 Vatevil·

190 2273 438 2424 lanigfi
429 2273 515 2339 de
551 2274 615 2339 Ν
619 2275 905 2358 eoburgo
949 2295 1025 2340 ae
1070 2272 1319 2339 duobus
1362 2272 1709 2340 comitibus
1752 2271 1979 2338 retulit
2021 2269 2151 2336 alia

191 2380 272 2424 ex
441 2381 494 2425 s.

363 2443 648 2512 Gaudeo
692 2453 758 2510 te
799 2445 869 2509 in
891 2443 1199 2511 Galathis
1241 2443 1566 2510 laborare:
1612 2443 1784 2510 adsit
1826 2442 1946 2510 tibi
1980 2463 2147 2510 sem-

190 2551 305 2613 per
350 2530 684 2609 Ohristus,
739 2541 814 2596 ut
855 2529 1158 2597 absolvas
1203 2551 1365 2613 quae
1408 2539 1561 2596 tuae
1603 2529 1883 2613 inspirat
1924 2529 2149 2594 menti.

193 2615 566 2682 Credebam
632 2616 990 2682 Gorardum
1055 2618 1187 2682 iam
1246 2617 1341 2681 ita
1404 2624 1700 2682 evectum
1726 2667 1741 2695 ,
1805 2624 1882 2681 ut
1943 2615 2154 2698 possit

188 2703 377 2785 prela
424 2702 623 2786 plura
677 2702 918 2767 habere
974 2704 1044 2767 in
1096 2703 1236 2787 iugi
1294 2701 1532 2767 labore.
1595 2702 1757 2781 ‘At‚
1813 2707 1889 2766 ιιι
1942 2700 2150 2780 vide0‚

186 2789 449 2870 patitur
504 2789 673 2871 quod
725 2788 947 2871 plures
989 2788 1404 2854 Basilienses.
1492 2787 1744 2853 Mirum
1803 2785 1974 2870 quod
2018 2785 2151 2851 foe-

185 2873 380 2942 datas
402 2874 494 2940 ab
519 2874 779 2940 Hectore
801 2874 1063 2941 chartas
1085 2874 1493 2958 impresserit
1515 2872 1878 2957 legentium
1912 2871 2153 2937 damno

185 2969 268 3039 et,
315 2970 650 3044 quantum
695 2959 988 3038 coniieiO,
1034 2981 1169 3025 non
1204 2961 1345 3026 sine
1384 2959 1551 3044 preli
1586 2965 1653 3024 et
1691 2956 1988 3023 laborum
2021 2957 2152 3021 iac-

181 3055 355 3112 tura.
459 3045 592 3113 Hic
637 3066 757 3131 ego
798 3047 867 3110 in
909 3046 1089 3112 vobis
1132 3044 1283 3146 plus
1322 3064 1636 3112 censurae
1678 3063 2031 3129 poscerem,
2080 3051 2155 3109 ιιι

183 3154 318 3197 ιιοιι
367 3145 518 3198 tam
563 3132 839 3217 frigidae
876 3152 1093 3216 nugae
1147 3153 1217 3196 ιιι
1254 3132 1541 3198 medium
1576 3130 1934 3214 prodirent.
2010 3131 2150 3194 Au-

182 3218 288 3284 dio
337 3228 411 3285 te
464 3220 866 3302 provinciam
910 3218 982 3282 ιιι
1026 3217 1308 3282 alterum
1355 3218 1654 3284 reiecisse
1684 3228 1764 3281 -et
1807 3236 1957 3280 eum
2003 3237 2149 3299 pes-

181 3306 349 3372 sime
399 3307 706 3371 functum
749 3325 865 3368 suo
908 3324 1181 3369 munere
1226 3303 1328 3368 eui
1373 3304 1493 3369 hoc
1537 3300 1880 3368 mandasti.
1972 3300 2150 3381 Que-

176 3402 436 3456 runtur
485 3412 619 3455 non
660 3391 855 3472 pauci
900 3390 1134 3472 quibus
1174 3388 1348 3454 dolet
1391 3400 1525 3454 tam
1582 3388 1755 3453 male
1801 3386 2149 3452 cohaeren-

179 3478 273 3542 tia
338 3477 587 3543 emitti.
688 3477 869 3540 'I'uus
933 3476 1101 3541 liber
1166 3474 1246 3539 de
1309 3474 1633 3541 scandalis
1699 3495 1830 3539 non
1891 3474 2152 3537 omittat

177 3560 597 3628 offendicula
659 3582 825 3644 quae
890 3583 974 3626 ex
1054 3560 1243 3626 malis
1308 3570 1373 3625 et
1446 3560 1689 3643 ineptis
1754 3559 2152 3641 proveniunt

177 3649 645 3732 scriptoribus.
720 3646 1060 3713 Perrinum
1106 3655 1173 3712 et
1216 3648 1500 3730 reliquos
1544 3648 1638 3710 ita
1671 3645 1903 3709 reddat
1925 3643 2150 3710 Chris-

178 3742 289 3799 tus
336 3735 416 3800 in
469 3744 538 3800 te
581 3734 850 3800 affectos
906 3742 983 3799 ut
1036 3734 1290 3799 debent.
1311 3734 1368 3817 ⁶)
1454 3732 1705 3798 Mirum
1761 3739 1887 3807 est,
1947 3749 2148 3813 quum

178 3819 368 3887 aliud
419 3841 560 3886 non
645 3828 919 3885 uaerant
974 3822 1065 3904 pii
1120 3827 1413 3903 pastores
1467 3838 1665 3901 quam
1709 3817 2001 3881 omnium
2048 3835 2149 3879 sa-

175 3904 417 3985 lutem,
471 3842 646 3989 quoa
691 3914 827 3971 tam
872 3906 1040 3972 male
1083 3906 1383 3970 affectam
1417 3904 1672 3987 plebem
1708 3902 2150 3985 experiantur.

176 3989 318 4057 Sed
367 4013 584 4077 supra
625 3992 1011 4057 miraculum
1056 4000 1160 4056 est
1201 3991 1486 4057 inveniri
1544 3989 1794 4072 aliquos
1849 3987 1961 4071 qui
2003 4004 2151 4071 pec-

176 4080 530 4145 catoribus
576 4099 709 4142 non
753 4099 1021 4161 prorsus
1063 4076 1499 4154 reluotentur‚
1555 4095 1762 4158 quum
1803 4073 1878 4138 in
1921 4072 2152 4139 Ohris-

173 4171 324 4229 tum
391 4170 712 4247 peccatur
767 4184 895 4248 exp
937 4208 1647 4228 ............
1669 4163 1724 4238 7)
1770 4180 1902 4224 ιιοιι
1946 4159 2153 4224 insur-

173 4251 464 4316 rexerit.
558 4248 866 4315 Ohristus
913 4248 1240 4314 Dominus
1259 4299 1273 4326 ,
1326 4247 1439 4330 qui
1482 4267 1599 4330 per
1640 4244 1911 4312 viduam
1954 4265 2156 4327 supra

171 4335 467 4401 modum
507 4334 748 4400 elatam
789 4347 856 4400 et
889 4356 1123 4419 parum
1160 4334 1263 4399 sui
1298 4353 1655 4399 memorem
1693 4340 1827 4395 tam
1871 4329 2154 4414 benigne

173 4421 247 4486 in
293 4442 575 4488 summo
619 4419 996 4488 discrimine
1036 4420 1263 4496 astitit,
1309 4419 1583 4485 reducat
1618 4438 1762 4484 eam
1806 4417 1878 4481 in
1922 4414 2151 4481 salutis

169 4507 384 4574 viam.
405 4508 477 4591 8)

395 4692 468 4759 4)
520 4695 777 4764 Verqmte
833 4692 1136 4763 Septembre
1192 4692 1382 4760 (stoici.
1432 4692 1501 4748 11.
1554 4689 1657 4747 536
1708 4694 1820 4761 sa).
1924 4691 2158 4745 Ineunte

176 4764 431 4821 octobre
469 4761 897 4833 Donauwosrth,
932 4762 1244 4834 Divinam,
1289 4763 1637 4833 Longinam,
1680 4761 1793 4817 sea.
1830 4758 2156 4816 Danubium

171 4848 469 4966 ompab)
516 4899 694 4969 Quasi
724 4902 824 4956 iste
865 4900 1186 4983 praefectus·
1216 4916 1328 4981 non
1373 4900 1609 4983 certiora
1654 4899 1850 4955 habore
1891 4900 2157 4967 potuisset

171 4986 241 5025 cx
282 4971 610 5026 Ger-mama
643 4986 810 5040 quam
841 4970 1070 5039 simplex
1106 4969 1310 5039 aliquus
1344 4974 1711 5025 conmonawr.

399 5038 470 5104 6)
518 5036 683 5108 Quem
728 5045 905 5094 tamen
949 5041 1096 5107 ipse,
1140 5044 1405 5108 quantum
1450 5040 1512 5093 in
1559 5053 1615 5092 ss
1659 5042 1802 5102 erat,
1849 5054 1885 5090 a
1926 5035 2152 5092 Calvino

170 5110 615 5165 abalienaverat
645 5124 838 5177 nuper.
895 5107 1057 5189 ‚Vide
1088 5122 1276 5176 supra.

402 5174 472 5299 g)
509 5175 1025 5301 whegamma
1071 5248 1196 5314 ipso
1241 5259 1355 5299 esse
1397 5243 1618 5300 videtur
1666 5244 1732 5298 de
1771 5259 1882 5314 qua
1918 5243 1996 5298 N.
2032 5242 2152 5309 817,

174 5324 291 5372 not.
317 5314 371 5369 7.
499 5329 650 5368 orum
684 5315 763 5369 od
795 5315 1071 5386 quodnam
1104 5314 1398 5369 discrimen
1432 5319 1482 5367 et
1502 5314 1774 5368 auaessium
1810 5312 1944 5378 (sibi
1958 5314 2087 5369 olim
2102 5311 2153 5380 ἓ)

167 5385 528 5456 praestitum
562 5383 777 5439 alludat
807 5384 967 5439 nobis
998 5399 1112 5438 non
1144 5389 1371 5439 constat.

1929 456 2090 518 1546
2135 433 2460 521 ΟΟΤΟΒ.

4063 459 4196 524 406

2411 628 2698 709 Dolebat
2758 640 2923 708 mihi
2985 641 3536 726 Arctopolitanos‚
3554 647 3613 723 ⁹)
3694 664 3893 728 quum
3976 646 4196 714 verbis

2240 728 2457 793 multa
2499 727 2580 793 de
2625 726 2784 794 disci
2832 726 2972 794 lina
3010 730 3360 809 iactarem,
3418 735 3553 795 tam
3598 731 3834 797 misere
3875 732 3946 796 in
3989 732 4194 798 ecele-

2242 812 2358 880 siis
2402 813 2775 879 eonstituen
2826 813 2840 827 ‘
2922 831 3068 879 eam
3110 817 3431 881 evertere:
3479 815 3593 881 sed
3628 817 3838 900 magis
3874 816 4037 882 mihi
4079 816 4192 883 do-

2242 898 2338 964 let
2399 918 2510 966 eos
2575 899 2881 984 graviora
2935 900 3075 983 pati
3136 900 3210 965 in
3264 901 3684 967 ecelesiarum
3740 903 4190 969 vastationem.

2245 982 2718 1051 Gratissimum
2759 984 2923 1050 mihi
2968 991 3138 1052 esset
3179 983 3403 1052 videre
3446 1008 3610 1070 quae
3646 987 3985 1072 scripsisti.
4050 987 4196 1055 Uti-

2244 1089 2401 1134 nam
2445 1090 2676 1154 sapere
2718 1070 2986 1137 tandem
3027 1069 3160 1140 illis
3205 1071 3397 1138 detur
3437 1080 3507 1138 et
3546 1094 3707 1139 vera
3763 1074 3864 1138 sui
3916 1073 4192 1158 abnega-

2244 1155 2424 1220 tione
2489 1177 2657 1239 quae
2722 1156 2973 1223 Christi
3038 1163 3197 1225 sunt
3260 1164 3517 1223 tantum
3584 1179 3913 1242 quaerere.
4022 1157 4193 1224 Vale

2248 1239 2415 1307 bene
2458 1261 2607 1306 oum
2651 1249 2766 1310 tua
2807 1243 3086 1327 coniuge
3129 1250 3197 1308 et
3239 1243 3457 1326 puella
3501 1243 3750 1324 Iudith,
3802 1245 4004 1310 fratre
4048 1265 4194 1310 sua-

2248 1347 2375 1409 que
2418 1334 2487 1391 et
2527 1328 2733 1394 soceri
2768 1327 3030 1393 familia.
3113 1325 3413 1414 Collegae
3456 1329 3761 1411 salutato,
3806 1328 4001 1395 modo
4043 1328 4196 1396 Gal-

2248 1411 2485 1478 lus-ium
2541 1434 2627 1478 ne
2680 1421 3055 1498 praetereas
3110 1434 3256 1480 cum
3320 1412 3541 1498 Goppo.
3626 1416 3720 1482 ΤΘ
3773 1416 3978 1482 nostri
4022 1415 4196 1482 salu-

2249 1504 2409 1563 tant.
2500 1499 2816 1566 Neocomi
2859 1502 2960 1564 20.
3007 1497 3312 1566 Octobris
3362 1504 3543 1566 1546.

2422 1582 2825 1651 Commendo
2887 1584 3021 1651 tuis
3086 1586 3384 1669 precibus
3448 1585 3785 1667 eeclesias,
3851 1587 4197 1671 praecipue

2250 1688 2395 1734 eam
2442 1670 2548 1736 cui
2588 1691 2767 1737 nunc
2810 1669 3148 1737 studemus
3205 1677 3531 1755 pastorem
3580 1671 3737 1739 dare
3778 1693 3899 1756 pro
3938 1680 4197 1738 mortuo

2249 1753 2419 1837 lupo.
2522 1754 2876 1824 Venenum
2940 1776 3134 1826 suum
3199 1757 3562 1841 praefectus
3629 1758 3892 1838 evomit,
3916 1761 4006 1836 ιι’)
4061 1778 4199 1823 ιιοιι

2248 1839 2383 1906 iam
2450 1847 2529 1905 ut
2583 1840 2737 1907 olim
2802 1841 3188 1908 dissimulat.
3290 1841 3565 1909 Utinam
3619 1863 3875 1926 semper
3932 1850 4199 1927 apertus

2252 1925 2483 1992 fuisset
2525 1927 2731 1994 hostis
2774 1934 2840 1994 et
2881 1949 3016 1993 non
3068 1933 3207 1993 tam
3259 1928 3617 2011 perniciose
3674 1929 3959 1995 amicum
4004 1931 4202 1995 simu-

2248 2009 2471 2078 lasset.
2575 2013 2669 2079 At
2720 2014 2977 2098 longior
3031 2034 3209 2092 sum,
3282 2022 3349 2079 et
3404 2035 3511 2079 me
3569 2013 3820 2080 decima
3873 2022 4063 2082 vocat
4117 2013 4200 2079 ad

2252 2097 2534 2179 quietem
2580 2119 2724 2165 cras
2767 2120 3200 2186 egressurum.
3288 2099 3460 2165 Boni
3502 2100 3723 2166 omnia
3765 2099 4049 2166 consule.

3278 2236 3462 2302 Tuus
3506 2243 3680 2302 totus
3721 2236 4047 2303 Farellus.

2425 2421 2687 2486 Vellem
2754 2441 2864 2486 eos
2915 2421 3027 2504 qui
3091 2421 3460 2505 principum
3517 2420 3783 2486 nomine
3847 2439 4074 2505 preces
4141 2428 4209 2485 et

2256 2526 2473 2573 sacras
2529 2507 2814 2572 afferunt
2879 2507 3237 2590 scripturas
3294 2506 3421 2571 alio
3478 2507 3746 2571 nomine
3802 2527 4000 2589 quam
4062 2526 4208 2589 pas-

2255 2591 2438 2676 quilli
2484 2593 2812 2658 emittere:
2858 2612 3012 2657 nam
3049 2600 3118 2657 et
3151 2593 3510 2676 scripturae
3544 2592 3860 2657 autoritas
3905 2592 4208 2658 elevatur

2257 2687 2324 2744 et
2365 2699 2501 2743 non
2545 2678 2702 2744 satis
2747 2685 3124 2743 reverenter
3164 2676 3350 2743 Deus
3394 2678 3752 2743 invocatur.
3822 2677 4014 2743 Seria
4051 2687 4207 2742 sunt

2254 2763 2471 2849 magis
2516 2763 2739 2830 divina
2781 2763 3077 2846 serioque
3117 2762 3328 2846 magis
3372 2762 3714 2828 tractanda
3755 2783 3951 2845 quam
3993 2769 4071 2828 ut
4105 2763 4207 2828 lu·

2258 2848 2441 2915 denti
2483 2848 2804 2934 pasquillo
2849 2849 2955 2915 vel
2998 2869 3116 2932 per
3156 2848 3367 2915 iocum
3414 2847 3688 2914 dicenda
3728 2848 4019 2913 veniant.

3153 3359 3309 3431 844.

2787 3480 3259 3581 CALVI'NUS
3303 3510 3673 3577 vmsm.

2428 3686 2536 3752 Ex
2566 3685 2883 3771 proximis
2925 3686 3116 3751 amici
3174 3702 3297 3753 non
3355 3704 3429 3749 ea
3481 3683 3692 3747 omnia
3747 3684 3999 3749 rescivit
4050 3700 4210 3765 quae

2253 3772 2551 3856 cupiebat.
2648 3770 2843 3838 Goelii
2886 3770 3195 3855 neqotium
3252 3769 3374 3836 tale
3428 3773 3516 3834 est
3566 3772 3635 3833 ut
3675 3788 3751 3834 ne
3807 3769 3943 3850 ipse
3984 3789 4049 3834 se
4091 3787 4209 3832 mi-

2254 3861 2506 3925 πίεσθαι
2548 3859 2796 3924 omnino
2840 3855 3361 3922 consultissimum
3402 3857 3501 3920 sit.

2258 4028 2680 4099 (Autograpbon
2728 4032 2965 4082 aetatem
3016 4044 3125 4081 non
3176 4028 3318 4080 tulit.
3388 4023 3646 4080 Inserviit
3690 4022 3935 4077 fortassis
3980 4022 4209 4076 editioni

2255 4099 2433 4151 Bezae
2471 4115 2608 4168 qnae
2644 4097 2783 4150 hane
2812 4097 3098 4166 epistolam
3146 4113 3212 4150 ex
3252 4111 3459 4149 ressam
3496 4093 3717 4147 exhibet
3751 4091 3949 4147 Genev.
3995 4109 4050 4161 p.
4087 4089 4206 4158 368,

2257 4168 2418 4220 Laus.
2452 4184 2507 4236 p.
2541 4165 2660 4231 202,
2698 4166 2910 4220 Hanov.
2948 4182 3004 4234 p.
3031 4164 3151 4230 226,
3234 4165 3399 4218 bouet
3433 4179 3487 4232 p.
3524 4160 3642 4226 505,
3681 4161 3858 4216 Amat.
3893 4178 3948 4230 p.
3974 4158 4079 4213 230
4112 4161 4211 4214 sed

2258 4252 2365 4289 non
2399 4236 2458 4289 in
2583 4253 2686 4290 am.
2759 4234 3152 4288 Autbeutioum
3172 4239 3383 4289 textum
3418 4231 3758 4285 restituimus
3794 4247 3861 4284 ex
3897 4230 4210 4299 apographo

2257 4305 2545 4359 Ionvillaei
2591 4304 2721 4358 eod.
2769 4302 2975 4357 Genev.
3023 4302 3164 4355 111ει
3182 4345 3196 4370 ,
3255 4303 3347 4355 fol.
3392 4299 3428 4354 8
3476 4318 3527 4353 v.
3590 4300 3735 4370 quod
3791 4300 3963 4355 solum
4010 4303 4206 4365 exstat,

2655 4372 2854 4428 omissa
2885 4376 3068 4426 tamen
3103 4387 3204 4442 pro
3239 4386 3388 4424 more
3422 4370 3815 4438 inscriptione.)

2433 4543 2503 4610 S.
2593 4541 2773 4609 Satis
2828 4541 3099 4609 coniicio
3154 4547 3558 4624 quantopere
3620 4559 3799 4605 nuno
3853 4537 4127 4621 angeris.
4159 4539 4208 4611 ¹)

2260 4627 2396 4696 Sed
2441 4629 2599 4713 quid
2640 4627 2888 4695 facias?
2975 4628 3257 4694 Necesse
3310 4634 3412 4692 est
3453 4626 3616 4690 istos
3661 4623 3838 4689 abire
3881 4622 3948 4687 in
3992 4621 4207 4688 locum

2407 4894 2410 4899 ,
2467 4833 2528 4903 9)
2565 4834 2873 4889 Beruenses
2921 4832 3221 4901 Suzeemm,
3272 4829 3459 4885 Garun
3496 4830 3640 4910 iam,
3697 4826 3844 4907 Tho..
3876 4825 4208 4894 Grynaeum,

2331 4904 2355 4958 a·
2386 4918 2564 4972 nuper
2597 4902 2819 4959 senatui
2846 4903 3052 4970 fortius
3093 4902 3345 4957 resistere
3389 4899 3456 4954 de
3528 4903 3721 4964 issent,
3766 4894 3879 4950 scal.
3927 4909 3992 4948 ex
4039 4899 4212 4949 mente

2323 4977 2712 5105 ostrfflmfsids
2755 5055 2943 5108 supra.
3016 5039 3214 5107 Lupus
3260 5036 3550 5103 destinatus
3594 5032 3736 5114 idem
3786 5037 3864 5086 est
3910 5032 4008 5102 qui
4051 5030 4212 5114 niodo

2257 5110 2556 5165 monachus
2574 5109 2895 5193 umbratur,
2943 5108 3043 5163 sed
3077 5107 3310 5163 certiora
3345 5102 3500 5174 apud
3534 5101 3962 5168 Ktrohhoferum
3995 5100 4212 5171 quidem

2255 5193 2774 5329 ngnssfegffiztgffi
2808 5246 2934 5328 ⁶⁶⁶3
3084 5244 3258 5311 ficiis
3301 5248 3381 5298 est
3424 5242 3577 5325 flictu
3620 5240 3687 5294 de
3721 5254 3905 5320 quona-
3908 5254 3958 5292 m
3993 5239 4211 5307 negotio

2258 5316 2345 5371 luc
2378 5317 2652 5385 loquatur.
2722 5314 2797 5369 In
2828 5316 3023 5370 ulturum
3116 5319 3267 5384 oreti,
3313 5317 3375 5367 ut
3416 5311 3574 5377 infra
3607 5326 3668 5364 m
3702 5308 3806 5364 Ιιαο
3838 5323 3964 5377 ipsa
3998 5306 4064 5362 de
4106 5304 4213 5361 Gu-

2255 5386 2436 5440 riom‘s
2470 5397 2689 5440 excessu
2723 5384 3006 5440 obscurius
3040 5383 3257 5454 quidem
3292 5381 3512 5471 dicitur.
3693 5461 3798 5517 26.
