4825 6175
623 419 769 484 «391

641 603 894 672 audebo
936 604 1125 689 aquis
1169 625 1275 672 me
1318 605 1592 689 posthac
1632 603 2055 672 committere.
2142 602 2377 687 Itaque
2423 603 2594 670 bona

643 712 801 775 pars
855 691 1108 758 itineris
1164 690 1439 775 pedibus
1499 688 1903 758 conficienda
1957 697 2155 756 esset:
2222 709 2379 753 nam
2444 690 2593 773 equi

643 798 778 842 non
822 785 1078 841 tantum
1113 777 1380 844 iactatio
1423 777 1590 842 mihi
1623 789 1725 842 est
1761 776 1980 855 noxia,
2024 774 2141 841 sed
2182 774 2592 858 periculosus

642 864 844 928 etiam
887 863 1173 928 attritus.
1241 862 1540 928 Medicus
1584 862 1666 928 de
1710 882 1836 946 quo
1876 861 2161 945 loqueris
2204 860 2365 927 mihi
2400 862 2591 946 igno-

641 955 751 1014 tus
794 955 911 1028 est,
956 969 1168 1031 neque
1210 948 1372 1014 satis
1412 968 1720 1031 assequor
1760 967 1955 1031 quem
1997 947 2589 1030 pharmacopoeum

642 1053 935 1111 accuses,
998 1034 1126 1098 nisi
1185 1033 1357 1117 quod
1402 1033 1820 1100 Franci-scum
1875 1032 2237 1117 perstringi
2293 1031 2584 1099 coniicio.

647 1119 903 1200 Teoetor,
959 1126 1414 1203 praeterquam
1472 1119 1644 1203 quod
1697 1118 1893 1184 nimis
1939 1117 2135 1183 duras
2179 1118 2357 1202 leges
2400 1138 2588 1201 prae-

641 1205 994 1282 scribebat,
1061 1204 1216 1288 quid
1273 1226 1451 1271 nunc
1507 1206 1749 1290 cogitet
1803 1205 2041 1269 nescio.
2144 1202 2316 1268 Nam
2380 1204 2587 1286 patris

639 1289 868 1357 litibus
944 1312 1013 1355 se
1077 1288 1471 1374 implicando
1550 1289 1751 1356 telam
1813 1289 2177 1373 Penelopes
2245 1309 2586 1372 nunquam

639 1375 993 1441 finiendam
1047 1375 1121 1440 in
1175 1377 1391 1460 patria
1445 1376 1626 1441 texit.
1644 1373 1701 1461 2)
1799 1373 2067 1440 Interea
2130 1374 2315 1440 vides
2367 1375 2585 1458 ipsum

639 1462 948 1544 conqueri
992 1460 1165 1545 quod
1222 1461 1418 1527 fuerit
1473 1481 1617 1527 meo
1673 1460 1941 1526 consilio
1995 1459 2361 1526 destitutus.
2451 1457 2586 1527 Sed

638 1546 801 1697 hae}
843 1545 998 1613 boni
1041 1547 1170 1614 viri
1223 1547 1565 1612 morositas
1619 1555 1951 1630 utcunque
2004 1545 2193 1612 nobis
2245 1553 2347 1610 est
2389 1544 2586 1611 devo-

635 1654 754 1699 ran
803 1652 859 1697 a.

810 1716 1004 1800 Quod
1075 1738 1180 1782 me
1244 1717 1328 1783 ad
1402 1718 1821 1784 scribendum
1881 1716 2184 1798 hortaris,
2204 1719 2263 1792 ⁸)
2326 1718 2584 1782 utinam

634 1803 786 1887 plus
850 1811 1024 1869 esset
1101 1803 1214 1868 otii
1281 1803 1628 1887 aliquando
1695 1812 1761 1869 et
1838 1801 2147 1869 valetudo
2220 1801 2579 1867 robustior!

636 1889 830 1954 Nunc
870 1898 1092 1954 tamen
1128 1888 1471 1973 epistolam
1506 1888 1588 1953 ad
1611 1887 1883 1956 Galatas
1918 1890 2088 1954 serio
2123 1909 2272 1954 sum
2316 1907 2582 1972 aggres-

636 1996 767 2040 sus.
854 1974 937 2039 In
997 1974 1283 2040 editione
1339 1996 1473 2040 non
1527 1995 1674 2040 sum
1727 1974 1926 2054 liber,
1990 1974 2223 2039 saltem
2282 1971 2451 2056 quod
2499 1971 2582 2037 ad

636 2059 832 2125 Pauli
877 2061 1186 2143 epistolas
1230 2069 1497 2143 spectat.
1589 2057 1855 2126 Audisti
1910 2057 2260 2142 aliquando
2313 2080 2398 2123 ex
2453 2079 2579 2137 me,

635 2166 838 2229 quum
881 2146 1310 2230 Argentorati
1344 2167 1571 2224 essem,
1630 2145 2036 2211 Vendelinum
2079 2145 2160 2209 iis
2202 2165 2310 2209 me
2351 2144 2581 2210 officiis

635 2229 1009 2297 devinxisse
1072 2241 1145 2296 ut
1206 2231 1698 2316 ingratitudinis
1765 2252 1870 2295 me
1935 2250 2201 2314 cogerer
2264 2228 2578 2295 damnare

633 2318 760 2381 nisi
823 2316 949 2382 hoc
1004 2316 1104 2382 illi
1158 2327 1577 2400 praestarem.
1593 2320 1654 2393 ⁴)
1741 2316 1910 2381 Nam
1970 2316 2042 2380 in
2099 2314 2372 2382 summis
2415 2316 2579 2382 meis

634 2403 957 2486 angustiis
999 2424 1200 2485 supra
1240 2401 1676 2487 quadraginta
1724 2421 1955 2467 aureos
1995 2409 2282 2468 scutatos
2325 2402 2393 2465 in
2438 2422 2577 2467 rem

631 2508 849 2553 meam
891 2487 1243 2570 impendit,
1297 2507 1422 2552 nec
1476 2488 1696 2552 minus
1754 2507 2010 2569 semper
2061 2486 2226 2552 mihi
2279 2496 2581 2570 prompta

632 2572 762 2637 fuit
796 2572 937 2638 eius
972 2594 1170 2658 opera
1202 2575 1274 2638 in
1297 2572 1602 2638 curandis
1637 2573 1918 2657 negotiis
1953 2569 2344 2652 domesticis,
2382 2593 2578 2655 quam

633 2659 687 2723 si
754 2658 1089 2723 hominem
1150 2658 1431 2743 pecunia
1494 2657 1886 2724 conductum
1953 2659 2279 2723 haberem.
2395 2658 2494 2723 Er
2539 2679 2577 2723 o

632 2743 941 2826 epistolas
996 2765 1171 2810 nunc
1240 2742 1341 2807 illi
1395 2764 1636 2827 negare
1700 2764 1831 2809 non
1897 2753 1996 2809 est
2058 2747 2410 2829 integrum.
2495 2679 2579 2810 {i

632 2828 787 2912 quid
831 2830 1011 2895 aliud
1054 2829 1392 2912 scripsero,
1452 2828 1559 2894 hic
1618 2830 1832 2914 potius
1885 2826 2132 2894 edetur.
2220 2830 2313 2895 Et
2353 2838 2577 2895 tamen

637 2914 970 2981 Gallosius
1033 2913 1336 2979 invenire
1399 2935 1531 2980 non
1593 2916 1806 2997 potuit
1869 2915 1982 2998 qui
2060 2912 2191 2980 duo
2269 2915 2578 2998 opuscula

629 3020 795 3082 quae
852 2999 1060 3065 latina
1102 3000 1345 3065 fecerat
1387 2998 1765 3066 excudenda
1807 3000 2182 3083 susciperet.
2199 3001 2256 3077 ⁵)
2343 3001 2578 3067 Caete-

628 3107 776 3151 rum
859 3086 1240 3169 priusquam
1316 3085 1603 3169 pcriculo
1680 3086 2013 3152 comittam
2102 3087 2345 3170 scripta
2411 3107 2576 3167 mea,

630 3171 969 3254 exemplar
1011 3171 1325 3237 retinebo.
1417 3171 1821 3255 Opusculum
1882 3171 1964 3236 de
2021 3171 2344 3239 scandalis
2365 3177 2423 3249 ⁶)
2476 3174 2577 3238 in-

628 3256 953 3331 choatum,
998 3257 1152 3341 quia
1195 3278 1329 3321 non
1373 3278 1456 3322 ex
1500 3272 1655 3323 voto
1698 3258 1945 3323 fluebat
1987 3259 2221 3342 stylus,
2283 3258 2368 3323 ad
2412 3269 2578 3323 tem-

624 3363 750 3425 pus
791 3342 1134 3419 intermisi,
1182 3362 1302 3407 nec
1345 3364 1676 3408 resumere
1719 3351 1822 3409 est
1855 3344 2116 3408 animus
2162 3341 2363 3410 donec
2407 3343 2578 3427 epis-

625 3428 826 3494 tolam
872 3427 952 3492 ad
1000 3426 1275 3494 Galatas
1318 3427 1399 3492 ad
1444 3430 1644 3494 finem
1687 3449 1892 3511 usque
1934 3426 2315 3511 perduxero.

799 3511 971 3579 Oum
1043 3513 1305 3579 Pero-ino
1383 3524 1606 3579 nostro
1663 3535 1875 3598 nuper
1934 3535 2082 3580 sum
2147 3515 2581 3599 colloquutus.

628 3596 705 3665 Si
750 3598 1088 3681 promissis
1148 3599 1532 3680 satisfaciat,
1593 3620 1727 3665 non
1782 3601 2067 3682 possime
2123 3622 2230 3667 res
2289 3600 2572 3667 habebit.

635 3683 1068 3750 Penthesicaea
1089 3688 1143 3759 7)
1221 3706 1425 3768 quum
1492 3687 1726 3751 miram
1800 3686 2319 3751 benevolentiam
2382 3696 2574 3771 gestu

632 3770 911 3847 simulet,
960 3772 1134 3834 intra
1173 3772 1456 3852 parietes
1501 3769 1896 3837 horrendum
1945 3772 2017 3836 in
2073 3772 2339 3838 modum
2394 3773 2574 3838 furit.

645 3845 844 3920 Video
886 3865 952 3919 te
995 3853 1079 3918 ad
1121 3856 1300 3920 illam
1347 3856 1702 3939 scripsisse.
1791 3857 2021 3924 Prima
2080 3877 2334 3942 quaque
2390 3879 2575 3925 occa-

631 3940 811 4005 sione
867 3940 1078 4023 ipsam
1132 3941 1538 4007 conveniam.
1637 3942 1808 4007 'Pum
1866 3943 2171 4025 experiar
2210 3942 2367 4027 quid
2423 3958 2576 4010 tuae

630 4026 860 4091 literae
905 4027 1309 4107 profecerint.
1399 4027 1595 4107 Vale,
1651 4028 1857 4093 frater
1914 4037 1981 4093 et
2038 4030 2243 4094 amice
2295 4031 2579 4114 integer-

630 4112 814 4176 rime.
881 4111 1209 4177 Dominus
1245 4109 1362 4177 tibi
1396 4120 1711 4196 perpetuo
1756 4111 1946 4193 adsit,
1993 4124 2056 4179 te
2100 4135 2357 4197 semper
2391 4125 2577 4182 tuea-

630 4204 743 4261 tur
781 4196 1139 4280 faustisque
1182 4198 1311 4262 tuis
1354 4198 1686 4267 laboribus
1730 4198 2085 4266 benedicat.
2169 4198 2419 4284 Scripsi
2453 4204 2578 4267 mi-

631 4569 791 4626 modo
824 4499 1094 4638 ιῖὲϋρΐὲαε
1128 4503 1312 4557 omnia
1357 4503 1546 4569 fusius
1590 4508 1839 4574 exposita
1886 4505 2041 4574 apud
2073 4509 2252 4576 ipsum
2301 4507 2578 4564 Testor-em

836 4637 896 4703 3)
933 4638 1008 4693 N.
1044 4636 1162 4692 825.

833 4705 891 4775 4)
927 4705 1306 4762 Nihilominus
1344 4707 1538 4763 Gomm.
1587 4710 1649 4763 in
1777 4710 1787 4723 ⁸
1849 4726 1929 4764 em
1977 4710 2055 4765 ad
2094 4711 2406 4769 Corinthios
2450 4715 2574 4769 ulti-

627 4790 772 4829 mum
813 4775 1031 4829 Calvina·
1062 4791 1199 4844 opus
1230 4778 1340 4841 fuit
1373 4777 1521 4848 quod
1550 4793 1618 4832 ex
1713 4778 1867 4832 ihelii
1886 4778 2112 4845 officina
2141 4782 2364 4849 prodiit.
2425 4783 2574 4838 Nan

628 4851 908 4914 sequentes
941 4845 1212 4912 epistolae,
1249 4852 1302 4900 et
1334 4848 1461 4914 ipsa
1495 4848 1607 4900 iam
1640 4847 1882 4902 secunda
1916 4848 1994 4901 ad
2016 4848 2186 4918 Com,
2231 4854 2335 4906 etsi
2366 4853 2576 4921 Arym-

628 4919 863 4969 toa-atum
898 4915 1083 4979 missa,
1120 4930 1210 4981 ap.
1253 4913 1559 4969 Gir-ardum
1592 4930 1821 4970 excusae
1852 4923 1997 4973 sumt.

835 4979 894 5049 5)
938 4978 1090 5049 Quae
1122 4989 1176 5036 et
1205 4984 1330 5051 ipsa
1355 4999 1462 5051 per
1499 4982 1776 5038 Rihelium
1811 4987 2065 5055 evulgata
2092 4986 2335 5054 ficerunt.
2401 4987 2571 5044 Gene-

628 5051 1732 5184 ⁰⁶”⁸2⁸.}.⁹P3.35.f⁸32{.‘²;2”.25m.3232.‘⁸.3.⁶⁰.
1737 5054 2311 5181 mufflffmg‘ss'ffl‘
2328 5058 2574 5196 &mk

625 5132 737 5242 aas
716 5186 980 5256 Stephani
1007 5187 1291 5243 indmtria
1329 5188 1634 5245 &mense
1662 5189 1871 5259 prelum
1905 5193 2184 5248 inclaruit.

835 5255 896 5393 ἐξ
927 5254 1008 5381 ²15:
1038 5254 1166 5394 ⁸832:
1191 5263 1310 5382 ζεῖ
1337 5255 1395 5379 {2

2182 411 2710 482 EPISTOLAE
2753 415 3093 479 8324-834
4507 416 4598 481 392

2696 602 2927 670 nistris
2968 600 3530 680 Beruensibus28)
3595 601 3654 668 si
3688 599 4020 669 desideras
4065 600 4231 669 scire
4316 619 4405 667 uo
4449 623 4602 688 argu-

2694 698 2934 768 mento,
2994 688 3264 767 Vir-etna,
3305 696 3467 772 puto
3511 707 3700 753 exem
3748 686 3852 754 lar
3892 687 4182 753 retinuit.
4272 622 4523 754 galutst
4552 699 4603 757 te

2695 795 2865 841 uxor
2908 794 3057 840 mea
3098 778 3483 840 reverenter
3500 825 3514 852 ,
3580 773 3684 840 Ga
3823 775 3917 839 ‘us
3931 823 3946 854 ,
4004 771 4388 854 Fero-onius,
4440 774 4604 841 stater

2693 880 2897 927 meus.
3004 860 3176 926 Nam
3241 882 3324 926 ex
3385 880 3511 944 quo
3574 867 3725 925 tuas
3783 858 4002 941 accepi
4064 877 4202 923 non
4260 858 4399 925 vidi
4462 860 4603 927 alios.

2695 944 2994 1013 Salutem
3036 945 3384 1029 plurimam
3426 944 3741 1016 fratribus
3784 953 3853 1011 et
3894 944 4120 1011 amicis
4163 946 4413 1028 totique
4454 946 4606 1011 fami·

2691 1032 2819 1098 liae
2863 1040 3032 1097 tuae.
3125 1031 3437 1098 Genevae
3481 1035 3539 1096 6.
3582 1030 3809 1097 Nonas
3844 1029 4078 1098 Octob.
4129 1033 4313 1095 1546.

3605 1165 3888 1233 Ioannes
3933 1164 4249 1233 Calvinus
4292 1174 4469 1232 tuus.

2861 1337 2968 1404 De
3026 1339 3159 1404 tuis
3213 1337 3426 1404 literis
3481 1337 3699 1404 nullus
3755 1336 3922 1402 mihi

2689 1445 2903 1490 sermo
2961 1424 3089 1489 fuit
3139 1444 3290 1491 cum
3347 1423 3634 1490 Perrivw.
3722 1423 3919 1489 Nolui

2687 1509 2930 1576 vulnus
2963 1508 3126 1575 illud
3149 1517 3494 1577 attrectare
3530 1509 3734 1576 donec
3762 1518 3921 1575 tem-

2686 1595 2868 1679 poris
2904 1615 3206 1663 successu
3241 1596 3582 1679 paululum
3616 1606 3788 1662 esset
3828 1595 3921 1662 ci-

2685 1690 2970 1748 curatus.

3575 1767 3654 1836 Si
3710 1766 3869 1854 quid
3926 1767 4113 1847 novi,
4178 1766 4371 1833 modo
4439 1768 4616 1832 etiam

3404 1862 3654 1919 certum
3734 1854 3822 1920 sit
3837 1905 3854 1935 ,
3935 1854 4035 1920 fac
4100 1873 4338 1937 quaeso
4410 1854 4614 1919 statim

3400 1940 3846 2007 resciscamuS.

3586 2452 3743 2526 888.

3072 2603 3422 2671 OALVIN
3463 2608 3528 2672 A
3569 2606 3664 2672 M.
3710 2605 3838 2672 DE
3883 2605 4245 2675 FALAIS.

2851 2776 2955 2841 La
3017 2775 3197 2842 sante
3258 2776 3333 2843 de
3404 2776 3575 2843 Γένει
3632 2782 3689 2844 et
3739 2798 3839 2845 ses
3889 2781 4127 2862 projets
4189 2779 4266 2846 de
4327 2781 4622 2864 mariaye.

2683 2862 3060 2947 L’Apoloyie
3113 2864 3192 2929 de
3245 2860 3341 2927 M.
3400 2864 3476 2930 de
3533 2862 3780 2931 Falais.
3885 2865 4170 2947 Affaires
4225 2867 4484 2948 princes
4536 2866 4623 2931 dv·-

2680 2969 2902 3014 versae.

2684 3120 2880 3191 (Oopie
2913 3121 3172 3175 moderne
3208 3122 3350 3175 Bibl.
3388 3121 3456 3175 de
3492 3118 3729 3176 Geneve.
3765 3121 3882 3176 Vol.
3920 3119 4035 3188 194,
4072 3122 4161 3176 fol.
4180 3120 4266 3177 40.
4303 3154 4369 3164 —
4407 3125 4622 3179 Edition

2680 3189 2907 3244 d’Amst.
2925 3207 2979 3259 p.
3015 3188 3099 3244 67.
3171 3190 3318 3244 Edit.
3355 3191 3573 3244 Bonnet
3607 3189 3646 3243 Ι.
3685 3189 3801 3243 158.
3842 3220 3904 3230 —
3941 3191 4101 3245 Trad.
4139 3193 4380 3261 anglaise
4414 3194 4483 3249 Π.
4516 3193 4618 3261 60.)

2852 3361 3339 3445 Monseigneur,
3376 3381 3626 3426 comme
3650 3361 4024 3445 iattendoye
4046 3361 4295 3430 dheure
4316 3385 4398 3431 en
4423 3365 4620 3431 heure

2681 3446 2945 3529 Iacques
2999 3446 3079 3511 de
3133 3468 3249 3512 son
3310 3454 3531 3511 retour
3589 3446 3668 3512 de
3726 3449 3954 3532 Lyon,
4022 3470 4192 3530 pour
4244 3473 4410 3517 vous
4466 3452 4620 3516 faire

2679 3553 2989 3617 response
3033 3552 3151 3615 par
3202 3533 3351 3681 lug,
3397 3534 3459 3598 ie
3501 3534 3606 3598 fus
3651 3533 3898 3618 esbahy
3938 3532 4176 3601 laultre
4218 3536 4369 3602 iour
4405 3536 4619 3621 quand

2678 3638 2834 3682 mon
2878 3619 3047 3682 frere
3103 3640 3208 3683 me
3317 3619 3396 3684 'st
3451 3618 3585 3702 quil
3641 3620 3834 3685 estoit
3883 3641 4077 3704 passe
4130 3643 4286 3688 sans
4330 3624 4549 3707 parler
4583 3645 4619 3689 a

2678 3723 2852 3787 moy.
2941 3705 3034 3769 Et
3074 3705 3487 3770 maintenant
3540 3704 3587 3770 il
3640 3704 3811 3771 fault
3862 3726 3987 3790 que
4038 3707 4101 3773 ie
4157 3730 4323 3775 vous
4375 3711 4618 3777 escrive

2677 3787 2832 3855 bien
2875 3810 2958 3855 en
3002 3789 3188 3856 haste
3232 3811 3399 3875 pour
3450 3791 3511 3855 le
3568 3790 3865 3857 sculdain
3921 3802 4290 3876 partement
4346 3794 4436 3862 du
4477 3817 4619 3880 por-

2679 3883 2845 3940 teur.
2930 3876 3074 3941 Vra
3171 3891 3272 3943 est
3326 3897 3450 3960 que
3491 3877 3600 3942 ien
3648 3879 3789 3944 feus
3824 3879 3969 3944 hier
4010 3879 4306 3966 adverty,
4351 3883 4520 3949 mais
4552 3902 4618 3947 ce

2678 3961 2853 4027 feust
2898 3983 2938 4027 a
2977 3961 3161 4028 hmct
3201 3963 3436 4029 heures
3478 3962 3558 4029 de
3600 3964 3803 4043 nuict‚
3848 3985 3979 4047 que
4018 3986 4127 4031 ma
4162 3968 4477 4034 micraiue
4521 3988 4619 4032 me

2728 4048 3098 4113 ourmenoit
3139 4050 3195 4113 si
3238 4048 3602 4131 rudement,
3647 4070 3777 4132 qua
3818 4050 4028 4134 grand
4083 4053 4279 4136 peine
4335 4054 4615 4121 iouvrois

2707 4153 2746 4196 a
2786 4130 3050 4198 bouche.
3142 4134 3204 4199 A
3247 4155 3318 4199 ce
3362 4135 3572 4199 matin
3623 4138 3686 4200 ie
3739 4138 3999 4218 pensois
4052 4138 4189 4221 quil
4241 4138 4379 4205 fust
4427 4160 4474 4223 p

2680 4219 2908 4300 iusque
2954 4239 2993 4283 a
3036 4239 3110 4283 ce
3148 4240 3272 4301 que
3315 4225 3356 4285 a.
3397 4219 3596 4287 lissue
3653 4219 3741 4286 du
3786 4243 4048 4288 sermon
4103 4222 4153 4287 il
4195 4245 4304 4289 ma
4348 4224 4447 4291 dit
4487 4224 4615 4308 quil

2681 4302 3080 4370 attenderoit
3121 4325 3213 4369 un
3258 4313 3449 4388 quart
3503 4304 3748 4373 dheure
3802 4328 3966 4390 pour
4018 4330 4124 4375 me
4166 4310 4334 4376 faire
4375 4310 4612 4395 plaisir.

2682 4390 2993 4475 Parquoy
3032 4391 3095 4455 ie
3134 4410 3300 4456 vous
3342 4391 3605 4477 prieray
3647 4391 3968 4460 dexcuser
4007 4394 4075 4460 la
4115 4395 4446 4465 briefvete.

2854 4474 3082 4558 Quant
3124 4498 3165 4542 a
3206 4476 3460 4542 laffaire
3516 4478 3606 4543 du
3662 4480 4095 4565 personnaige
4138 4480 4301 4547 dont
4354 4484 4411 4548 ie
4455 4500 4614 4549 vous

2681 4562 2861 4627 avois
2917 4563 3154 4645 requis,
3181 4565 3233 4639 ¹)
3288 4563 3337 4627 il
3388 4584 3499 4628 ma
3543 4566 3870 4648 respondu
3925 4588 4011 4631 en
4074 4588 4238 4633 vous
4306 4570 4615 4634 merciant

2682 4647 2832 4713 bien
2891 4648 3344 4715 humblement
3408 4646 3487 4715 de
3544 4649 3609 4715 la
3673 4650 3889 4718 bonne
3952 4652 4254 4721 affection
4318 4675 4438 4738 que
4502 4653 4612 4737 luy

2677 4744 3023 4816 monstres,
3063 4734 3202 4817 quil
3245 4732 3571 4801 vouldroit
3612 4733 3856 4801 devant
3896 4744 4115 4803 tontes
4158 4738 4387 4806 choses
4428 4739 4613 4804 avoir

2677 4822 3138 4904 communique
3159 4841 3315 4887 avec
3356 4820 3421 4885 la
3453 4822 3683 4904 partie,
3721 4824 4068 4907 craignant
4103 4845 4228 4908 que
4260 4846 4382 4908 par
4408 4823 4610 4888 faulte

2678 4903 3267 4972 dadvertissement
3307 4906 3590 4987 mutuel,
3645 4908 3728 4974 ils
3771 4929 3857 4973 ne
3915 4930 3985 4975 se
4042 4917 4457 4978 trouvassent
4497 4929 4608 4992 pm

2676 4990 2827 5056 bien
2864 4991 3195 5058 ensemble
3240 5013 3279 5057 a
3322 4991 3638 5059 ladvenir.
3731 4992 3830 5059 Or
3883 4994 4128 5062 durant
4180 5019 4286 5064 ces
4332 4995 4605 5062 troubles

2878 5264 4441 5340 SJDeooneqouoputaquodadN.8270fflqin-m‚

2697 5333 3361 5404 sss.1)1v.eos,n0oe
3390 5333 3439 5389 4.
