4825 6175
204 448 312 514 41⁷

203 651 374 719 quam
407 631 486 696 in
521 629 796 698 brevem
829 631 1351 715 propositionem,
1396 649 1529 698 non
1562 629 1657 696 ita
1688 629 1943 713 pridem
1978 637 2131 696 ante

199 726 453 785 mortem
499 736 706 796 suam,
752 724 982 784 contra
1023 718 1482 783 Lovanienses
1537 716 1804 783 rabulas
1856 714 2129 799 redegit,

199 803 377 872 nimis
433 801 664 868 acerbe
718 802 790 866 in
848 801 1068 868 libello
1123 824 1401 887 nupero,
1466 804 1539 868 in
1595 823 1806 885 parva
1858 804 2128 885 inquam

200 888 579 955 confessione
633 909 755 953 sua
798 897 1024 953 contra
1080 909 1201 954 nos
1265 888 1441 953 edita
1491 888 1600 953 cui
1655 886 2130 970 respondimus,

200 974 378 1051 ursit,
432 982 502 1038 et
556 975 629 1038 in
679 994 922 1057 magna
977 994 1096 1038 sua
1137 972 1539 1040 confessione
1593 973 1741 1039 fuse
1793 973 2126 1056 explicuit.

197 1056 536 1126 Contendit
596 1060 813 1142 ipsum
871 1060 1171 1124 naturale
1234 1080 1476 1143 corpus
1535 1058 1839 1138 Domini,
1903 1060 1998 1123 ita
2049 1067 2128 1123 ut

196 1152 413 1211 natum
467 1152 568 1210 est
623 1145 704 1209 de
761 1145 1052 1227 virgine,
1110 1145 1445 1228 integrum
1503 1144 1731 1209 adesse
1788 1156 1856 1210 et
1911 1142 2015 1212 edi
2058 1145 2128 1208 in

195 1250 388 1297 coena
424 1230 724 1314 mystica,
768 1230 865 1294 ita
906 1241 1128 1295 tamen
1174 1241 1249 1294 ut
1292 1232 1480 1314 panis
1523 1238 1789 1296 maneat
1830 1229 2021 1313 panis
2063 1235 2133 1294 et

195 1337 318 1382 non
359 1325 779 1382 convertatur
822 1317 895 1380 in
937 1337 1175 1397 corpus
1214 1314 1506 1392 Domini,
1559 1315 1987 1380 nihilominus
2033 1327 2129 1379 ta-

193 1421 337 1467 men
401 1420 562 1466 vere
627 1411 690 1466 et
750 1401 1270 1467 substantialiter
1333 1401 1507 1466 adsit
1567 1409 1637 1466 et
1708 1399 2131 1483 corporaliter

193 1483 630 1560 manducetur.
673 1507 804 1551 non
845 1487 1036 1551 modo
1079 1508 1192 1553 ore
1234 1486 1405 1565 fidei,
1450 1486 1565 1551 sed
1608 1506 1721 1554 ore
1754 1487 1951 1552 etiam
1987 1507 2129 1552 cor-

189 1572 376 1656 poris.
465 1572 574 1637 Ita
627 1573 799 1637 enim
860 1580 929 1637 et
983 1570 1219 1637 Iudam
1278 1571 1617 1637 contendit
1668 1569 1882 1637 edisse
1938 1573 2128 1655 ipsis·-

192 1658 424 1724 simum
504 1656 777 1722 Domini
854 1658 1010 1722 Iesu
1090 1679 1356 1740 eorpuS,
1432 1677 1624 1739 quem
1706 1667 1927 1722 tamen
2001 1656 2131 1722 fide

187 1744 471 1809 caruisse
526 1751 798 1808 constat.
908 1741 1096 1808 Nihil
1168 1743 1329 1808 haec
1401 1744 1648 1808 distant
1705 1764 1745 1808 a
1801 1743 2132 1825 papisticis

187 1828 794 1907 abominationibus,
839 1829 932 1894 mi
983 1829 1261 1906 Temere,
1305 1838 1575 1911 excepto
1619 1848 1752 1893 uno
1795 1828 2131 1893 transsub-

187 1914 629 1980 stantiationis
675 1914 1007 1980 vocabulo.
1099 1914 1449 1980 Caeterum
1487 1913 1776 1993 Luthew,
1833 1935 2028 1997 quam
2038 1914 2132 1978 vis

185 2019 427 2083 magno
494 2000 565 2064 in
623 2000 770 2066 aliis
826 2002 1000 2078 viro,
1056 1999 1181 2066 hac
1235 2000 1306 2063 in
1364 2020 1437 2063 re
1494 2009 1628 2063 tam
1687 2019 1821 2064 non
1866 2019 2133 2084 possum

185 2084 527 2164 accedere,
580 2106 772 2168 quam
818 2105 952 2151 non
1004 2105 1268 2168 possum
1318 2084 1490 2149 ferre
1545 2086 1926 2167 papisticam
1986 2107 2134 2151 sen-

183 2172 468 2236 tentiam
512 2170 594 2236 de
637 2170 800 2235 reali
855 2181 922 2237 et
962 2171 1283 2255 corporali
1337 2172 1709 2253 praesentia
1751 2182 1819 2234 et
1856 2171 2134 2237 mandu-

181 2258 462 2335 catione,
505 2255 711 2322 libera
751 2266 971 2321 tamen
1016 2276 1056 2320 a
1095 2256 1254 2334 loco,
1296 2256 1609 2339 qualitate
1653 2264 1720 2321 et
1751 2257 2134 2338 quantitate.

177 2341 284 2407 Ita
326 2344 517 2408 enim
556 2342 915 2424 loquuntur
947 2342 1086 2406 isti:
1132 2342 1515 2408 manducari
1553 2348 1623 2406 et
1657 2339 1883 2407 adesse
1903 2362 2134 2406 verum

177 2425 462 2493 Domini
519 2447 786 2510 corpus,
847 2427 959 2493 sed
1016 2427 1331 2493 miraculo
1375 2425 1684 2508 quodam,
1739 2448 1869 2492 non
1927 2427 2134 2510 quali-

175 2514 416 2594 tative,
487 2533 615 2578 non
662 2513 1134 2597 quantitative,
1194 2521 1263 2579 et
1316 2534 1448 2578 non
1505 2521 1813 2594 tanquam
1857 2513 1929 2578 in
1971 2513 2131 2578 loco.

174 2596 371 2680 Quod
429 2598 708 2682 perinde
765 2609 864 2664 est
917 2620 994 2665 ac
1047 2599 1104 2663 si
1158 2600 1305 2682 quis
1359 2598 1561 2676 dicat,
1619 2598 1840 2681 ignem
1897 2599 2132 2664 alicubi

169 2684 442 2764 ardere,
504 2683 621 2750 aed
663 2705 799 2749 non
842 2682 1057 2751 lucere
1075 2735 1091 2763 ,
1150 2705 1285 2749 non
1341 2684 1711 2749 calefacere.
1812 2684 1919 2749 Ita
1977 2704 2133 2749 vero

170 2772 620 2853 proprietates
690 2769 900 2835 eidem
974 2770 1071 2834 rei
1143 2789 1275 2834 uno
1350 2776 1680 2834 momento
1757 2768 2008 2835 addunt
2069 2780 2137 2835 et

169 2855 507 2933 adimunt,
554 2865 632 2922 ut
672 2854 916 2933 eadem,
959 2855 1250 2937 inquam,
1304 2875 1410 2919 res
1453 2853 1646 2920 simul
1692 2860 1762 2919 et
1804 2856 2000 2921 semel
2048 2856 2135 2921 sit

207 2939 345 3006 uod
382 2962 536 3008 esse
580 2941 771 3007 debet
804 2949 872 3006 et
911 2950 1131 3006 tamen
1177 2960 1310 3004 non
1362 2939 1454 3006 sit
1509 2939 1682 3022 quod
1738 2961 1880 3006 esse
1923 2939 2131 3007 debet.

234 3028 358 3093 uin
421 3035 504 3093 ut
556 3028 881 3110 scriptura
934 3027 1060 3093 sibi
1124 3046 1258 3091 non
1312 3033 1666 3108 repugnet,
1726 3034 1799 3090 ut
1853 3025 2135 3093 absurda

163 3113 470 3198 plurima
534 3113 1001 3192 excludantur,
1083 3122 1157 3178 ut
1230 3132 1305 3178 co
1425 3111 1518 3176 ris
1587 3112 1935 3177 veritatem
2001 3134 2132 3179 non

164 3197 555 3266 adimamus
628 3197 888 3265 Christo
952 3197 1272 3275 Domino,
1385 3197 1619 3280 enique
1682 3206 1759 3263 ut
1816 3199 2135 3264 miracula

159 3294 443 3368 praeter
488 3286 946 3351 necessitatem
990 3305 1122 3349 non
1165 3283 1612 3365 confingamus
1667 3283 1793 3366 ipsi
1836 3294 2026 3349 extra
2068 3294 2137 3350 et

161 3379 405 3437 contra
477 3371 872 3454 scripturam
890 3421 907 3449 ,
986 3378 1056 3434 et
1131 3378 1208 3434 ut
1271 3367 1696 3435 sacramentis
1767 3370 2135 3437 tribuamus

155 3454 336 3539 quod
407 3458 712 3539 ipsorum
778 3463 910 3536 est,
991 3454 1250 3537 spiritui
1313 3463 1538 3520 sancto
1611 3462 1688 3519 ut
1749 3453 1902 3519 fidei
1959 3456 2133 3537 quod

27 3562 28 3587 ¹
155 3540 477 3641 ipsorum
523 3542 857 3624 proprium
900 3548 1032 3618 est,
1090 3538 1324 3605 melius
1367 3545 1622 3618 (nostra
1678 3538 1938 3623 quidem
1982 3563 2132 3607 sen—

152 3633 426 3706 tentia),
481 3628 746 3706 rectius,
789 3626 1148 3708 simplicius
1199 3633 1268 3689 et
1320 3625 1481 3690 satis
1522 3646 1666 3689 esse
1717 3623 2016 3705 videtur,
2074 3627 2133 3693 si

155 3714 547 3778 sentiamus
590 3725 660 3777 et
715 3712 1040 3789 dicamus,
1099 3712 1291 3776 sicuti
1347 3710 1672 3793 scriptura
1727 3731 1979 3793 quoque
2036 3711 2133 3777 lo·

153 3798 418 3880 quitur,
473 3800 690 3882 ipsum
737 3817 976 3881 corpus
1017 3795 1288 3861 Domini
1344 3816 1576 3861 verum
1632 3804 1701 3861 et
1740 3798 2132 3881 sanguinem

153 3885 298 3950 eius
343 3905 602 3951 verum
646 3883 752 3950 edi
793 3895 862 3948 et
904 3882 1040 3949 bibi
1082 3881 1338 3958 (Ioann.
1385 3886 1476 3959 6),
1536 3879 1651 3947 sed
1704 3879 1834 3947 fide
1889 3892 1958 3949 et
1998 3884 2128 3964 spi-

147 3968 287 4035 ritu
306 4022 323 4048 ,
390 3972 615 4036 etiam
673 3980 863 4035 extra
917 3974 986 4034 e't
1037 3976 1191 4033 ante
1256 3987 1557 4045 coenam,
1618 3967 1870 4047 quoties
1932 3966 2130 4034 homo

152 4055 393 4122 audito
459 4056 674 4121 verbo
731 4053 961 4120 salutis
1023 4052 1233 4118 credit
1304 4060 1373 4118 et
1433 4073 1577 4117 sese
1644 4050 1910 4122 Christo
1973 4074 2127 4119 con·-

143 4138 410 4226 iungit:
465 4161 744 4207 coenam
779 4150 1002 4205 autem
1036 4159 1178 4204 esse
1218 4138 1619 4214 memoriam,
1663 4146 2127 4203 testamentum

145 4223 356 4310 (Luc.
417 4229 536 4303 22,
594 4226 785 4292 Rom.
845 4230 935 4306 4),
993 4225 1435 4290 testimonium
1489 4231 1556 4288 et
1606 4222 2128 4307 obsignationcm

145 4311 390 4379 traditi
416 4332 553 4396 pro
574 4311 766 4377 nobis
798 4310 1087 4394 corporis
1120 4317 1189 4375 et
1208 4309 1393 4374 effusi
1426 4308 1786 4392 sanguinis,
1828 4322 2129 4390 peractae

141 4398 400 4464 mutis
468 4407 548 4461 et
599 4398 777 4462 vitae
826 4396 1014 4463 nobis
1066 4396 1137 4460 in
1190 4406 1397 4460 morte
1438 4393 1695 4461 Christi
1752 4413 1868 4476 per
1929 4394 2128 4459 fidem

143 4483 527 4550 exhibitae
582 4492 777 4565 atque
820 4490 1150 4566 receptae,
1205 4482 1302 4546 ita
1353 4486 1430 4545 ut
1486 4478 1613 4545 fide
1665 4480 2129 4562 participantes

142 4588 364 4635 coena
439 4569 971 4652 obsignationem
1040 4567 1363 4649 accipiant
1425 4567 1563 4632 eius
1629 4565 1726 4630 rei
1790 4564 1959 4648 quod
2027 4586 2129 4630 re-

143 4651 418 4739 dempti
499 4665 718 4720 morte
787 4653 1063 4719 Domini
1135 4652 1301 4718 salvi
1367 4652 1499 4717 iam
1564 4659 1632 4715 et
1698 4672 1902 4715 unum
1978 4671 2128 4717 cum

141 4740 442 4807 Christo
494 4740 659 4806 facti
714 4740 850 4805 sint
893 4744 955 4815 (l
1007 4737 1154 4804 Cor.
1210 4742 1332 4815 10),
1389 4737 1500 4836 qui
1554 4745 1654 4802 est
1704 4735 1886 4803 cibus
1933 4737 2128 4815 vitae,

141 4837 212 4891 et
254 4828 463 4894 vitae
513 4824 780 4908 quidem
823 4825 1174 4891 sensitivae
1224 4845 1358 4888 non
1398 4822 1891 4905 imaginativae,
1942 4842 2132 4904 prae·

138 4914 368 4979 sentis
417 4933 576 4978 non
616 4910 926 4976 absentis.
1012 4909 1187 4974 Nam
1234 4908 1396 4974 fides
1438 4929 1569 4973 non
1613 4915 1716 4971 est
1766 4928 1871 4972 res
1928 4927 2134 4972 vacua

139 4998 379 5064 inanis
460 5004 546 5063 et
596 5017 786 5063 vana.
874 4994 1190 5061 Sentiunt
1249 4995 1427 5059 intra
1481 5013 1553 5058 se
1604 4991 1829 5058 fideles
1884 4992 2021 5058 vim
2066 4999 2134 5057 et

135 5086 524 5153 viventem
560 5085 634 5148 in
666 5081 828 5166 ipsis
859 5080 1250 5147 Dominum:
1285 5081 1417 5144 imo
1449 5078 1544 5143 ita
1578 5077 1770 5162 plene
1801 5083 1870 5142 et
1904 5097 2133 5160 super-

141 5170 607 5237 abundanter
644 5171 960 5235 fruuntur
980 5167 1264 5232 Domino
1299 5177 1366 5232 et
1406 5163 1709 5231 omnibus
1741 5164 1930 5229 bonis
1973 5164 2132 5244 eius,

139 5266 219 5322 ut
261 5257 462 5324 nihil
515 5255 805 5338 amplius
839 5259 1151 5334 exoptare
1184 5260 1249 5315 et
1282 5248 1667 5330 desiderare,
1711 5249 1982 5334 possint,
2026 5271 2130 5317 sa-

141 5345 285 5409 turi
327 5346 490 5410 iam
543 5350 612 5406 et
647 5338 918 5425 perfecti
945 5340 1021 5405 ,in
1057 5336 1321 5403 Christo
1361 5357 1481 5421 per
1512 5337 1750 5416 omnia,
1793 5335 1924 5402 nisi
1963 5332 2134 5419 quod

371 5443 625 5503 Gabini
650 5458 834 5514 opera.
913 5440 1026 5497 Vol.
1066 5438 1214 5494 XII.

1877 444 2039 519 12546
2081 440 2500 512 NOVEMB.

4057 457 4187 522 418

2233 651 2476 715 magno
2516 628 2732 697 cordis
2772 629 2979 700 iubilo
3019 628 3271 715 aliquot
3308 632 3380 698 in
3426 653 3600 700 anno
3642 633 3901 702 vicibus
3940 636 4191 708 saluta-

2231 717 2334 783 ria
2365 716 2687 801 mysteria
2719 715 3127 784 celebrantes
3159 717 3525 785 exhibitam
3559 720 3841 786 salutem
3873 732 4191 808 reparant

2235 811 2430 885 atque
2482 809 2833 882 renovant,
2900 802 3074 869 sicut
3121 804 3267 887 ipse
3322 803 3642 889 disposuit
3695 806 4025 876 Dominus
4042 860 4060 890 ,
4118 818 4188 877 et

2232 887 2406 971 quod
2458 908 2717 970 semper
2768 887 3104 971 postulant
3156 896 3233 954 ut
3251 939 3266 969 ,
3339 890 3515 973 quod
3571 890 3707 957 iam
3759 892 3889 959 fide
3943 903 4011 960 et
4070 917 4189 980 spe

2231 971 2588 1055 possident,
2631 994 2750 1039 suo
2792 982 3105 1057 tempore,
3149 972 3408 1058 quando
3447 974 3754 1044 videlicet
3787 979 3933 1044 Deo
3966 981 4189 1048 visum

2229 1059 2431 1124 fu'erit
2472 1080 2582 1124 eos
2626 1059 2781 1125 hinc
2822 1059 2907 1124 ad
2951 1081 3021 1128 ee
3054 1060 3431 1141 transferre,
3476 1062 3853 1146 plenissime
3895 1066 4192 1133 conferat

2230 1145 2304 1209 in
2339 1142 2609 1210 Christo
2650 1145 2860 1210 vitam
2895 1153 3249 1212 aeternam.
3334 1147 3445 1213 Ita
3485 1168 3680 1231 porro
3716 1171 3851 1215 non
3907 1152 4035 1216 erit
4068 1173 4186 1218 ne-

2231 1247 2412 1295 cesse
2452 1229 2805 1314 imaginari
2847 1250 3081 1313 corpus
3105 1229 3381 1298 Domini
3406 1232 3793 1300 miraculose
3826 1235 4004 1302 coelo
4039 1235 4188 1303 des-

2231 1315 2511 1382 cendere
2565 1323 2634 1381 et
2684 1335 2829 1381 sese
2885 1326 3115 1382 contra
3185 1319 3325 1383 veri
3377 1320 3664 1401 corporis
3719 1323 4186 1404 proprietatem

2230 1421 2350 1483 per
2388 1401 2611 1467 omnia
2652 1399 3036 1479 diffundere,
3078 1404 3235 1485 pani
3281 1424 3423 1469 sese
3463 1404 3567 1469 vel
3612 1403 3971 1490 adiungere
4012 1426 4189 1474 com-

2232 1486 2657 1569 miscereque,
2691 1487 2803 1554 vel
2835 1486 2910 1551 in
2944 1507 3179 1570 panem
3210 1491 3519 1567 converti,
3557 1499 3674 1555 aut
3707 1492 3965 1558 sublata
3997 1493 4189 1575 panis

2233 1571 2608 1638 substantia
2648 1594 2720 1637 se
2761 1573 3097 1638 continere
3139 1572 3263 1638 sub
3295 1575 3636 1658 speciebus
3678 1578 3886 1659 panis.
3953 1578 4188 1646 Manet

2232 1658 2304 1722 in
2347 1678 2468 1723 sua
2505 1658 2874 1724 substantia
2915 1666 2983 1723 et
3027 1659 3306 1725 veritate
3350 1660 3693 1741 Dominus,
3735 1660 4011 1747 ideoque
4044 1686 4188 1729 ma·-

2235 1751 2351 1808 net
2391 1744 2464 1808 in
2506 1743 2685 1810 coelo
2731 1743 3056 1810 Dominus
3071 1796 3089 1824 ‚
3142 1745 3253 1828 qui
3298 1746 3496 1810 etiam
3539 1746 3613 1810 in
3657 1747 3835 1813 coelo
3870 1758 3972 1815 est
4014 1750 4188 1817 filius

2235 1828 2539 1894 hominis.
2627 1830 2862 1896 Manet
2928 1829 3002 1893 in
3066 1851 3186 1896 sua
3248 1831 3618 1898 substantia
3718 1834 3879 1899 anis.
3981 1835 4187 1902 Prae-

2235 1923 2420 1979 terea
2462 1913 2761 1980 homines
2800 1934 3142 1981 manemus
3184 1916 3255 1981 in
3298 1926 3504 1983 terra:
3549 1938 3659 1984 cor
3704 1939 3740 1985 e
3782 1928 4027 2000 autem,
4072 1920 4189 1987 ad-

2235 2009 2546 2066 monente
2589 2001 2892 2066 ministro
2935 2007 3005 2066 et
3040 1999 3322 2067 dicente:
3369 2000 3654 2069 Sursum
3688 2005 3913 2071 cordal
3961 2026 4188 2073 ascen-

2237 2083 2472 2164 dimus,
2517 2085 2849 2161 evehente⁴
2881 2107 3000 2151 nos
3043 2087 3299 2170 spiritu,
3344 2094 3412 2153 et
3443 2088 3574 2154 fide
3616 2089 3687 2154 in
3730 2091 4017 2171 coelum,
4073 2089 4191 2157 ubi

2238 2170 2506 2237 Christo
2544 2179 2699 2249 toto,
2745 2170 2888 2236 Deo
2929 2170 3234 2239 videlicet
3266 2182 3334 2239 et
3367 2173 3652 2254 homine,
3696 2175 4186 2258 participamus,

2236 2257 2930 2339 participationemque
3012 2257 3261 2324 dudum
3331 2258 3461 2324 fide
3533 2270 3826 2344 coeptam
3899 2260 4189 2345 adeoque

2235 2355 2611 2425 perceptam
2657 2345 3112 2409 continuamus
3155 2353 3223 2410 et
3274 2366 3701 2426 renovamus,
3759 2355 3836 2411 ut
3883 2347 3999 2412 ille
4053 2347 4190 2413 iam

2238 2435 2476 2511 pergat
2516 2428 2743 2493 vivere
2786 2427 2856 2492 in
2900 2429 3085 2494 nobis
3129 2437 3197 2494 et
3240 2450 3361 2497 nos
3405 2430 3479 2496 in
3524 2432 3685 2514 ipso.

2411 2510 2763 2580 Caeterum
2799 2512 2968 2578 nihil
3003 2514 3112 2580 hic
3146 2523 3301 2580 tuae
3334 2516 3565 2599 pietati
3607 2519 3978 2600 praescribo
4013 2519 4185 2602 quod

2235 2597 2465 2665 credas
2518 2604 2634 2663 aut
2695 2599 2985 2680 recipias.
3087 2601 3332 2684 Recipe
3392 2602 3566 2683 quod

2237 2685 2712 2766 scripturarum
2766 2704 2909 2749 esse
2965 2693 3497 2751 consentaneum.

2237 2769 2567 2835 recitando
2611 2770 2837 2852 paucis
2870 2771 3243 2853 perstringo
3287 2779 3363 2836 ut
3405 2770 3627 2838 videas
3672 2795 3874 2855 quare
3919 2774 4189 2841 [anthero

2236 2854 2560 2921 hactenus
2604 2853 2910 2921 accedere
2952 2875 3087 2920 non
3131 2856 3462 2939 potuimus
3519 2866 3587 2922 et
3643 2858 3797 2942 quid
3864 2857 3945 2923 de
3988 2879 4191 2928 coena

2236 2940 2508 3006 Domini
2566 2941 2945 3018 sentiamus,
3004 2961 3140 3005 non
3182 2942 3382 3006 inane
3434 2943 3659 3026 utique
3717 2952 3784 3009 et
3838 2944 4190 3027 profanum

2236 3024 2563 3176 guoddam
2604 3031 3123 3094 commentantes
3166 3025 3428 3111 signum
3479 3036 3596 3094 aut
3638 3028 4027 3113 symbolum,
4071 3029 4188 3097 sed

2280 3113 2533 3178 ivinum
2571 3113 2785 3195 plane,
2825 3111 2998 3195 quod
3032 3121 3135 3177 est
3165 3115 3555 3197 mysterium
3592 3123 3856 3180 nostrae
3889 3115 4190 3199 redemp-

2237 3198 2438 3263 tionis
2456 3249 2474 3277 ‚
2527 3198 2781 3282 gratiae
2838 3197 3169 3264 exhibitae
3212 3199 3401 3265 nobis
3458 3219 3499 3263 a
3548 3200 3835 3266 Domino
3890 3201 4188 3267 testimo-

2235 3285 2454 3363 nium,
2504 3283 2760 3350 visibile
2803 3283 3074 3348 verbum
3094 3332 3111 3362 ,
3171 3292 3238 3350 et
3294 3292 3597 3369 receptae
3656 3286 3891 3351 salutis
3946 3287 4017 3351 in
4072 3306 4189 3371 spe

2235 3368 2652 3454 signaculum
2675 3367 3186 3452 concordiaeque
3219 3375 3288 3434 et
3313 3369 3659 3437 christiani
3693 3369 3971 3437 foederis
4006 3392 4188 3456 sym-

2234 3455 2457 3522 bolum
2507 3490 3121 3503 —————
3188 3455 3420 3539 Tiguri
3479 3463 3576 3521 14.
3638 3457 3701 3522 N
3703 3452 3953 3522 ovemb.
4015 3477 4190 3523 anno

3665 2604 3871 2668 utaris
3929 2604 4191 2703 veritati

3674 2709 3787 2754 aec
3851 2699 4055 2755 recito
4120 2697 4190 2755 et

2846 3624 3273 3709 Bullingerus
3315 3632 3490 3691 totus
3533 3647 3619 3691 ex
3661 3626 3879 3692 animo
3924 3635 4100 3693 tuus.

3009 3916 3413 3928 *—

3131 4130 3286 4202 852.

2625 4285 2977 4353 CALVIN
3019 4288 3085 4355 A
3125 4285 3220 4352 M.
3263 4284 3391 4352 DE
3436 4283 3800 4352 FALAIS.

2402 4453 3841 4524 DulivrechenisdclaRoche.Du
4052 4461 4180 4530 ‘e

2232 4545 2307 4611 dc
2353 4543 2544 4610 Viret.
2622 4542 2725 4608 De
2766 4540 3124 4625 z’Apozoqie.
3202 4538 3305 4608 De
3342 4540 3411 4606 la
3450 4540 3631 4607 sante
3670 4541 3759 4608 du
3797 4542 4009 4611 baron.
4077 4484 4180 4615 ἵε

2230 4630 2299 4697 la
2345 4650 2570 4714 guerre
2623 4627 3074 4711 d’Allemaqne.
3177 4625 3282 4692 Dc
3328 4646 3431 4693 ses
3482 4626 3665 4693 ecrite
3718 4647 3836 4693 sur
3893 4630 3960 4695 Ζα
4014 4634 4175 4699 cene.

2232 4717 2519 4800 Affaires
2549 4714 2805 4798 privees
2845 4713 3133 4779 diverses.

2233 4886 2412 4957 <⁰⁶⁸-
2426 4883 3108 5025 tlassz‘zh0-2-1Bfflszz
3138 4880 3538 5006 {saw
3567 4876 3701 5017 {22⁷1
3717 4879 3823 5003 ‘3¹12
3843 4879 3930 5005 a·
3945 4914 4036 5021 s·
4071 4871 4176 4944 ffl-

2523 5108 2589 5175 A
2629 5107 3097 5193 Monseigneur
3137 5105 3478 5172 Monsieur
3518 5102 3600 5169 de
3639 5100 3883 5169 Palles.

2402 5245 2892 5329 Monseigneur,
2928 5241 3223 5311 combien
3255 5260 3382 5325 que
3413 5239 3766 5307 iattendois
3791 5260 3912 5306 vos
3946 5241 4174 5316 lettres

2235 5330 2317 5397 de
2353 5330 2506 5397 iour
2543 5353 2627 5397 en
2664 5331 2829 5410 iour,
2871 5330 2936 5395 ie
2969 5350 3106 5414 nay
3141 5327 3342 5394 voulu
3394 5324 3976 5480 toutefoismlaisser
4007 5331 4173 5400 aller
