4825 6175
653 435 790 496 455

659 614 913 680 clusion
971 623 1290 690 arrestec,
1360 613 1404 678 il
1462 634 1544 677 ne
1611 634 1778 678 vous
1834 632 1982 678 sera
2084 631 2157 677 88
2214 610 2481 677 difficile
2540 609 2623 675 de

662 709 1040 767 surmonter
1082 709 1240 764 tout.
1331 699 1427 764 Oe
1471 698 1766 783 pendant
1821 720 1974 765 usez
2075 719 2110 763 e
2152 696 2620 780 lopportunite,

661 808 736 852 ce
780 784 1069 868 pendant
1109 784 1323 867 quelle
1376 807 1542 850 vous
1587 795 1687 849 est
1726 785 1975 850 offerte.
2064 783 2198 849 Car
2241 803 2495 848 comme
2539 804 2622 846 en

661 892 792 937 une
845 873 1038 936 chose
1098 872 1372 948 saincte,
1445 871 1488 935 il
1553 891 1721 935 nous
1779 871 2087 936 convient
2141 869 2483 934 conclurre
2537 889 2620 931 en

659 956 843 1032 brief,
891 978 1045 1022 sans
1089 956 1423 1022 consulter
1443 957 1499 1037 ὃ)
1545 977 1629 1021 88
1673 957 1892 1022 varier
1934 956 2092 1039 long
2136 964 2383 1037 temps,
2444 954 2621 1018 aussi

659 1052 759 1108 881
799 1042 843 1106 il
890 1042 1253 1107 necessaire
1311 1040 1663 1107 dexecuter
1707 1049 1958 1107 tantost
2000 1064 2073 1107 ce
2121 1062 2245 1123 que
2289 1060 2457 1105 nous
2503 1060 2619 1103 au-

659 1149 814 1193 rons
859 1128 1154 1202 conclud,
1215 1129 1588 1211 craignant‚
1648 1127 1831 1192 selon
1885 1128 1950 1190 la
2003 1125 2294 1210 fragilita
2351 1124 2463 1207 qui
2519 1133 2618 1190 est

660 1235 742 1279 en
789 1235 970 1292 nous,
1017 1212 1096 1276 de
1141 1234 1305 1278 nous
1349 1213 1649 1278 refroidir
1695 1212 1774 1278 de
1819 1221 2039 1278 nostre
2087 1212 2211 1277 bon
2257 1230 2515 1295 propos.

832 1299 1015 1363 Pour
1049 1299 1210 1363 faire
1245 1300 1359 1377 fin,
1405 1299 1720 1364 scachant
1755 1321 1879 1382 que
1914 1309 2126 1363 toutes
2162 1296 2618 1361 exhortatione

660 1385 947 1449 seroient
986 1384 1215 1450 vaines
1262 1397 1327 1446 et
1369 1384 1638 1449 inutiles
1684 1383 1763 1449 de
1807 1406 1978 1469 moy,
2040 1385 2227 1449 sinon
2272 1403 2396 1465 que
2439 1382 2617 1445 Dieu

659 1469 804 1534 leur
847 1470 1097 1533 (108881
1135 1479 1342 1544 vertu,
1392 1470 1485 1535 les
1519 1471 1760 1535 faisant
1796 1479 2020 1535 entrer
2055 1492 2137 1535 en
2159 1477 2380 1533 vostre
2404 1487 2615 1544 coeur,

659 1556 720 1619 ie
777 1554 837 1618 le
894 1555 1270 1639 supplieray
1336 1556 1415 1619 de
1471 1578 1636 1621 vous
1693 1556 2006 1621 instruite
2066 1555 2147 1619 de
2206 1573 2408 1636 vraye
2460 1574 2614 1635 pru-

660 1638 861 1705 dence
920 1662 1087 1722 pour
1142 1641 1329 1725 inger
1388 1662 1459 1706 ce
1516 1643 1626 1724 qui
1682 1663 1843 1707 vous
1913 1662 2061 1707 sera
2119 1639 2470 1722 expedient
2535 1639 2615 1702 de

658 1726 848 1800 faire,
912 1726 992 1789 de
1051 1748 1210 1790 vous
1264 1725 1520 1791 donner
1576 1741 1921 1793 constance
1974 1729 2178 1792 ferme
2222 1747 2390 1807 pour
2434 1725 2615 1789 obeir

659 1831 699 1876 8
743 1833 816 1875 88
861 1811 1142 1888 volonte,
1189 1812 1268 1875 (18
1317 1834 1478 1878 vous
1521 1813 1752 1876 tendre
1787 1813 1853 1877 la
1887 1814 2064 1876 main
2104 1824 2171 1877 et
2205 1832 2275 1876 se
2320 1819 2615 1874 montrer

660 1907 875 1962 vostre
921 1897 1341 1975 conductcur,
1388 1898 1468 1963 de
1510 1920 1673 1962 vous
1709 1900 1869 1962 faire
1913 1918 2105 1982 grace
2127 1901 2181 1974 ⁶)
2227 1917 2398 1979 quen
2444 1916 2613 1959 vous

657 1993 969 2064 reposant
1023 2003 1139 2046 sur
1195 1984 1308 2067 luy
1371 2006 1530 2048 vous
1589 1986 1830 2049 sentiez
1888 2006 1971 2049 en
2030 1991 2173 2048 tout
2228 1989 2293 2048 et
2347 1988 2613 2065 partout

658 2088 779 2132 son
825 2068 1198 2133 assistance.
1289 2069 1383 2134 Oe
1431 2075 1528 2132 20.

829 2204 1069 2268 Vostre
1112 2208 1437 2272 serviteur
1481 2215 1547 2271 et
1591 2205 1859 2272 humble
1902 2206 2090 2284 frere,

1785 2325 2062 2390 Charles
2108 2324 2504 2407 dEspeville.

1463 2628 1822 2640 -·———

1542 2875 1694 2944 870.

1251 3030 1467 3098 SPIN
1470 3032 1531 3096 A
1575 3028 2011 3097 CALVINO.

822 3222 905 3286 In
948 3221 1315 3287 memoriam
1357 3220 1418 3284 ei
1450 3223 1687 3284 revocat
1707 3217 2000 3299 primum
2042 3236 2182 3282 cum
2225 3237 2289 3281 eo
2331 3237 2607 3300 conmes-

647 3330 791 3375 eum
809 3359 823 3388 ‚
880 3314 936 3372 et
978 3308 1246 3371 nimium
1300 3325 1485 3370 suum
1542 3325 1683 3370 eum
1739 3304 1938 3370 denuo
2005 3303 2316 3369 invisendi
2368 3303 2606 3369 deside-

645 3396 820 3460 rium
864 3394 1080 3459 multis
1129 3397 1469 3458 attestatur.

644 3583 760 3647 (Ex
798 3581 1140 3649 autographo
1180 3581 1312 3634 Cod.
1351 3580 1513 3634 Goth.
1547 3578 1666 3645 404,
1704 3580 1794 3633 fol.
1844 3578 1960 3633 760.
2033 3580 2223 3634 Edidit
2257 3580 2428 3634 Liebe
2464 3596 2515 3649 p.
2537 3576 2605 3631 73

1415 3648 1512 3701 sed
1547 3648 1848 3713 mendose.)

865 3824 924 3886 A
975 3820 1314 3886 Monsieur
1357 3822 1632 3886 Maistre
1676 3820 1956 3886 Charles
2000 3818 2371 3903 despeville.

820 3958 965 4022 Iam
1008 3954 1258 4021 dudum
1301 3957 1370 4021 id
1405 3956 1726 4022 habebam
1761 3958 1833 4022 in
1868 3957 2108 4035 anim0,
2154 3956 2603 4023 amantissimo

645 4044 887 4123 frater,
967 4040 1042 4107 'ut
1105 4043 1391 4127 aliquam
1455 4051 1673 4109 tecum
1752 4043 2264 4108 familiaritatem
2339 4042 2598 4122 inirem,

645 4149 975 4212 quumque
1020 4149 1278 4194 summa
1311 4127 1652 4212 diligentia
1686 4129 2011 4194 rationem
2054 4149 2437 4211 quaererem
2475 4150 2602 4212 qua

643 4214 712 4279 id
756 4214 1089 4281 commode
1134 4215 1319 4279 fieret
1361 4224 1433 4279 ut
1480 4214 1771 4279 diuturni
1807 4214 2113 4280 desiderii
2156 4215 2287 4279 mei
2330 4237 2599 4298 exspec-

647 4302 804 4366 tatio
861 4300 1260 4383 expleretur,
1334 4321 1375 4365 a
1430 4301 1657 4366 multis
1716 4300 1798 4366 de
1851 4308 1918 4365 te
1972 4299 2430 4384 percontabar,
2489 4301 2600 4383 qui

642 4407 887 4470 magno
929 4407 1252 4452 consensu
1298 4407 1556 4451 summa
1596 4408 1749 4453 cum
1803 4396 1922 4450 tua
1977 4385 2171 4451 laude
2229 4407 2599 4470 magnaque

642 4494 802 4556 erga
846 4482 910 4537 18
955 4495 1111 4537 8888
1165 4471 1656 4537 benevolentiae
1716 4472 2191 4555 significatione
2246 4492 2356 4536 eas
2412 4493 2601 4555 prae-

642 4559 852 4623 claras
889 4559 1170 4623 virtutes
1207 4559 1823 4635 commemorabant,
1869 4578 2033 4640 quas
2067 4558 2138 4622 in
2181 4568 2247 4621 te
2269 4558 2599 4624 Dominus

639 4643 998 4709 liberaliter
1040 4643 1335 4721 contulit,
1381 4655 1448 4708 et
1482 4643 1755 4709 sollicite
1798 4663 2063 4709 exerces
2107 4643 2189 4709 ad
2234 4645 2598 4709 ornandam

642 4730 782 4794 eius
834 4729 1206 4795 ecclesiam:
1263 4730 1507 4794 nemini
1575 4744 1640 4795 18
1689 4730 1953 4814 ingenio
2009 4730 2378 4795 eruditione
2437 4751 2597 4813 pru-

641 4812 869 4879 dentia
901 4814 1260 4879 secundum
1295 4837 1456 4892 esse,
1504 4814 1784 4900 denique
1817 4816 2088 4882 obvium
2124 4826 2190 4881 et
2225 4818 2597 4899 expositum

639 4900 945 4966 omnibus
1013 4920 1175 4983 quos
1243 4899 1375 4965 ullo
1405 4905 1450 4977 Ι)
1525 4902 1919 4968 christianae
1975 4902 2311 4987 religionis
2376 4923 2597 4968 amore

639 4986 849 5050 teneri
905 4986 1367 5069 perspexisses.
1471 4986 1697 5068 Quum
1754 4987 1915 5055 11888
1968 5000 2164 5073 atque
2219 4987 2596 5054 huiusmodi

845 5189 907 5255 ὃ)
945 5191 1231 5245 conseiller
1267 5191 1357 5245 Bt.

846 5260 907 5321 6)
944 5268 1092 5313 ceste
1125 5277 1286 5329 grace
1325 5261 1416 5313 Bt.

653 5326 802 5380 870.
839 5328 897 5394 1)
939 5345 1044 5382 1180
1078 5329 1149 5383 L.

2214 417 2745 491 EPIS'POLAE
2786 427 3127 489 869—870
4547 429 4636 490 456

2724 610 2934 674 multa
2976 631 3111 676 non
3154 611 3378 675 minus
3427 611 3710 678 iucunde
3744 611 4045 676 audirem
4087 633 4286 695 quam
4330 634 4640 680 narraren-

2727 703 2854 773 tur,
2899 717 3006 761 me
3048 697 3264 779 ipsum
3310 698 3778 763 confirmabam
3823 697 3905 763 de
3947 719 4063 780 spe
4105 707 4435 781 concepta,
4496 700 4641 768 facile

2724 783 3017 846 futurum
3062 791 3138 846 ut
3172 804 3275 846 me
3310 783 3383 847 18
3419 784 3776 849 amicitiam
3816 795 3993 848 tuam
4033 786 4372 866 reciperes.
4442 786 4639 852 Resa-

2723 868 2838 932 bat
2880 869 3162 946 occasio,
3219 888 3416 950 quam
3472 870 3584 934 diu
3632 881 3699 934 et
3742 873 3941 933 anxie
3983 871 4383 953 supplicibus
4432 873 4582 937 votis
4614 896 4642 938 a

2724 954 3011 1017 Domino
3077 955 3534 1037 efflagitavi‚²)
3614 956 3724 1036 qui
3806 955 4060 1020 occulto
4140 957 4409 1022 consilio
4498 977 4641 1040 spem

2724 1059 2937 1102 meam
2997 1060 3115 1120 per
3173 1039 3399 1123 longos
3454 1061 3663 1106 annos
3719 1042 3903 1105 varie
3942 1043 4233 1125 agitavit.
4324 1042 4642 1125 Nunquam

2724 1131 2943 1188 tamen
2992 1124 3212 1189 destiti
3257 1147 3463 1204 orare,
3526 1124 3730 1192 donec
3787 1126 4051 1191 tandem
4090 1128 4311 1192 victus
4331 1130 4387 1201 ⁸)
4435 1130 4642 1211 partim

2724 1209 3124 1292 benignitate
3169 1231 3291 1276 sua
3337 1231 3530 1292 quam
3578 1212 3829 1275 nemini
3874 1212 4176 1277 claudere
4221 1222 4470 1295 potest,
4529 1219 4643 1297 par·

2722 1296 2840 1357 tim
2884 1296 3201 1377 precibus,
3249 1318 3355 1361 me
3391 1295 3662 1371 audivit,
3710 1306 3777 1361 et
3810 1299 4087 1382 negotiis
4121 1298 4520 1381 quibusdam
4550 1300 4643 1364 im-

2719 1380 2949 1461 plicuit
3005 1402 3170 1463 quae
3226 1403 3331 1446 me
3388 1383 3458 1446 in
3504 1382 3765 1447 Italiam
3822 1394 4246 1451 vocaverunt.
4338 1383 4490 1465 Quo
4535 1388 4645 1451 81118

2721 1467 2915 1549 longa
2955 1465 3422 1531 deliberatione
3468 1469 3930 1550 profectionem
3965 1470 4188 1534 statim
4230 1473 4478 1552 paravi.
4545 1474 4643 1535 Ar·

2718 1551 2953 1615 debam
2998 1552 3175 1615 881111
3212 1550 3532 1618 desiderio
3565 1562 3712 1618 tum
3749 1555 4141 1637 spectandae
4186 1557 4475 1639 regionis
4514 1577 4645 1638 (11118

2718 1636 2871 1700 01181
2917 1637 3139 1701 orbem
3187 1647 3511 1704 terrarum
3560 1639 3830 1716 domuit,
3877 1651 4015 1705 tum
4053 1641 4384 1726 concilii⁴)
4431 1643 4503 1705 in
4544 1664 4644 1725 (1110

2719 1723 3028 1805 putabam
3085 1723 3299 1788 locum
3357 1747 3498 1790 8888
3558 1727 3742 1790 vobis
3796 1727 4129 1804 081811188,
4191 1737 4259 1791 81
4319 1728 4645 1810 integrum,

2719 1817 2792 1870 ut
2834 1829 3016 1873 suam
3064 1810 3340 1893 quisque
3393 1813 3788 1875 sententiam
3848 1812 4052 1876 libere
4096 1812 4434 1895 proferret.
4527 1811 4647 1894 Qua

2716 1894 2788 1957 in
2834 1914 2904 1957 re
2949 1894 3229 1958 multum
3274 1917 3380 1958 me
3416 1897 3635 1977 opinio
3677 1917 3825 1961 mea
3866 1898 4108 1963 fefellit.
4178 1898 4325 1961 Hac
4360 1899 4442 1962 de
4476 1919 4646 1964 causa

2717 1979 3024 2044 confectis
3084 1982 3366 2063 negotiis
3427 1983 3695 2058 nostrie,
3755 1985 3879 2046 rati
3940 1983 4105 2047 nihil
4164 2004 4304 2047 csse
4358 1985 4425 2047 18
4476 1984 4647 2049 Italia

2707 2064 2886 2147 quod
2934 2085 3053 2129 nos
3096 2066 3231 2130 illic
3275 2065 3522 2132 diutius
3566 2068 3849 2132 retinere
3901 2090 3975 2133 88
4020 2069 4338 2133 remorari
4382 2069 4643 2147 deberet,

2718 2149 2797 2214 de
2863 2148 3077 2215 reditu
3144 2151 3331 2217 nobis
3397 2152 3817 2237 cogitandum
3887 2175 4028 2219 esse
4092 2153 4421 2219 duximus.
4536 2156 4647 2221 Hic

2714 2245 3005 2299 mentem
3050 2257 3263 2301 meam
3309 2239 3500 2303 sociis
3544 2240 3788 2321 aperui,
3829 2260 3934 2303 me
3979 2240 4281 2306 videlicet
4298 2243 4354 2317 ὅ)
4398 2242 4645 2306 0818180

2714 2322 3003 2386 animum
3047 2323 3385 2388 induxisse
3432 2334 3510 2387 ut
3553 2345 3673 2390 vos
3714 2325 4090 2403 inviserem,
4150 2348 4271 2391 nec
4313 2327 4523 2406 18186)
4568 2328 4646 2392 vi·

2714 2407 2912 2471 dendi
2968 2408 3068 2471 tui
3126 2407 3524 2472 desiderium
3583 2431 3709 2492 quo
3777 2410 4012 2475 urebar
4068 2433 4171 2476 me
4225 2412 4400 2477 ferro
4456 2434 4643 2497 posse.

2711 2491 2993 2557 Factum
3042 2504 3144 2558 881
3198 2494 3293 2557 118
3337 2504 3411 2558 81
3465 2495 3631 2560 18188
3685 2496 3811 2560 iter
3868 2506 4165 2561 nostrum
4186 2497 4239 2582 ⁷)
4288 2499 4647 2564 instituere·

2712 2599 2877 2654 mus,
2926 2585 3008 2655 81,
3054 2579 3224 2661 quod
3260 2581 3390 2645 iam
3425 2580 3681 2663 pridem
3718 2583 4037 2664 optabam,
4088 2583 4310 2648 vultus
4346 2585 4443 2648 tui
4484 2606 4646 2668 spec-

2712 2664 2926 2729 taculo
2966 2664 3185 2729 oculos
3230 2686 3409 2732 meos
3450 2668 3755 2742 tenueris,
3800 2668 4110 2750 quamdiu
4165 2669 4234 2733 id
4274 2671 4413 2753 pati
4458 2672 4649 2754 potuit

2710 2750 3033 2814 sociorum
3078 2771 3372 2815 meorum
3437 2759 3579 2816 tum
3633 2753 3797 2816 mihi
3856 2754 4275 2820 acerbissima
4335 2764 4402 2821 et
4459 2756 4648 2822 multo

2709 2835 3001 2899 omnium
3056 2835 3510 2902 molestissima
3564 2840 3982 2905 consuetudo,
4086 2841 4379 2907 Multum
4447 2851 4650 2908 autem

2710 2920 2917 2984 abfuit
2978 2929 3052 2984 ut
3124 2944 3234 2986 eos
3303 2925 3594 2989 satiares.
3616 2926 3675 3009 ⁸)
3773 2926 3877 2990 'l'u
3938 2946 4093 2991 8888
4154 2927 4472 3011 colloquio
4530 2935 4645 3004 tuo,

2707 3005 2861 3071 licet
2916 3008 3245 3090 perbrevi,
3304 3029 3592 3074 amorem
3650 3011 3720 3075 in
3787 3020 3852 3076 18
3924 3033 4143 3077 8181118
4198 3014 4455 3079 occulta
4505 3033 4645 3098 qua-

2710 3093 2860 3157 dam
2904 3094 2994 3172 vi,
3041 3114 3237 3176 quam
3282 3095 3349 3159 in
3396 3118 3696 3162 sermone
3742 3105 3808 3162 et
3868 3100 4083 3164 verbis
4130 3100 4259 3166 tuis
4305 3100 4473 3165 mihi
4513 3121 4646 3183 per-

2709 3180 2958 3261 spicere
3003 3178 3299 3259 videbar‚
3355 3181 3447 3246 ita
3508 3183 3754 3248 auxisti
3812 3193 3888 3247 ut
3942 3184 4110 3248 nihil
4165 3187 4297 3250 iam
4356 3185 4643 3252 accedere

2709 3265 2931 3347 possit.
3042 3266 3250 3350 Angit
3305 3288 3410 3332 me
3469 3269 3539 3332 in
3595 3269 3792 3333 horas
3849 3268 4245 3336 desiderium
4305 3273 4433 3351 tui,
4487 3269 4645 3355 quod

2709 3350 2873 3414 mihi
2917 3371 3115 3433 quum
3161 3360 3563 3435 postremum
3609 3355 3755 3419 vale
3801 3354 4049 3420 diceres
4092 3357 4433 3439 reliquisti.
4520 3357 4642 3422 Nec

2709 3455 2897 3518 spero
2941 3437 3269 3518 quiescere
3315 3439 3567 3516 animo,
3629 3450 3977 3522 antequam
4020 3440 4347 3508 Dominus
4392 3464 4495 3508 me
4539 3442 4645 3507 tibi

2709 3531 3023 3603 perpetua
3063 3523 3504 3588 familiaritate
3540 3525 3971 3591 coniunxerit.
4062 3527 4337 3592 Utinam
4375 3528 4442 3592 id
4474 3527 4642 3593 brevi

2708 3609 2838 3670 fiat.
2930 3607 3193 3673 Interea
3236 3629 3350 3673 oro
3398 3618 3459 3673 te
3514 3617 3588 3674 ut
3631 3608 3715 3675 ad
3756 3633 3862 3676 me
3906 3612 4153 3678 scribas
4213 3623 4281 3676 81
4324 3613 4516 3696 (quod
4560 3613 4644 3677 fa-

2707 3691 2827 3756 cile
2872 3693 3083 3774 potes)
3128 3693 3207 3757 de
3252 3695 3447 3759 rebus
3491 3695 3792 3760 omnibus
3836 3697 4105 3763 edoceas
4148 3719 4315 3781 quae
4360 3698 4443 3764 ad
4480 3697 4641 3764 88111-

2708 3786 2841 3842 18111
2884 3798 3096 3843 188818
3136 3790 3248 3843 881
3290 3780 3575 3845 officium
3613 3783 3937 3863 pertinere
3981 3785 4274 3849 noveris:
4324 3792 4644 3868 praeterea

2708 3878 2781 3927 ut
2826 3863 3012 3928 nobis
3056 3864 3126 3927 in
3169 3866 3545 3931 solennibus
3601 3868 4022 3933 ecclesiarum
4076 3883 4447 3936 vestrarum
4501 3889 4641 3952 pre-

2708 3947 2889 4013 cibus
2935 3949 3259 4014 auxilium
3303 3952 3431 4017 Dei
3475 3954 3864 4034 imploretis,
3922 3954 4004 4019 ad
4062 3958 4519 4023 excutiendum
4563 3976 4638 4020 ex

2704 4035 2943 4099 animis
2986 4036 3228 4101 nostris
3273 4036 3459 4101 illum
3503 4046 3833 4122 torporem
3870 4061 3996 4121 quo
4040 4040 4122 4106 ab
4166 4064 4247 4107 ea
4289 4041 4639 4109 constantia

2706 4126 2773 4184 et
2814 4121 3281 4203 magnetudine
3325 4124 3528 4187 animi
3570 4143 3974 4203 revocamur,
4019 4148 4186 4209 quae
4222 4137 4327 4194 est
4359 4147 4634 4194 necessa·

2704 4206 2804 4269 ria
2847 4205 2927 4268 ad
2973 4206 3297 4271 sinceram
3341 4209 3523 4274 verbi
3567 4210 3707 4273 eius
3750 4209 4333 4294 praedicationem:
4394 4226 4460 4279 ut
4494 4234 4635 4295 pos-

2704 4298 2913 4355 tremo
2968 4313 3086 4357 nos
3141 4314 3362 4359 amore
3418 4301 3486 4358 et
3541 4315 3739 4360 sensu
3795 4297 4011 4363 carnis
4071 4307 4335 4365 nostrae
4387 4318 4635 4384 prorsus

2704 4384 2938 4441 exutos
2989 4378 3081 4443 sic
3143 4387 3398 4444 tantum
3467 4388 3534 4445 et
3554 4383 3610 4463 ⁹)
3677 4381 4016 4448 ecclesiam
4082 4384 4372 4469 cogitare
4431 4384 4633 4449 donet.

2702 4459 2991 4528 Oramus
3045 4472 3119 4528 tu
3183 4485 3412 4531 omnes
3472 4467 3669 4530 etiam
3723 4475 3921 4552 atque
3975 4471 4173 4534 etiam
4230 4479 4305 4535 ut
4356 4478 4631 4554 coeptam

2701 4567 3034 4614 sacrarum
3071 4551 3493 4633 epistolarum
3528 4554 4007 4620 enarrationem
4052 4559 4467 4640 persequaris,
4510 4573 4635 4637 qua

2907 4856 2963 4920 2)
3003 4857 3365 4925 efflagitabam
3403 4859 3471 4912 L.

2904 4922 2966 4984 3)
3005 4926 3178 4977 victus
3212 4942 3314 4982 om.
3352 4926 3419 4980 L.

2904 4990 2961 5058 4)
3000 4993 3208 5046 consilii
3249 4995 3314 5047 L.

2904 5060 2965 5125 5)
3006 5078 3132 5114 vere
3167 5063 3234 5115 L.

2907 5130 2966 5189 6)
3004 5136 3213 5183 tantum
3252 5131 3321 5186 L.

2907 5197 2966 5259 7)
3004 5214 3203 5251 novum
3242 5199 3308 5252 L.

2904 5267 2964 5328 8)
3004 5284 3068 5321 eo
3102 5268 3333 5322 satiarer
3368 5271 3438 5324 L.

2904 5335 2964 5398 9)
3002 5344 3061 5389 ut
3095 5337 3165 5391 L.
