4825 6175
223 456 294 520 21
1936 461 2098 526 1545
2139 455 2526 526 IANUAR.
4139 461 4228 530 22

222 642 380 708 Nam
422 642 581 725 quid
623 642 941 709 hactenus
980 644 1345 726 profectum
1401 645 1489 710 sit
1531 644 1907 711 huiusmodi
1952 646 2161 729 scrip-

224 728 496 793 tionibus
512 779 530 807 ,
588 729 826 812 quibus
870 730 1323 795 contentiones
1379 732 1590 814 magis
1651 750 1962 797 accensae
2006 737 2163 798 sunt

221 821 283 879 et
321 814 555 897 quibus
610 834 730 879 nos
786 815 960 897 ipsos
1019 813 1306 881 fabulam
1360 815 1781 898 praebuimus
1839 817 2158 894 hostibus,

219 920 318 965 res
369 898 516 983 ipsa
569 900 731 968 satis
785 921 1109 984 superque
1167 901 1468 984 loquitur.
1572 901 1881 984 Optarim
1937 903 2160 984 itaque

218 1006 435 1052 omnes
479 983 851 1052 huiusmodi
894 987 1265 1053 occasiones
1306 986 1494 1052 nobis
1536 988 1756 1070 praeri
1801 988 1826 1051 i
1870 996 1937 1053 et
1974 989 2159 1071 peni-

218 1078 317 1136 tus
360 1070 583 1150 adimi,
629 1094 713 1137 ne
756 1092 939 1155 spem
996 1072 1288 1138 hostibus
1343 1074 1656 1139 faciamus
1673 1123 1687 1148 ‚
1744 1009 2043 1139 Sitai-um
2086 1081 2161 1138 ut

218 1155 560 1240 aliquando
602 1159 843 1223 nostris
898 1159 1188 1240 ipsorum
1233 1159 1380 1224 telis
1422 1159 1936 1224 Madianitarum
1978 1179 2161 1224 more

218 1242 679 1322 confodiamur,
717 1252 784 1308 et
816 1246 1064 1310 mutuis
1098 1244 1513 1311 concidamus
1546 1245 1953 1310 vulneribus.
2009 1245 2162 1311 Non

218 1336 484 1414 possunt
527 1351 663 1394 non
698 1350 842 1395 esse
879 1330 1301 1395 vehementer
1335 1331 1591 1396 cruenti
1625 1331 1736 1396 isti
1772 1352 2162 1415 congressus

219 1418 385 1480 inter
426 1436 541 1481 eos
585 1415 699 1498 qui
741 1416 1017 1480 eandem
1060 1416 1444 1499 religionem
1488 1417 1902 1500 profitentur,
1947 1417 2016 1480 in
2062 1417 2160 1498 ip-

219 1502 304 1567 sis
337 1501 648 1567 ecclesiae
692 1501 1047 1566 visceribus
1083 1522 1159 1567 ac
1193 1512 1378 1567 tanta
1412 1514 1840 1568 externorum
1875 1501 2161 1567 hostium

219 1588 421 1653 turba.
514 1586 653 1653 Sed
698 1586 855 1670 quid
910 1607 1183 1671 agamus
1234 1588 1303 1653 in
1360 1597 1543 1652 tanta
1585 1588 1995 1671 quorundam
2037 1589 2162 1652 im-

220 1674 639 1759 portunitate,
685 1674 796 1757 qui
842 1674 1091 1738 malum
1146 1681 1477 1756 utcunque
1520 1676 1808 1757 sopitum
1851 1675 2162 1752 excitant,

220 1761 323 1845 qui
366 1761 534 1826 tales
581 1780 652 1825 se
704 1767 947 1843 gerunt
1001 1769 1079 1824 ut
1134 1760 1328 1825 silere
1383 1781 1514 1825 non
1570 1759 1941 1843 possimus?
2034 1761 2162 1824 Ar-

221 1846 624 1912 dentissimis
668 1847 836 1910 votis
877 1845 947 1910 id
993 1846 1178 1911 nobis
1215 1846 1382 1910 serio
1419 1857 1591 1911 esset
1633 1867 1672 1911 a
1696 1846 1979 1910 Domino
2015 1865 2161 1927 pos-

222 1931 530 2010 cendum,
591 1939 667 1997 ut
710 1931 973 2015 linguas
1029 1942 1097 1996 et
1136 1932 1421 1996 calamos
1479 1952 1861 2015 cogeremur
1905 1939 2162 1995 tantum

217 2038 440 2083 acuere
499 2039 580 2084 ac
630 2018 959 2100 stringere
1012 2019 1079 2081 in
1127 2038 1237 2082 eos
1281 2017 1395 2101 qui
1439 2038 1510 2082 se
1552 2029 1810 2099 apertos
1854 2015 2163 2082 ecclesiae

218 2104 427 2171 hostes
472 2105 886 2188 profitentur,
933 2124 1066 2169 non
1103 2111 1324 2169 autem
1357 2104 1426 2167 in
1462 2125 1572 2168 eos
1610 2105 1725 2186 qui
1761 2123 2001 2167 nomon
2046 2103 2162 2168 ali·

218 2190 377 2273 quod
414 2192 709 2255 retinent
742 2190 813 2253 in
854 2190 1143 2264 ecclesia,
1189 2210 1597 2273 quorumque
1631 2189 1997 2254 ministerio
2032 2210 2162 2253 non

218 2276 580 2360 vulgariter
620 2276 885 2359 pietatis
942 2275 1160 2341 studia
1212 2284 1404 2341 aucta
1459 2283 1634 2341 sunt.
1726 2273 1859 2341 Sed
1904 2273 2162 2357 quando

219 2363 509 2429 veritatis
577 2361 1063 2445 suscipiendum
1141 2370 1242 2425 est
1301 2361 1762 2444 patrocinium,
1828 2360 2163 2426 silentium

219 2448 738 2531 abrumpendum
782 2455 913 2522 est,
980 2468 1065 2511 ne
1123 2466 1200 2512 eo
1255 2447 1597 2512 ecclesiam
1656 2446 2020 2528 prodidisse
2064 2447 2164 2511 vi-

219 2534 497 2600 deamur.
575 2535 639 2600 N
641 2555 727 2599 on
763 2534 977 2599 ausim
1006 2533 1212 2616 igitur
1243 2553 1460 2598 meam
1495 2532 1889 2597 sententiam
1923 2531 2164 2597 vestris

219 2641 537 2704 opponere
583 2618 888 2698 consiliis,
933 2638 1053 2684 nec
1089 2639 1128 2682 a
1171 2619 1353 2684 vobis
1397 2628 1789 2702 perpetuum
1833 2617 2161 2682 silentium

220 2707 545 2790 postulare
562 2755 578 2782 ‚
635 2715 979 2788 postquam
1033 2703 1228 2768 audio
1288 2703 1470 2769 vobis
1512 2704 1754 2769 iustam
1799 2724 1942 2769 esse
1984 2702 2164 2769 obla-

222 2799 348 2858 tam
410 2790 739 2858 scribendi
807 2791 1226 2857 occasionem.
1338 2790 1568 2873 Neque
1628 2790 1839 2855 ausim
1898 2809 2164 2854 rursum

218 2897 324 2944 vos
386 2876 750 2942 modestiae
817 2876 1197 2954 admonere,
1266 2896 1351 2940 ne
1415 2875 1781 2942 convicium
1845 2874 2164 2940 retaliatis

212 2965 522 3040 convici0,
558 2962 1082 3046 quandoquidem
1105 2982 1248 3027 eam
1283 2983 1401 3027 vos
1435 2970 1657 3027 vestra
1691 2971 1945 3043 sponte,
1980 2960 2164 3025 nullo

213 3050 558 3117 accedente
628 3047 984 3127 monitore,
1054 3048 1252 3113 talem
1319 3067 1508 3130 sporo
1572 3046 2020 3121 exhibituros,
2090 3055 2165 3111 ut

214 3158 393 3202 nemo
440 3156 587 3201 non
630 3136 838 3218 possit
878 3134 1170 3200 iudicare
1206 3139 1529 3216 quantum
1573 3153 1831 3198 moroso
1874 3134 2015 3198 seni
2052 3154 2162 3214 pe·

216 3223 581 3306 perceritis,
637 3241 960 3304 quamque
1013 3227 1236 3286 vestra
1290 3220 1604 3284 iuventus
1658 3227 2022 3301 temperata
2079 3220 2164 3282 sit

218 3309 399 3374 senili
442 3308 846 3373 maturitate.
935 3305 1084 3371 Hoc
1141 3305 1352 3371 solum
1408 3324 1448 3368 a
1497 3303 1683 3371 vobis
1728 3306 1915 3388 cupio
1958 3306 2163 3386 impe-

218 3401 472 3473 tratum,
526 3394 584 3460 si
628 3392 786 3476 quid
829 3391 1078 3458 habent
1110 3390 1416 3475 ponderis
1455 3410 1642 3456 meae
1687 3390 1858 3473 apud
1901 3411 2022 3456 vos
2060 3410 2164 3454 ra-

221 3482 449 3559 tiones,
523 3488 602 3545 ut
656 3477 870 3563 quoad
937 3478 1078 3543 eius
1132 3479 1277 3543 fieri
1329 3477 1572 3559 poterit
1633 3475 1953 3541 studeatis
2016 3476 2163 3554 ista,

221 3589 376 3652 quae
420 3590 461 3634 a
509 3566 700 3631 bonis
743 3563 957 3630 audiri
1000 3585 1133 3629 non
1175 3571 1453 3646 possunt
1494 3564 1660 3627 citra
1703 3562 2167 3646 gravissimum

226 3656 420 3720 animi
462 3652 786 3730 dolorem,
844 3651 927 3715 iis
971 3671 1103 3715 non
1156 3650 1520 3732 patefacere
1583 3649 1695 3731 qni
1738 3668 1967 3714 eorum
2010 3653 2169 3713 sunt

226 3743 479 3825 penitus
537 3740 782 3825 ignari:
856 3757 1021 3822 quae
1086 3738 1230 3802 eius
1286 3741 1445 3800 sunt
1496 3734 1757 3818 generis
1820 3742 1894 3798 ut
1958 3734 2166 3797 tutius

226 3828 607 3911 ignorentur
665 3844 861 3910 quam
918 3830 1160 3888 exeant
1214 3823 1285 3887 in
1345 3820 1602 3903 vulgus.
1702 3819 1889 3886 Haec
1933 3818 2164 3883 adiicio

231 3913 390 3997 quod
433 3911 720 3991 audiam,
765 3912 821 3976 si
865 3931 1060 3976 verus
1114 3916 1215 3973 est
1256 3927 1487 3972 rumor
1526 3906 1638 3989 qui
1683 3904 1767 3970 ad
1810 3926 1930 3970 nos
1981 3926 2165 3986 spar-

230 4021 332 4066 sus
365 3999 688 4083 pervenit,
734 4016 853 4063 vos
886 3994 1138 4080 gallica,
1184 3993 1562 4077 germanica
1596 4000 1664 4056 et
1696 3991 1900 4055 latina
1940 3990 2168 4073 lingua

228 4104 663 4169 responsuros.
753 4082 973 4148 Nolim
1028 4090 1275 4146 temere
1318 4088 1542 4144 vestra
1595 4077 1907 4143 damnare
1949 4077 2164 4142 consi·

227 4169 327 4248 lia,
377 4179 456 4236 ut
513 4170 625 4253 qui
678 4170 845 4233 forte
891 4186 1122 4234 causas
1165 4167 1466 4248 ignorem
1512 4172 1881 4229 vestrarum
1925 4160 2164 4227 delibe-

226 4257 564 4322 rationum.
667 4253 805 4321 Sed
857 4253 990 4317 nisi
1048 4250 1225 4316 aliud
1279 4258 1382 4315 est
1443 4248 1779 4333 quidpiam
1843 4247 2165 4332 gravioris

226 4363 467 4419 causae,
515 4350 631 4407 aut
684 4340 960 4408 sanioris
1002 4336 1274 4417 consilii,
1318 4334 1487 4419 quod
1547 4355 1678 4399 non
1721 4333 2048 4417 pervideo,
2093 4334 2164 4398 in

226 4427 339 4495 hac
382 4428 600 4511 potius
653 4446 804 4492 sum
846 4424 1206 4502 sententia,
1266 4430 1333 4488 et
1388 4441 1643 4487 mecum
1700 4420 1895 4484 amici
1936 4440 2164 4484 omnes

225 4533 375 4597 quos
417 4512 526 4580 hic
585 4511 821 4591 habeO,
878 4519 948 4576 et
1001 4518 1319 4593 quotquot
1359 4507 1595 4574 melius
1640 4505 2009 4572 consultum
2049 4526 2162 4570 cu-

226 4599 406 4682 piunt
448 4599 592 4684 paci
637 4598 1075 4675 ecclesiarum,
1120 4605 1198 4659 ut
1241 4594 1467 4679 lingua
1498 4600 1754 4658 tantum
1791 4590 2161 4668 vernacula,

226 4705 347 4767 qua
399 4685 564 4752 liber
616 4682 830 4750 editus
884 4690 1015 4760 est,
1073 4681 1541 4764 respondeatis.
1559 4678 1617 4764 ⁴)
1705 4678 1885 4743 Satis
1942 4686 2163 4742 vestro

226 4769 428 4836 functi
471 4771 702 4851 officio,
745 4789 894 4836 meo
931 4766 1192 4853 quidem
1236 4767 1494 4843 iudicio,
1540 4762 1941 4839 videbimini,
1986 4764 2044 4829 si
2080 4762 2161 4828 iis

227 4857 658 4923 satisfeceritis
703 4857 812 4940 qui
858 4874 934 4922 eo
977 4854 1197 4921 libello
1241 4853 1470 4918 offensi
1515 4851 1796 4929 fuerunt,
1858 4870 1931 4916 ac
1976 4848 2157 4914 dein-

228 4961 369 5025 ceps
411 4941 652 5009 offendi
694 4952 980 5025 possunt.
1048 4938 1184 5022 Qui
1226 4939 1558 5024 ignorant,
1603 4937 1839 5020 quique
1882 4957 2015 5000 non
2059 4935 2159 5001 in-

226 5027 538 5112 telligunt,
583 5029 793 5094 tutius
835 5028 1251 5111 ignorabunt.
1320 5023 1452 5106 Qui
1497 5022 1708 5090 solum
1754 5022 1972 5100 latine,
2012 5042 2158 5105 ger-

234 5384 302 5441 N.
332 5386 430 5443 622

416 5322 476 5385 4)
528 5320 836 5375 Ver-sionem
904 5319 1132 5373 latinam
1185 5317 1347 5372 simul
1403 5314 1709 5371 ediderunt.
1817 5312 1950 5367 Vide
2005 5311 2162 5379 t'nfm
2262 5310 2351 5379 gal

2262 645 2526 712 manice
2541 647 2602 722 6)
2668 650 2786 708 aut
2845 644 3064 711 italice
3129 651 3380 710 norunt
3398 695 3415 723 ,
3481 643 3748 728 linguae
3810 649 4230 731 germanicae

2263 731 2481 815 ignari
2524 739 2593 797 et
2624 730 2931 811 imperiti,
2975 728 3157 796 nullo
3202 750 3320 795 suo
3354 730 3763 797 incommodo
3806 734 4219 817 ignorabunt,

2264 816 2437 900 quod
2480 817 2647 882 forte
2689 816 2834 879 sine
2878 836 2995 882 suo
3018 816 3234 898 aliquo
3279 815 3566 899 periculo
3601 814 3851 883 discere
3895 840 4027 884 non
4072 827 4217 902 pot-

2266 910 2479 968 erunt.
2557 901 2835 969 Utinam
2879 922 2960 966 ne
3020 902 3295 967 verbum
3340 900 3601 984 quidem
3645 901 3951 970 audirent
4007 905 4219 971 nostri

2266 1009 2556 1072 unquam
2616 988 2696 1054 de
2749 985 3130 1053 huiusmodi
3185 988 3731 1054 contentionibus.
3819 989 3973 1054 Non
4021 991 4219 1057 habe-

2264 1081 2416 1140 rent
2457 1074 2809 1140 adversum
2867 1093 2987 1138 nos
3031 1094 3217 1137 arma
3272 1072 3494 1138 hostes
3553 1075 3757 1138 nostri
3811 1075 4047 1157 quibus
4098 1098 4218 1144 nos

2265 1162 2610 1243 impetunt.
2679 1157 2758 1224 Si
2799 1158 2874 1222 in
2911 1158 3073 1223 alias
3105 1157 3370 1243 linguas
3413 1157 3578 1223 liber
3611 1161 3981 1227 transfusus
4025 1170 4215 1242 esset,

2264 1247 2604 1311 iustiorem
2647 1242 3037 1309 videremini
3081 1245 3482 1309 occasionem
3528 1244 3851 1324 habuisse,
3897 1248 3952 1312 si
3988 1257 4054 1312 et
4095 1268 4216 1314 vos

2265 1331 2644 1416 linguarum
2688 1330 3000 1396 beneficio
3056 1328 3156 1397 usi
3213 1351 3440 1395 earum
3484 1331 3907 1397 multitudine
3952 1352 4215 1400 causam

2267 1428 2559 1482 vestram
2600 1426 2669 1482 et
2711 1415 3020 1482 ecclesiae
3065 1415 3430 1480 tueremini.

2438 1503 2623 1567 Haec
2665 1502 2877 1568 scribo
2920 1501 3003 1566 ad
3068 1509 3151 1580 te,
3195 1501 3567 1585 Bullinyere
3631 1503 4092 1583 amantissime,
4133 1505 4215 1569 li·

2266 1587 2487 1654 berius
2562 1589 2730 1654 forte
2821 1606 3017 1670 quam
3111 1607 3218 1651 me
3308 1586 3554 1664 decuit,
3640 1587 3754 1652 sed
3829 1608 3962 1654 non
4051 1589 4212 1655 libe-

2265 1675 2423 1752 rius,
2485 1676 2742 1756 opinor,
2805 1693 3005 1756 quam
3063 1679 3245 1737 tuam
3305 1672 3530 1738 deceat
3581 1673 4086 1754 humanitatem,
4145 1683 4214 1741 et

2264 1761 2460 1825 istam
2505 1766 2686 1825 tuam
2730 1759 2982 1843 ingenii
3037 1758 3430 1824 suavitatem
3447 1810 3462 1835 ,
3524 1768 3590 1823 et
3642 1769 3934 1826 nostram
3987 1761 4213 1827 amici-

2264 1847 2457 1923 tiam,
2518 1866 2648 1928 qua
2700 1846 2908 1910 fretus
2959 1844 3129 1910 hanc
3171 1844 3340 1908 mihi
3381 1846 3630 1927 sumpsi
3674 1845 4032 1925 audaciam,
4077 1867 4211 1912 non

2264 1940 2340 1996 ut
2383 1953 2496 1998 sus
2541 1929 2839 1997 docerem
2882 1930 3286 2008 Minervam,
3346 1928 3463 1994 sed
3519 1939 3597 1994 ut
3652 1931 3896 2014 aliquid
3957 1933 4208 1999 amicus

2265 2016 2440 2101 apud
2484 2017 2766 2082 amicum
2810 2016 2892 2081 de
2934 2015 3265 2081 communi
3308 2016 3616 2082 ecclesiae
3648 2019 3943 2099 profectu
3985 2029 4052 2083 et
4094 2039 4211 2083 ne-

2265 2104 2442 2187 gotio
2487 2101 2570 2168 ad
2615 2112 2679 2168 te
2723 2102 3076 2168 scriberem
3096 2153 3111 2180 ,
3169 2110 3235 2166 ct
3277 2102 3676 2168 occasionem
3722 2103 4079 2186 arriperem
4124 2106 4221 2169 in-

2265 2188 2713 2271 terrumpendi
2739 2187 3034 2252 diuturni
3054 2187 3150 2252 tui
3196 2197 3389 2269 atque
3426 2189 3554 2251 mei
3598 2187 3861 2266 silentii,
3905 2211 4030 2272 quo
4066 2211 4217 2256 nos-

2266 2283 2373 2339 tra
2430 2275 2717 2340 amicitia
2773 2272 3076 2338 nonnihil
3135 2274 3622 2356 expergefieret.
3710 2274 3937 2340 Nostri
3993 2296 4219 2341 omnes

2267 2368 2441 2426 recte
2484 2360 2713 2424 valent
2766 2360 2980 2443 gratia
3021 2358 3312 2423 Domini.
3405 2358 3720 2424 Genovae
3779 2358 3995 2424 editur
4054 2360 4222 2425 liber

2274 2444 2527 2512 Calvini
2551 2444 2812 2510 nomine
2835 2443 3153 2510 adversus
3175 2443 3572 2523 Libertinos,
3612 2444 3691 2509 de
3727 2466 4004 2527 quorum
4045 2456 4224 2511 secta

2268 2540 2334 2596 et
2378 2533 2671 2597 moribus
2715 2530 2882 2595 nihil
2926 2551 3088 2614 opus
3124 2538 3201 2593 ut
3242 2529 3325 2592 ad
3372 2539 3437 2593 te
3483 2530 3780 2608 scribam,
3828 2533 4064 2615 quippe
4110 2533 4223 2614 qui

2269 2638 2407 2682 rem
2449 2625 2655 2682 totam
2701 2616 2902 2700 probe
2949 2629 3191 2681 teneas
3261 2613 3341 2681 Si
3383 2636 3518 2680 non
3563 2618 3862 2700 gravaris
3908 2618 4223 2684 salutabis

2266 2724 2413 2768 meo
2460 2702 2721 2768 nomine
2764 2701 3046 2786 collegas
3103 2721 3179 2765 ac
3234 2711 3633 2785 symmystas
3697 2711 3858 2766 tuos.
3950 2702 4223 2769 Fratres

2270 2790 2480 2854 nostri
2546 2797 2608 2853 te
2675 2809 2901 2854 omnes
2970 2786 3274 2852 salutant.
3379 2785 3563 2851 Vale.
3662 2788 4059 2853 Lausannae
4119 2793 4218 2854 21.

2267 2874 2561 2940 Ianuarii
2610 2875 2793 2938 1545.

3241 3010 3426 3074 Tuus
3470 3008 3712 3074 Petrus
3756 3008 4047 3075 Viretus.

3178 3521 3330 3593 60⁰.

2700 3658 3288 3730 LIBERTETUS
3333 3660 3795 3727 FARELLO.

2445 3833 2725 3901 Instante
2756 3833 3090 3901 sententiae
3123 3832 3416 3916 capitalis
3451 3833 3526 3899 de
3569 3832 3808 3898 civibus
3842 3831 4219 3915 quibusdam

2271 3921 2435 3987 latae
2477 3921 2912 4005 exaequatione
2970 3919 3160 3984 citius
3198 3920 3551 4000 praeterita
3606 3918 3959 3984 Lausanna
4012 3919 4215 3985 rediit.

2278 4006 2660 4088 opusculum
2726 4006 2800 4072 de
2858 4004 3240 4071 metensibus
3298 4005 3480 4088 prelo
3524 4009 3833 4086 paratum
3905 4003 4112 4069 Vireto
4164 4010 4222 4069 et

2275 4091 2537 4158 Calvino
2579 4092 2970 4176 relegendum
3011 4091 3206 4156 tradit
3247 4096 3581 4172 antequam
3624 4091 3985 4156 excudatur.
4059 4142 4064 4149 .

2271 4264 2381 4328 (Ex
2420 4262 2756 4332 autographo
2791 4261 2931 4315 Bibl.
2981 4266 3261 4329 pastorum
3297 4260 3764 4315 Neocomensium.
3839 4261 4041 4315 Fascio.
4076 4262 4219 4330 Epp.

2803 4341 2811 4347 ·
2918 4330 3052 4399 Opb.
3089 4330 3257 4384 Fabri
3290 4329 3361 4384 N.
3393 4328 3508 4396 42.)

2828 4517 2971 4585 Suo
3015 4517 3350 4585 Gulielmo
3393 4516 3657 4583 Farello

3600 4603 3663 4668 N
3665 4602 3927 4669 eocomi.

2439 4741 2509 4808 S.
2556 4741 2942 4819 Meministi,
2984 4741 3233 4823 opinor,
3278 4758 3511 4806 causae
3563 4760 3729 4821 quae
3782 4758 3889 4803 me
3932 4737 4025 4804 sic
4063 4737 4212 4803 red-

2264 4828 2361 4893 ire
2418 4825 2620 4905 ursit,
2677 4827 2990 4891 nimirum
3049 4826 3424 4891 vinctorum
3483 4835 3855 4890 nostrorum
3925 4822 4213 4890 trucida-

2263 4915 2532 4993 tionem,
2561 4913 2609 4997 ¹)
2655 4933 2855 4995 quam
2896 4912 3196 4996 sequenti
3228 4909 3410 4978 Iovis
3454 4912 3557 4976 die
3591 4912 3880 4976 futuram
3922 4911 4212 4977 coniece-

2264 5022 2407 5066 ram
2448 5021 2531 5065 ex
2577 4998 2824 5064 famulo
2880 4999 3223 5082 praefecti,
3280 5019 3472 5081 quem
3516 4998 3777 5063 Bernae
3820 4997 4212 5062 sententiam

2591 5157 2672 5164 -α

2377 5309 2388 5321 .
2468 5238 2528 5304 5)
2571 5238 2664 5294 Sic
2725 5244 2942 5308 autoqr.
3004 5238 3165 5306 lapsu
3227 5237 3428 5292 calam
3490 5233 3904 5289 evidentissimo.
3994 5233 4208 5290 Scribe.-

2283 5310 2528 5446 e‹i¹e⁰.⁶’1)
2568 5375 2807 5432 causam
2841 5376 2984 5431 nane
3003 5375 3140 5431 azan·
3159 5375 3492 5431 aiz-astrum·
3514 5371 3702 5440 zeqssse
3717 5386 3832 5509 ,ἔξω
3855 5371 4212 5425 manentum.
