<?xml version="1.0" encoding="UTF-8"?>
<!DOCTYPE html PUBLIC "-//W3C//DTD XHTML 1.0 Transitional//EN"
    "http://www.w3.org/TR/xhtml1/DTD/xhtml1-transitional.dtd">
<html xmlns="http://www.w3.org/1999/xhtml" xml:lang="en" lang="en">
 <head>
  <title>
</title>
<meta http-equiv="Content-Type" content="text/html;charset=utf-8" />
  <meta name='ocr-system' content='tesseract 3.04.00' />
  <meta name='ocr-capabilities' content='ocr_page ocr_carea ocr_par ocr_line ocrx_word'/>
</head>
<body>
  <div class='ocr_page' id='page_1' title='image "./ioanniscalvinio10unkngoog_0084.png"; bbox 0 0 4825 6175; ppageno 0'>
   <div class='ocr_carea' id='block_1_1' title="bbox 34 5 53 770">
    <p class='ocr_par' dir='ltr' id='par_1_1' title="bbox 34 5 53 770">
     <span class='ocr_line' id='line_1_1' title="bbox 34 5 53 770; baseline 0 0"><span class='ocrx_word' id='word_1_1' title='bbox 34 5 53 770; x_wconf 95' lang='lat' dir='ltr'><strong> </strong></span> 
     </span>
    </p>
   </div>
   <div class='ocr_carea' id='block_1_2' title="bbox 610 454 737 519">
    <p class='ocr_par' dir='ltr' id='par_1_2' title="bbox 610 454 737 519">
     <span class='ocr_line' id='line_1_2' title="bbox 610 454 737 519; baseline -0.016 0"><span class='ocrx_word' id='word_1_2' title='bbox 610 454 737 519; x_wconf 79' lang='lat'><strong>115</strong></span> 
     </span>
    </p>
   </div>
   <div class='ocr_carea' id='block_1_3' title="bbox 1109 638 2089 847">
    <p class='ocr_par' dir='ltr' id='par_1_3' title="bbox 1109 638 2089 847">
     <span class='ocr_line' id='line_1_3' title="bbox 1516 638 1675 712; baseline 0.013 -2"><span class='ocrx_word' id='word_1_3' title='bbox 1516 638 1675 712; x_wconf 67' lang='lat' dir='ltr'><strong>m.</strong></span> 
     </span>
     <span class='ocr_line' id='line_1_4' title="bbox 1109 774 2089 847; baseline -0.004 0"><span class='ocrx_word' id='word_1_4' title='bbox 1109 776 1586 847; x_wconf 77' lang='lat' dir='ltr'><strong>OALVINUS</strong></span> <span class='ocrx_word' id='word_1_5' title='bbox 1630 774 2089 844; x_wconf 81' lang='lat' dir='ltr'><strong>MYOONIO.</strong></span> 
     </span>
    </p>
   </div>
   <div class='ocr_carea' id='block_1_4' title="bbox 790 946 2361 1019">
    <p class='ocr_par' dir='ltr' id='par_1_4' title="bbox 790 946 2361 1019">
     <span class='ocr_line' id='line_1_5' title="bbox 790 946 2361 1019; baseline -0.004 0"><span class='ocrx_word' id='word_1_6' title='bbox 790 951 1040 1019; x_wconf 78' lang='lat' dir='ltr'><strong>Eadem</strong></span> <span class='ocrx_word' id='word_1_7' title='bbox 1083 951 1304 1018; x_wconf 75' lang='lat' dir='ltr'><strong>studia</strong></span> <span class='ocrx_word' id='word_1_8' title='bbox 1345 955 1400 1016; x_wconf 75' lang='lat' dir='ltr'><strong>et</strong></span> <span class='ocrx_word' id='word_1_9' title='bbox 1442 946 1920 1016; x_wconf 68' lang='lat' dir='ltr'><strong>Basibiensibus</strong></span> <span class='ocrx_word' id='word_1_10' title='bbox 1961 948 2361 1014; x_wconf 79' lang='lat' dir='ltr'><strong><em>commendat.</em></strong></span> 
     </span>
    </p>
   </div>
   <div class='ocr_carea' id='block_1_5' title="bbox 652 1116 2578 1330">
    <p class='ocr_par' dir='ltr' id='par_1_5' title="bbox 652 1116 2578 1330">
     <span class='ocr_line' id='line_1_6' title="bbox 705 1116 2577 1200; baseline -0.003 -21"><span class='ocrx_word' id='word_1_11' title='bbox 705 1141 811 1179; x_wconf 88' lang='lat' dir='ltr'><strong>anu</strong></span> <span class='ocrx_word' id='word_1_12' title='bbox 860 1125 1065 1193; x_wconf 70' lang='lat' dir='ltr'><strong>scripta</strong></span> <span class='ocrx_word' id='word_1_13' title='bbox 1100 1138 1210 1177; x_wconf 89' lang='lat' dir='ltr'><strong>non</strong></span> <span class='ocrx_word' id='word_1_14' title='bbox 1257 1125 1453 1175; x_wconf 81' lang='lat' dir='ltr'><strong>exstat.</strong></span> <span class='ocrx_word' id='word_1_15' title='bbox 1523 1119 1717 1174; x_wconf 80' lang='lat' dir='ltr'><strong>Edidit</strong></span> <span class='ocrx_word' id='word_1_16' title='bbox 1750 1121 1896 1173; x_wconf 65' lang='lat' dir='ltr'><strong>Besa</strong></span> <span class='ocrx_word' id='word_1_17' title='bbox 1929 1117 2063 1174; x_wconf 85' lang='lat' dir='ltr'><strong>Gen.</strong></span> <span class='ocrx_word' id='word_1_18' title='bbox 2110 1136 2162 1188; x_wconf 88' lang='lat' dir='ltr'><strong>p.</strong></span> <span class='ocrx_word' id='word_1_19' title='bbox 2197 1116 2284 1186; x_wconf 86' lang='grc'><strong>55,</strong></span> <span class='ocrx_word' id='word_1_20' title='bbox 2328 1119 2577 1200; x_wconf 40' lang='lat' dir='ltr'><strong>Lana-p.</strong></span> 
     </span>
     <span class='ocr_line' id='line_1_7' title="bbox 652 1185 2578 1311; baseline -0.003 -64"><span class='ocrx_word' id='word_1_21' title='bbox 652 1192 739 1262; x_wconf 82' lang='lat'><strong>36,</strong></span> <span class='ocrx_word' id='word_1_22' title='bbox 788 1192 1003 1246; x_wconf 85' lang='lat' dir='ltr'><strong>Hanov.</strong></span> <span class='ocrx_word' id='word_1_23' title='bbox 1049 1209 1101 1261; x_wconf 88' lang='lat' dir='ltr'><strong>p.</strong></span> <span class='ocrx_word' id='word_1_24' title='bbox 1142 1189 1257 1256; x_wconf 82' lang='lat'><strong>153,</strong></span> <span class='ocrx_word' id='word_1_25' title='bbox 1304 1190 1614 1311; x_wconf 66' lang='lat' dir='ltr'><strong>ChpuetTp.</strong></span> <span class='ocrx_word' id='word_1_26' title='bbox 1665 1186 1748 1254; x_wconf 80' lang='lat'><strong>73,</strong></span> <span class='ocrx_word' id='word_1_27' title='bbox 1795 1187 1972 1240; x_wconf 82' lang='lat' dir='ltr'><strong>Amet.</strong></span> <span class='ocrx_word' id='word_1_28' title='bbox 2021 1204 2074 1257; x_wconf 89' lang='lat' dir='ltr'><strong>p.</strong></span> <span class='ocrx_word' id='word_1_29' title='bbox 2122 1185 2206 1241; x_wconf 84' lang='lat'><strong>33.</strong></span> <span class='ocrx_word' id='word_1_30' title='bbox 2246 1214 2311 1226; x_wconf 87' lang='lat'><em>-</em></span> <span class='ocrx_word' id='word_1_31' title='bbox 2347 1189 2578 1258; x_wconf 84' lang='lat' dir='ltr'><strong>Anghce</strong></span> 
     </span>
     <span class='ocr_line' id='line_1_8' title="bbox 1285 1254 1935 1330; baseline -0.005 -18"><span class='ocrx_word' id='word_1_32' title='bbox 1285 1260 1484 1330; x_wconf 79' lang='lat' dir='ltr'><strong>legitur</strong></span> <span class='ocrx_word' id='word_1_33' title='bbox 1569 1300 1583 1314; x_wconf 91' lang='lat'><strong>.</strong></span> <span class='ocrx_word' id='word_1_34' title='bbox 1620 1256 1668 1326; x_wconf 91' lang='lat'><strong>1,</strong></span> <span class='ocrx_word' id='word_1_35' title='bbox 1704 1272 1758 1325; x_wconf 86' lang='lat' dir='ltr'><strong>p.</strong></span> <span class='ocrx_word' id='word_1_36' title='bbox 1793 1254 1935 1323; x_wconf 84' lang='lat'><strong>449.)</strong></span> 
     </span>
    </p>
   </div>
   <div class='ocr_carea' id='block_1_6' title="bbox 607 1375 2580 3263">
    <p class='ocr_par' dir='ltr' id='par_1_6' title="bbox 607 1375 2580 3263">
     <span class='ocr_line' id='line_1_9' title="bbox 790 1375 2577 1461; baseline -0.002 -16"><span class='ocrx_word' id='word_1_37' title='bbox 790 1379 985 1447; x_wconf 89' lang='lat' dir='ltr'><strong>Nunc</strong></span> <span class='ocrx_word' id='word_1_38' title='bbox 1040 1378 1336 1445; x_wconf 87' lang='lat' dir='ltr'><strong>instandi</strong></span> <span class='ocrx_word' id='word_1_39' title='bbox 1392 1386 1656 1461; x_wconf 87' lang='lat' dir='ltr'><strong>tempus</strong></span> <span class='ocrx_word' id='word_1_40' title='bbox 1711 1384 1833 1456; x_wconf 88' lang='lat' dir='ltr'><strong>est,</strong></span> <span class='ocrx_word' id='word_1_41' title='bbox 1887 1396 1973 1441; x_wconf 91' lang='lat' dir='ltr'><strong>ne</strong></span> <span class='ocrx_word' id='word_1_42' title='bbox 2027 1375 2274 1441; x_wconf 87' lang='lat' dir='ltr'><strong>frustra</strong></span> <span class='ocrx_word' id='word_1_43' title='bbox 2316 1384 2577 1441; x_wconf 84' lang='lat' dir='ltr'><strong>tantum</strong></span> 
     </span>
     <span class='ocr_line' id='line_1_10' title="bbox 616 1462 2579 1550; baseline -0.003 -18"><span class='ocrx_word' id='word_1_44' title='bbox 616 1464 861 1532; x_wconf 86' lang='lat' dir='ltr'><strong>laboris</strong></span> <span class='ocrx_word' id='word_1_45' title='bbox 939 1487 1059 1550; x_wconf 93' lang='lat' dir='ltr'><strong>pro</strong></span> <span class='ocrx_word' id='word_1_46' title='bbox 1136 1465 1393 1530; x_wconf 91' lang='lat' dir='ltr'><strong>miseris</strong></span> <span class='ocrx_word' id='word_1_47' title='bbox 1456 1463 1771 1530; x_wconf 88' lang='lat' dir='ltr'><strong>fratribus</strong></span> <span class='ocrx_word' id='word_1_48' title='bbox 1851 1462 2371 1528; x_wconf 84' lang='lat' dir='ltr'><strong>exhauserimus.</strong></span> <span class='ocrx_word' id='word_1_49' title='bbox 2487 1463 2579 1527; x_wconf 86' lang='lat' dir='ltr'><strong>Et</strong></span> 
     </span>
     <span class='ocr_line' id='line_1_11' title="bbox 617 1548 2578 1635; baseline -0.002 -19"><span class='ocrx_word' id='word_1_50' title='bbox 617 1572 799 1618; x_wconf 90' lang='lat' dir='ltr'><strong>nunc</strong></span> <span class='ocrx_word' id='word_1_51' title='bbox 837 1573 1031 1635; x_wconf 91' lang='lat' dir='ltr'><strong>opem</strong></span> <span class='ocrx_word' id='word_1_52' title='bbox 1072 1552 1202 1633; x_wconf 90' lang='lat' dir='ltr'><strong>ipsi</strong></span> <span class='ocrx_word' id='word_1_53' title='bbox 1244 1559 1539 1615; x_wconf 78' lang='lat' dir='ltr'><strong>nostram</strong></span> <span class='ocrx_word' id='word_1_54' title='bbox 1584 1549 1693 1615; x_wconf 89' lang='lat' dir='ltr'><strong>vel</strong></span> <span class='ocrx_word' id='word_1_55' title='bbox 1736 1557 2028 1616; x_wconf 73' lang='lat' dir='ltr'><strong>tacentes</strong></span> <span class='ocrx_word' id='word_1_56' title='bbox 2088 1548 2461 1633; x_wconf 77' lang='lat' dir='ltr'><strong>implorant,</strong></span> <span class='ocrx_word' id='word_1_57' title='bbox 2521 1548 2578 1612; x_wconf 90' lang='lat' dir='ltr'><strong>si</strong></span> 
     </span>
     <span class='ocr_line' id='line_1_12' title="bbox 616 1632 2579 1720; baseline -0.003 -17"><span class='ocrx_word' id='word_1_58' title='bbox 616 1657 909 1720; x_wconf 90' lang='lat' dir='ltr'><strong>unquam</strong></span> <span class='ocrx_word' id='word_1_59' title='bbox 969 1636 1268 1702; x_wconf 87' lang='lat' dir='ltr'><strong>antehac.</strong></span> <span class='ocrx_word' id='word_1_60' title='bbox 1371 1634 1511 1701; x_wconf 79' lang='lat' dir='ltr'><strong>Rex</strong></span> <span class='ocrx_word' id='word_1_61' title='bbox 1570 1636 1768 1715; x_wconf 89' lang='lat' dir='ltr'><strong>enim,</strong></span> <span class='ocrx_word' id='word_1_62' title='bbox 1823 1641 1902 1700; x_wconf 89' lang='lat' dir='ltr'><strong>ut</strong></span> <span class='ocrx_word' id='word_1_63' title='bbox 1945 1655 2028 1698; x_wconf 85' lang='lat' dir='ltr'><strong>ex</strong></span> <span class='ocrx_word' id='word_1_64' title='bbox 2073 1632 2437 1700; x_wconf 80' lang='lat' dir='ltr'>Germania</span> <span class='ocrx_word' id='word_1_65' title='bbox 2474 1634 2579 1698; x_wconf 93' lang='lat' dir='ltr'><strong>in-</strong></span> 
     </span>
     <span class='ocr_line' id='line_1_13' title="bbox 617 1718 2578 1805; baseline -0.002 -18"><span class='ocrx_word' id='word_1_66' title='bbox 617 1722 867 1800; x_wconf 82' lang='lat' dir='ltr'><strong>tellexi,</strong></span> <span class='ocrx_word' id='word_1_67' title='bbox 926 1721 1445 1788; x_wconf 78' lang='lat' dir='ltr'><strong>moderationem</strong></span> <span class='ocrx_word' id='word_1_68' title='bbox 1513 1721 1799 1805; x_wconf 88' lang='lat' dir='ltr'><strong>aliquam</strong></span> <span class='ocrx_word' id='word_1_69' title='bbox 1859 1741 1929 1785; x_wconf 92' lang='lat' dir='ltr'><strong>se</strong></span> <span class='ocrx_word' id='word_1_70' title='bbox 1984 1718 2432 1786; x_wconf 88' lang='lat' dir='ltr'><strong>adhibiturum</strong></span> <span class='ocrx_word' id='word_1_71' title='bbox 2490 1720 2578 1785; x_wconf 91' lang='lat' dir='ltr'><strong>si-</strong></span> 
     </span>
     <span class='ocr_line' id='line_1_14' title="bbox 617 1806 2579 1890; baseline -0.002 -17"><span class='ocrx_word' id='word_1_72' title='bbox 617 1808 858 1874; x_wconf 89' lang='lat' dir='ltr'><strong>mulat:</strong></span> <span class='ocrx_word' id='word_1_73' title='bbox 906 1809 1039 1873; x_wconf 87' lang='lat' dir='ltr'><strong>iam</strong></span> <span class='ocrx_word' id='word_1_74' title='bbox 1085 1809 1262 1872; x_wconf 90' lang='lat' dir='ltr'><strong>enim</strong></span> <span class='ocrx_word' id='word_1_75' title='bbox 1297 1807 1663 1890; x_wconf 87' lang='lat' dir='ltr'><strong>profectum</strong></span> <span class='ocrx_word' id='word_1_76' title='bbox 1700 1826 1843 1872; x_wconf 88' lang='lat' dir='ltr'><strong>esse</strong></span> <span class='ocrx_word' id='word_1_77' title='bbox 1878 1806 2421 1885; x_wconf 90' lang='lat' dir='ltr'><strong>commissarium,</strong></span> <span class='ocrx_word' id='word_1_78' title='bbox 2466 1806 2579 1888; x_wconf 90' lang='lat' dir='ltr'><strong>qui</strong></span> 
     </span>
     <span class='ocr_line' id='line_1_15' title="bbox 618 1889 2577 1976; baseline -0.001 -17"><span class='ocrx_word' id='word_1_79' title='bbox 618 1894 700 1959; x_wconf 90' lang='lat' dir='ltr'><strong>de</strong></span> <span class='ocrx_word' id='word_1_80' title='bbox 745 1893 945 1960; x_wconf 89' lang='lat' dir='ltr'><strong>rebus</strong></span> <span class='ocrx_word' id='word_1_81' title='bbox 988 1914 1218 1959; x_wconf 86' lang='lat' dir='ltr'><strong>eorum</strong></span> <span class='ocrx_word' id='word_1_82' title='bbox 1262 1893 1570 1976; x_wconf 88' lang='lat' dir='ltr'><strong>inquirat.</strong></span> <span class='ocrx_word' id='word_1_83' title='bbox 1661 1891 1918 1957; x_wconf 89' lang='lat' dir='ltr'><strong>Verum</strong></span> <span class='ocrx_word' id='word_1_84' title='bbox 1973 1890 2140 1956; x_wconf 87' lang='lat' dir='ltr'><strong>nihil</strong></span> <span class='ocrx_word' id='word_1_85' title='bbox 2198 1889 2351 1957; x_wconf 91' lang='lat' dir='ltr'><strong>inde</strong></span> <span class='ocrx_word' id='word_1_86' title='bbox 2396 1892 2577 1958; x_wconf 86' lang='lat' dir='ltr'><strong>leva-</strong></span> 
     </span>
     <span class='ocr_line' id='line_1_16' title="bbox 616 1977 2578 2063; baseline -0.001 -20"><span class='ocrx_word' id='word_1_87' title='bbox 616 1980 814 2045; x_wconf 83' lang='lat' dir='ltr'><strong>tionis</strong></span> <span class='ocrx_word' id='word_1_88' title='bbox 860 1977 1393 2063; x_wconf 85' lang='lat' dir='ltr'><strong>exspectandum.</strong></span> <span class='ocrx_word' id='word_1_89' title='bbox 1488 1977 2000 2055; x_wconf 70' lang='lat' dir='ltr'><strong>commissionis,</strong></span> <span class='ocrx_word' id='word_1_90' title='bbox 2064 1986 2140 2042; x_wconf 89' lang='lat' dir='ltr'><strong>ut</strong></span> <span class='ocrx_word' id='word_1_91' title='bbox 2195 1977 2578 2062; x_wconf 88' lang='lat' dir='ltr'><strong>loquuntur,</strong></span> 
     </span>
     <span class='ocr_line' id='line_1_17' title="bbox 619 2063 2580 2131; baseline -0.002 0"><span class='ocrx_word' id='word_1_92' title='bbox 619 2065 745 2131; x_wconf 89' lang='lat' dir='ltr'><strong>sibi</strong></span> <span class='ocrx_word' id='word_1_93' title='bbox 808 2065 1224 2131; x_wconf 79' lang='lat' dir='ltr'><strong>infestissimi</strong></span> <span class='ocrx_word' id='word_1_94' title='bbox 1290 2063 1513 2129; x_wconf 87' lang='lat' dir='ltr'><strong>hostes</strong></span> <span class='ocrx_word' id='word_1_95' title='bbox 1578 2072 1773 2129; x_wconf 89' lang='lat' dir='ltr'><strong>erunt</strong></span> <span class='ocrx_word' id='word_1_96' title='bbox 1835 2063 2095 2128; x_wconf 89' lang='lat' dir='ltr'><strong>conscii.</strong></span> <span class='ocrx_word' id='word_1_97' title='bbox 2205 2063 2416 2130; x_wconf 89' lang='lat' dir='ltr'><strong>Nemo</strong></span> <span class='ocrx_word' id='word_1_98' title='bbox 2478 2074 2580 2129; x_wconf 88' lang='lat' dir='ltr'><strong>est</strong></span> 
     </span>
     <span class='ocr_line' id='line_1_18' title="bbox 619 2148 2579 2235; baseline -0.002 -19"><span class='ocrx_word' id='word_1_99' title='bbox 619 2152 730 2235; x_wconf 92' lang='lat' dir='ltr'><strong>qui</strong></span> <span class='ocrx_word' id='word_1_100' title='bbox 773 2152 1014 2216; x_wconf 90' lang='lat' dir='ltr'><strong>mutire</strong></span> <span class='ocrx_word' id='word_1_101' title='bbox 1058 2150 1233 2214; x_wconf 89' lang='lat' dir='ltr'><strong>ausit</strong></span> <span class='ocrx_word' id='word_1_102' title='bbox 1274 2169 1393 2233; x_wconf 90' lang='lat' dir='ltr'><strong>pro</strong></span> <span class='ocrx_word' id='word_1_103' title='bbox 1428 2149 1722 2215; x_wconf 87' lang='lat' dir='ltr'><strong>veritate.</strong></span> <span class='ocrx_word' id='word_1_104' title='bbox 1811 2149 2042 2215; x_wconf 82' lang='lat' dir='ltr'><strong>Miseri</strong></span> <span class='ocrx_word' id='word_1_105' title='bbox 2080 2148 2319 2215; x_wconf 82' lang='lat' dir='ltr'><strong>fratres</strong></span> <span class='ocrx_word' id='word_1_106' title='bbox 2354 2150 2463 2215; x_wconf 92' lang='lat' dir='ltr'><strong>vel</strong></span> <span class='ocrx_word' id='word_1_107' title='bbox 2505 2150 2579 2213; x_wconf 91' lang='lat' dir='ltr'><strong>in</strong></span> 
     </span>
     <span class='ocr_line' id='line_1_19' title="bbox 619 2235 2578 2303; baseline -0.001 -1"><span class='ocrx_word' id='word_1_108' title='bbox 619 2236 900 2303; x_wconf 88' lang='lat' dir='ltr'><strong>sentinis</strong></span> <span class='ocrx_word' id='word_1_109' title='bbox 974 2237 1247 2301; x_wconf 88' lang='lat' dir='ltr'><strong>navium</strong></span> <span class='ocrx_word' id='word_1_110' title='bbox 1313 2243 1380 2301; x_wconf 90' lang='lat' dir='ltr'><strong>et</strong></span> <span class='ocrx_word' id='word_1_111' title='bbox 1455 2235 1900 2301; x_wconf 81' lang='lat' dir='ltr'><strong>subterraneis</strong></span> <span class='ocrx_word' id='word_1_112' title='bbox 1970 2254 2305 2301; x_wconf 87' lang='lat' dir='ltr'><strong>carcerum</strong></span> <span class='ocrx_word' id='word_1_113' title='bbox 2385 2236 2578 2300; x_wconf 86' lang='lat' dir='ltr'><strong>fossis</strong></span> 
     </span>
     <span class='ocr_line' id='line_1_20' title="bbox 617 2319 2575 2406; baseline -0.001 -19"><span class='ocrx_word' id='word_1_114' title='bbox 617 2322 828 2389; x_wconf 83' lang='lat' dir='ltr'><strong>vincti</strong></span> <span class='ocrx_word' id='word_1_115' title='bbox 864 2330 1193 2399; x_wconf 90' lang='lat' dir='ltr'><strong>tenentur,</strong></span> <span class='ocrx_word' id='word_1_116' title='bbox 1237 2321 1347 2388; x_wconf 83' lang='lat' dir='ltr'><strong>vel</strong></span> <span class='ocrx_word' id='word_1_117' title='bbox 1381 2322 1541 2406; x_wconf 86' lang='lat' dir='ltr'><strong>fuga</strong></span> <span class='ocrx_word' id='word_1_118' title='bbox 1581 2320 1858 2404; x_wconf 90' lang='lat' dir='ltr'><strong>dispersi</strong></span> <span class='ocrx_word' id='word_1_119' title='bbox 1899 2321 2126 2404; x_wconf 89' lang='lat' dir='ltr'><strong>procul</strong></span> <span class='ocrx_word' id='word_1_120' title='bbox 2162 2319 2424 2396; x_wconf 88' lang='lat' dir='ltr'><strong>absunt,</strong></span> <span class='ocrx_word' id='word_1_121' title='bbox 2469 2320 2575 2387; x_wconf 91' lang='lat' dir='ltr'><strong>vel</strong></span> 
     </span>
     <span class='ocr_line' id='line_1_21' title="bbox 616 2405 2577 2492; baseline -0.002 -20"><span class='ocrx_word' id='word_1_122' title='bbox 616 2407 829 2473; x_wconf 89' lang='lat' dir='ltr'><strong>latent</strong></span> <span class='ocrx_word' id='word_1_123' title='bbox 885 2407 1058 2492; x_wconf 91' lang='lat' dir='ltr'><strong>apud</strong></span> <span class='ocrx_word' id='word_1_124' title='bbox 1118 2409 1376 2473; x_wconf 89' lang='lat' dir='ltr'><strong>amicos.</strong></span> <span class='ocrx_word' id='word_1_125' title='bbox 1480 2406 1843 2491; x_wconf 84' lang='lat' dir='ltr'><strong>Rogandus</strong></span> <span class='ocrx_word' id='word_1_126' title='bbox 1897 2427 2054 2490; x_wconf 90' lang='lat' dir='ltr'><strong>ergo</strong></span> <span class='ocrx_word' id='word_1_127' title='bbox 2106 2408 2234 2472; x_wconf 89' lang='lat' dir='ltr'><strong>erit</strong></span> <span class='ocrx_word' id='word_1_128' title='bbox 2280 2405 2441 2483; x_wconf 76' lang='lat' dir='ltr'><strong>Rex,</strong></span> <span class='ocrx_word' id='word_1_129' title='bbox 2500 2417 2577 2471; x_wconf 89' lang='lat' dir='ltr'><strong>ut</strong></span> 
     </span>
     <span class='ocr_line' id='line_1_22' title="bbox 621 2492 2575 2577; baseline -0.002 -18"><span class='ocrx_word' id='word_1_130' title='bbox 621 2493 875 2559; x_wconf 88' lang='lat' dir='ltr'><strong>vinctos</strong></span> <span class='ocrx_word' id='word_1_131' title='bbox 911 2494 1195 2577; x_wconf 92' lang='lat' dir='ltr'><strong>primum</strong></span> <span class='ocrx_word' id='word_1_132' title='bbox 1233 2492 1538 2570; x_wconf 87' lang='lat' dir='ltr'><strong>dimittat,</strong></span> <span class='ocrx_word' id='word_1_133' title='bbox 1585 2500 1653 2558; x_wconf 90' lang='lat' dir='ltr'><strong>et</strong></span> <span class='ocrx_word' id='word_1_134' title='bbox 1685 2513 1912 2558; x_wconf 90' lang='lat' dir='ltr'><strong>omnes</strong></span> <span class='ocrx_word' id='word_1_135' title='bbox 1948 2492 2255 2558; x_wconf 89' lang='lat' dir='ltr'><strong>restituat</strong></span> <span class='ocrx_word' id='word_1_136' title='bbox 2296 2493 2370 2557; x_wconf 93' lang='lat' dir='ltr'><strong>in</strong></span> <span class='ocrx_word' id='word_1_137' title='bbox 2403 2493 2575 2556; x_wconf 90' lang='lat' dir='ltr'><strong>inte-</strong></span> 
     </span>
     <span class='ocr_line' id='line_1_23' title="bbox 611 2578 2573 2663; baseline -0.001 -19"><span class='ocrx_word' id='word_1_138' title='bbox 611 2599 838 2663; x_wconf 87' lang='lat' dir='ltr'><strong>grum:</strong></span> <span class='ocrx_word' id='word_1_139' title='bbox 887 2579 1121 2645; x_wconf 90' lang='lat' dir='ltr'><strong>deinde</strong></span> <span class='ocrx_word' id='word_1_140' title='bbox 1164 2579 1646 2645; x_wconf 88' lang='lat' dir='ltr'><strong>commissarios</strong></span> <span class='ocrx_word' id='word_1_141' title='bbox 1698 2579 1922 2644; x_wconf 88' lang='lat' dir='ltr'><strong>mittat</strong></span> <span class='ocrx_word' id='word_1_142' title='bbox 1977 2578 2279 2644; x_wconf 89' lang='lat' dir='ltr'><strong>homines</strong></span> <span class='ocrx_word' id='word_1_143' title='bbox 2331 2598 2573 2662; x_wconf 89' lang='lat' dir='ltr'><strong>aequos</strong></span> 
     </span>
     <span class='ocr_line' id='line_1_24' title="bbox 614 2662 2573 2747; baseline 0 -18"><span class='ocrx_word' id='word_1_144' title='bbox 614 2674 681 2729; x_wconf 90' lang='lat' dir='ltr'><strong>et</strong></span> <span class='ocrx_word' id='word_1_145' title='bbox 722 2664 1078 2731; x_wconf 89' lang='lat' dir='ltr'><strong>humanos:</strong></span> <span class='ocrx_word' id='word_1_146' title='bbox 1125 2665 1398 2731; x_wconf 85' lang='lat' dir='ltr'><strong>rabiosis</strong></span> <span class='ocrx_word' id='word_1_147' title='bbox 1443 2666 1588 2730; x_wconf 90' lang='lat' dir='ltr'><strong>istis</strong></span> <span class='ocrx_word' id='word_1_148' title='bbox 1624 2663 2068 2747; x_wconf 80' lang='lat' dir='ltr'><strong>cognitionem</strong></span> <span class='ocrx_word' id='word_1_149' title='bbox 2114 2662 2379 2729; x_wconf 78' lang='lat' dir='ltr'><strong>adimat.</strong></span> <span class='ocrx_word' id='word_1_150' title='bbox 2469 2665 2573 2729; x_wconf 81' lang='lat' dir='ltr'><strong>Tu</strong></span> 
     </span>
     <span class='ocr_line' id='line_1_25' title="bbox 611 2749 2569 2834; baseline 0.001 -20"><span class='ocrx_word' id='word_1_151' title='bbox 611 2752 816 2834; x_wconf 89' lang='lat' dir='ltr'><strong>igitur</strong></span> <span class='ocrx_word' id='word_1_152' title='bbox 870 2752 940 2815; x_wconf 91' lang='lat' dir='ltr'><strong>in</strong></span> <span class='ocrx_word' id='word_1_153' title='bbox 1001 2750 1172 2816; x_wconf 89' lang='lat' dir='ltr'><strong>hanc</strong></span> <span class='ocrx_word' id='word_1_154' title='bbox 1224 2770 1370 2814; x_wconf 91' lang='lat' dir='ltr'><strong>rem</strong></span> <span class='ocrx_word' id='word_1_155' title='bbox 1437 2751 1590 2815; x_wconf 91' lang='lat' dir='ltr'><strong>totis</strong></span> <span class='ocrx_word' id='word_1_156' title='bbox 1645 2750 1868 2817; x_wconf 90' lang='lat' dir='ltr'><strong>nervis</strong></span> <span class='ocrx_word' id='word_1_157' title='bbox 1923 2750 2189 2815; x_wconf 83' lang='lat' dir='ltr'><strong>enitere.</strong></span> <span class='ocrx_word' id='word_1_158' title='bbox 2298 2749 2569 2816; x_wconf 82' lang='lat' dir='ltr'><strong>Crimen</strong></span> 
     </span>
     <span class='ocr_line' id='line_1_26' title="bbox 611 2835 2571 2920; baseline 0 -20"><span class='ocrx_word' id='word_1_159' title='bbox 611 2856 739 2918; x_wconf 94' lang='lat' dir='ltr'><strong>quo</strong></span> <span class='ocrx_word' id='word_1_160' title='bbox 782 2844 1150 2920; x_wconf 81' lang='lat' dir='ltr'><strong>gravantur</strong></span> <span class='ocrx_word' id='word_1_161' title='bbox 1193 2857 1278 2901; x_wconf 90' lang='lat' dir='ltr'><strong>ne</strong></span> <span class='ocrx_word' id='word_1_162' title='bbox 1322 2835 1455 2900; x_wconf 90' lang='lat' dir='ltr'><strong>illis</strong></span> <span class='ocrx_word' id='word_1_163' title='bbox 1497 2843 1749 2913; x_wconf 87' lang='lat' dir='ltr'><strong>noceat,</strong></span> <span class='ocrx_word' id='word_1_164' title='bbox 1796 2835 1998 2900; x_wconf 88' lang='lat' dir='ltr'><strong>effice.</strong></span> <span class='ocrx_word' id='word_1_165' title='bbox 2067 2836 2193 2901; x_wconf 87' lang='lat' dir='ltr'><strong>Est</strong></span> <span class='ocrx_word' id='word_1_166' title='bbox 2232 2836 2412 2901; x_wconf 90' lang='lat' dir='ltr'><strong>enim</strong></span> <span class='ocrx_word' id='word_1_167' title='bbox 2446 2836 2571 2900; x_wconf 92' lang='lat' dir='ltr'><strong>im-</strong></span> 
     </span>
     <span class='ocr_line' id='line_1_27' title="bbox 607 2919 2567 3005; baseline 0.001 -21"><span class='ocrx_word' id='word_1_168' title='bbox 607 2919 936 3003; x_wconf 89' lang='lat' dir='ltr'><strong>pudenter</strong></span> <span class='ocrx_word' id='word_1_169' title='bbox 999 2922 1381 2987; x_wconf 87' lang='lat' dir='ltr'><strong>confictum:</strong></span> <span class='ocrx_word' id='word_1_170' title='bbox 1461 2928 1529 2986; x_wconf 89' lang='lat' dir='ltr'><strong>et</strong></span> <span class='ocrx_word' id='word_1_171' title='bbox 1595 2919 1894 3005; x_wconf 89' lang='lat' dir='ltr'><strong>suspicor</strong></span> <span class='ocrx_word' id='word_1_172' title='bbox 1956 2922 2026 2986; x_wconf 89' lang='lat' dir='ltr'><strong>in</strong></span> <span class='ocrx_word' id='word_1_173' title='bbox 2093 2942 2223 3004; x_wconf 89' lang='lat' dir='ltr'><strong>qua</strong></span> <span class='ocrx_word' id='word_1_174' title='bbox 2287 2922 2567 2987; x_wconf 89' lang='lat' dir='ltr'><strong>officina.</strong></span> 
     </span>
     <span class='ocr_line' id='line_1_28' title="bbox 609 3006 2570 3092; baseline 0 -21"><span class='ocrx_word' id='word_1_175' title='bbox 609 3007 825 3072; x_wconf 86' lang='lat' dir='ltr'><strong>Miror</strong></span> <span class='ocrx_word' id='word_1_176' title='bbox 861 3015 1125 3072; x_wconf 87' lang='lat' dir='ltr'><strong>tantum</strong></span> <span class='ocrx_word' id='word_1_177' title='bbox 1160 3006 1386 3073; x_wconf 89' lang='lat' dir='ltr'><strong>haberi</strong></span> <span class='ocrx_word' id='word_1_178' title='bbox 1423 3006 1577 3072; x_wconf 89' lang='lat' dir='ltr'><strong>fidei</strong></span> <span class='ocrx_word' id='word_1_179' title='bbox 1612 3006 1804 3071; x_wconf 89' lang='lat' dir='ltr'><strong>nihili</strong></span> <span class='ocrx_word' id='word_1_180' title='bbox 1855 3007 2253 3084; x_wconf 89' lang='lat' dir='ltr'><strong>hominibus,</strong></span> <span class='ocrx_word' id='word_1_181' title='bbox 2292 3028 2570 3092; x_wconf 89' lang='lat' dir='ltr'><strong>quorum</strong></span> 
     </span>
     <span class='ocr_line' id='line_1_29' title="bbox 1049 3092 2571 3162; baseline 0.001 -5"><span class='ocrx_word' id='word_1_182' title='bbox 1049 3114 1242 3159; x_wconf 91' lang='lat' dir='ltr'><strong>aures</strong></span> <span class='ocrx_word' id='word_1_183' title='bbox 1307 3102 1678 3159; x_wconf 88' lang='lat' dir='ltr'><strong>vestrorum</strong></span> <span class='ocrx_word' id='word_1_184' title='bbox 1740 3092 2083 3159; x_wconf 86' lang='lat' dir='ltr'><strong>hominum</strong></span> <span class='ocrx_word' id='word_1_185' title='bbox 2148 3094 2571 3162; x_wconf 71' lang='lat' dir='ltr'><strong>occallescere</strong></span> 
     </span>
     <span class='ocr_line' id='line_1_30' title="bbox 1526 3179 2571 3263; baseline 0.002 -19"><span class='ocrx_word' id='word_1_186' title='bbox 1526 3179 1831 3263; x_wconf 80' lang='lat' dir='ltr'><strong>Fingunt</strong></span> <span class='ocrx_word' id='word_1_187' title='bbox 1873 3179 2147 3247; x_wconf 88' lang='lat' dir='ltr'><strong>allatum</strong></span> <span class='ocrx_word' id='word_1_188' title='bbox 2205 3201 2349 3247; x_wconf 86' lang='lat' dir='ltr'><strong>esse</strong></span> <span class='ocrx_word' id='word_1_189' title='bbox 2391 3179 2571 3246; x_wconf 87' lang='lat' dir='ltr'><strong>hunc</strong></span> 
     </span>
    </p>
   </div>
   <div class='ocr_carea' id='block_1_7' title="bbox 604 3093 2571 4114">
    <p class='ocr_par' dir='ltr' id='par_1_7' title="bbox 604 3093 2571 4114">
     <span class='ocr_line' id='line_1_31' title="bbox 607 3093 974 3160; baseline 0.003 -2"><span class='ocrx_word' id='word_1_190' title='bbox 607 3093 974 3160; x_wconf 88' lang='lat' dir='ltr'><strong>mendaciis</strong></span> 
     </span>
     <span class='ocr_line' id='line_1_32' title="bbox 606 3178 1435 3262; baseline 0.001 -19"><span class='ocrx_word' id='word_1_191' title='bbox 606 3178 1002 3262; x_wconf 88' lang='lat' dir='ltr'><strong>iampridem</strong></span> <span class='ocrx_word' id='word_1_192' title='bbox 1046 3178 1435 3245; x_wconf 88' lang='lat' dir='ltr'><strong>debuerunt.</strong></span> 
     </span>
     <span class='ocr_line' id='line_1_33' title="bbox 608 3264 2570 3349; baseline 0.001 -20"><span class='ocrx_word' id='word_1_193' title='bbox 608 3286 649 3329; x_wconf 89' lang='lat' dir='ltr'><strong>a</strong></span> <span class='ocrx_word' id='word_1_194' title='bbox 691 3264 1164 3332; x_wconf 87' lang='lat' dir='ltr'><strong>mercatoribus</strong></span> <span class='ocrx_word' id='word_1_195' title='bbox 1210 3285 1557 3330; x_wconf 89' lang='lat' dir='ltr'><strong>rumorem.</strong></span> <span class='ocrx_word' id='word_1_196' title='bbox 1648 3264 1855 3349; x_wconf 86' lang='lat' dir='ltr'><strong>Atqui</strong></span> <span class='ocrx_word' id='word_1_197' title='bbox 1909 3286 2246 3348; x_wconf 87' lang='lat' dir='ltr'><strong>nunquam</strong></span> <span class='ocrx_word' id='word_1_198' title='bbox 2302 3265 2371 3330; x_wconf 91' lang='lat' dir='ltr'><strong>id</strong></span> <span class='ocrx_word' id='word_1_199' title='bbox 2416 3266 2570 3331; x_wconf 88' lang='lat' dir='ltr'><strong>hos-</strong></span> 
     </span>
     <span class='ocr_line' id='line_1_34' title="bbox 606 3350 2570 3435; baseline -0.001 -18"><span class='ocrx_word' id='word_1_200' title='bbox 606 3359 708 3417; x_wconf 85' lang='lat' dir='ltr'><strong>tes</strong></span> <span class='ocrx_word' id='word_1_201' title='bbox 751 3350 1104 3417; x_wconf 86' lang='lat' dir='ltr'><strong>obtendere</strong></span> <span class='ocrx_word' id='word_1_202' title='bbox 1148 3353 1292 3417; x_wconf 88' lang='lat' dir='ltr'><strong>ausi</strong></span> <span class='ocrx_word' id='word_1_203' title='bbox 1333 3360 1519 3416; x_wconf 89' lang='lat' dir='ltr'><strong>sunt:</strong></span> <span class='ocrx_word' id='word_1_204' title='bbox 1576 3351 1733 3435; x_wconf 91' lang='lat' dir='ltr'><strong>quia</strong></span> <span class='ocrx_word' id='word_1_205' title='bbox 1788 3351 2026 3417; x_wconf 87' lang='lat' dir='ltr'><strong>facturi</strong></span> <span class='ocrx_word' id='word_1_206' title='bbox 2083 3361 2271 3417; x_wconf 87' lang='lat' dir='ltr'><strong>erant</strong></span> <span class='ocrx_word' id='word_1_207' title='bbox 2324 3351 2570 3435; x_wconf 88' lang='lat' dir='ltr'><strong>absque</strong></span> 
     </span>
     <span class='ocr_line' id='line_1_35' title="bbox 606 3436 2569 3521; baseline 0.001 -20"><span class='ocrx_word' id='word_1_208' title='bbox 606 3436 842 3504; x_wconf 89' lang='lat' dir='ltr'><strong>colore.</strong></span> <span class='ocrx_word' id='word_1_209' title='bbox 951 3437 1327 3520; x_wconf 71' lang='lat' dir='ltr'><strong>Grynianus</strong></span> <span class='ocrx_word' id='word_1_210' title='bbox 1387 3436 1585 3520; x_wconf 71' lang='lat' dir='ltr'><strong>Rcyis</strong></span> <span class='ocrx_word' id='word_1_211' title='bbox 1641 3436 1894 3520; x_wconf 89' lang='lat' dir='ltr'><strong>legatus</strong></span> <span class='ocrx_word' id='word_1_212' title='bbox 1910 3488 1928 3515; x_wconf 92' lang='lat'><strong>,</strong></span> <span class='ocrx_word' id='word_1_213' title='bbox 1986 3438 2099 3520; x_wconf 89' lang='lat' dir='ltr'><strong>qui</strong></span> <span class='ocrx_word' id='word_1_214' title='bbox 2152 3445 2569 3521; x_wconf 84' lang='lat' dir='ltr'><strong>perpetratae</strong></span> 
     </span>
     <span class='ocr_line' id='line_1_36' title="bbox 608 3522 2568 3606; baseline 0 -20"><span class='ocrx_word' id='word_1_215' title='bbox 608 3523 851 3606; x_wconf 85' lang='lat' dir='ltr'><strong>stragis</strong></span> <span class='ocrx_word' id='word_1_216' title='bbox 895 3530 1124 3589; x_wconf 85' lang='lat' dir='ltr'><strong>auctor</strong></span> <span class='ocrx_word' id='word_1_217' title='bbox 1165 3522 1292 3587; x_wconf 84' lang='lat' dir='ltr'><strong>fuit</strong></span> <span class='ocrx_word' id='word_1_218' title='bbox 1333 3543 1452 3587; x_wconf 89' lang='lat' dir='ltr'><strong>sua</strong></span> <span class='ocrx_word' id='word_1_219' title='bbox 1496 3522 1786 3606; x_wconf 88' lang='lat' dir='ltr'><strong>perfidia,</strong></span> <span class='ocrx_word' id='word_1_220' title='bbox 1834 3530 2181 3606; x_wconf 83' lang='lat' dir='ltr'><strong>praetextu</strong></span> <span class='ocrx_word' id='word_1_221' title='bbox 2240 3523 2366 3587; x_wconf 89' lang='lat' dir='ltr'><strong>hoc</strong></span> <span class='ocrx_word' id='word_1_222' title='bbox 2434 3542 2568 3587; x_wconf 87' lang='lat' dir='ltr'><strong>nou</strong></span> 
     </span>
     <span class='ocr_line' id='line_1_37' title="bbox 607 3606 2569 3692; baseline -0.001 -19"><span class='ocrx_word' id='word_1_223' title='bbox 607 3607 916 3673; x_wconf 86' lang='lat' dir='ltr'><strong>abutitur.</strong></span> <span class='ocrx_word' id='word_1_224' title='bbox 1008 3606 1274 3674; x_wconf 86' lang='lat' dir='ltr'><strong>Obsiste</strong></span> <span class='ocrx_word' id='word_1_225' title='bbox 1319 3629 1477 3692; x_wconf 88' lang='lat' dir='ltr'><strong>ergo</strong></span> <span class='ocrx_word' id='word_1_226' title='bbox 1512 3615 1834 3691; x_wconf 87' lang='lat' dir='ltr'><strong>quantum</strong></span> <span class='ocrx_word' id='word_1_227' title='bbox 1868 3618 2072 3691; x_wconf 89' lang='lat' dir='ltr'><strong>potes,</strong></span> <span class='ocrx_word' id='word_1_228' title='bbox 2116 3630 2199 3674; x_wconf 91' lang='lat' dir='ltr'><strong>ne</strong></span> <span class='ocrx_word' id='word_1_229' title='bbox 2233 3608 2418 3674; x_wconf 89' lang='lat' dir='ltr'><strong>falsis</strong></span> <span class='ocrx_word' id='word_1_230' title='bbox 2458 3609 2569 3673; x_wconf 90' lang='lat' dir='ltr'><strong>de-</strong></span> 
     </span>
     <span class='ocr_line' id='line_1_38' title="bbox 605 3692 2567 3760; baseline 0.001 -4"><span class='ocrx_word' id='word_1_231' title='bbox 605 3692 958 3760; x_wconf 88' lang='lat' dir='ltr'><strong>lationibus</strong></span> <span class='ocrx_word' id='word_1_232' title='bbox 1002 3693 1378 3758; x_wconf 86' lang='lat' dir='ltr'><strong>alienentur</strong></span> <span class='ocrx_word' id='word_1_233' title='bbox 1421 3694 1742 3759; x_wconf 88' lang='lat' dir='ltr'><strong>bonorum</strong></span> <span class='ocrx_word' id='word_1_234' title='bbox 1786 3694 1992 3758; x_wconf 89' lang='lat' dir='ltr'><strong>animi</strong></span> <span class='ocrx_word' id='word_1_235' title='bbox 2035 3693 2116 3759; x_wconf 90' lang='lat' dir='ltr'><strong>ab</strong></span> <span class='ocrx_word' id='word_1_236' title='bbox 2160 3693 2293 3758; x_wconf 90' lang='lat' dir='ltr'><strong>illis</strong></span> <span class='ocrx_word' id='word_1_237' title='bbox 2335 3695 2567 3759; x_wconf 88' lang='lat' dir='ltr'><strong>iuvan-</strong></span> 
     </span>
     <span class='ocr_line' id='line_1_39' title="bbox 607 3775 2569 3857; baseline 0.002 -16"><span class='ocrx_word' id='word_1_238' title='bbox 607 3775 727 3844; x_wconf 90' lang='lat' dir='ltr'><strong>dis.</strong></span> <span class='ocrx_word' id='word_1_239' title='bbox 816 3779 1006 3857; x_wconf 85' lang='lat' dir='ltr'><strong>Vale,</strong></span> <span class='ocrx_word' id='word_1_240' title='bbox 1052 3781 1143 3843; x_wconf 92' lang='lat' dir='ltr'><strong>mi</strong></span> <span class='ocrx_word' id='word_1_241' title='bbox 1180 3781 1383 3843; x_wconf 86' lang='lat' dir='ltr'><strong>frater</strong></span> <span class='ocrx_word' id='word_1_242' title='bbox 1417 3786 1485 3844; x_wconf 92' lang='lat' dir='ltr'><strong>et</strong></span> <span class='ocrx_word' id='word_1_243' title='bbox 1525 3780 1732 3843; x_wconf 87' lang='lat' dir='ltr'><strong>amice</strong></span> <span class='ocrx_word' id='word_1_244' title='bbox 1766 3777 2164 3844; x_wconf 88' lang='lat' dir='ltr'><strong>honorande.</strong></span> <span class='ocrx_word' id='word_1_245' title='bbox 2237 3777 2569 3845; x_wconf 88' lang='lat' dir='ltr'><strong>Dominus</strong></span> 
     </span>
     <span class='ocr_line' id='line_1_40' title="bbox 605 3864 2568 3949; baseline 0 -21"><span class='ocrx_word' id='word_1_246' title='bbox 605 3870 670 3928; x_wconf 91' lang='lat' dir='ltr'><strong>te</strong></span> <span class='ocrx_word' id='word_1_247' title='bbox 715 3885 853 3930; x_wconf 88' lang='lat' dir='ltr'><strong>una</strong></span> <span class='ocrx_word' id='word_1_248' title='bbox 896 3886 1043 3931; x_wconf 89' lang='lat' dir='ltr'><strong>cum</strong></span> <span class='ocrx_word' id='word_1_249' title='bbox 1088 3866 1473 3949; x_wconf 83' lang='lat' dir='ltr'><strong>symmystis</strong></span> <span class='ocrx_word' id='word_1_250' title='bbox 1517 3872 1878 3942; x_wconf 85' lang='lat' dir='ltr'><strong>conservet,</strong></span> <span class='ocrx_word' id='word_1_251' title='bbox 1919 3884 2085 3946; x_wconf 91' lang='lat' dir='ltr'><strong>quos</strong></span> <span class='ocrx_word' id='word_1_252' title='bbox 2120 3865 2434 3931; x_wconf 88' lang='lat' dir='ltr'><strong>salutabis</strong></span> <span class='ocrx_word' id='word_1_253' title='bbox 2470 3864 2568 3929; x_wconf 86' lang='lat' dir='ltr'><strong>di-</strong></span> 
     </span>
     <span class='ocr_line' id='line_1_41' title="bbox 604 3948 2571 4034; baseline 0.001 -20"><span class='ocrx_word' id='word_1_254' title='bbox 604 3948 893 4033; x_wconf 86' lang='lat' dir='ltr'><strong>ligenter</strong></span> <span class='ocrx_word' id='word_1_255' title='bbox 949 3971 1095 4016; x_wconf 91' lang='lat' dir='ltr'><strong>meo</strong></span> <span class='ocrx_word' id='word_1_256' title='bbox 1153 3951 1436 4015; x_wconf 89' lang='lat' dir='ltr'><strong>nomine.</strong></span> <span class='ocrx_word' id='word_1_257' title='bbox 1527 3949 1837 4034; x_wconf 84' lang='lat' dir='ltr'><strong>Collegae</strong></span> <span class='ocrx_word' id='word_1_258' title='bbox 1889 3951 2019 4015; x_wconf 91' lang='lat' dir='ltr'><strong>mei</strong></span> <span class='ocrx_word' id='word_1_259' title='bbox 2066 3972 2183 4016; x_wconf 90' lang='lat' dir='ltr'><strong>vos</strong></span> <span class='ocrx_word' id='word_1_260' title='bbox 2225 3952 2425 4016; x_wconf 91' lang='lat' dir='ltr'><strong>etiam</strong></span> <span class='ocrx_word' id='word_1_261' title='bbox 2472 3973 2571 4016; x_wconf 92' lang='lat' dir='ltr'><strong>re-</strong></span> 
     </span>
     <span class='ocr_line' id='line_1_42' title="bbox 607 4035 2278 4114; baseline 0 -12"><span class='ocrx_word' id='word_1_262' title='bbox 607 4044 913 4102; x_wconf 85' lang='lat' dir='ltr'><strong>verenter</strong></span> <span class='ocrx_word' id='word_1_263' title='bbox 956 4036 1266 4102; x_wconf 87' lang='lat' dir='ltr'><strong>salutant.</strong></span> <span class='ocrx_word' id='word_1_264' title='bbox 1358 4035 1695 4114; x_wconf 82' lang='lat' dir='ltr'><strong>Genevae,</strong></span> <span class='ocrx_word' id='word_1_265' title='bbox 1742 4041 1845 4101; x_wconf 84' lang='lat'><strong>24.</strong></span> <span class='ocrx_word' id='word_1_266' title='bbox 1890 4036 2046 4101; x_wconf 90' lang='lat' dir='ltr'><strong>Iulii</strong></span> <span class='ocrx_word' id='word_1_267' title='bbox 2099 4042 2278 4102; x_wconf 85' lang='lat'><strong>1545.</strong></span> 
     </span>
    </p>
   </div>
   <div class='ocr_carea' id='block_1_8' title="bbox 1537 4153 2393 4223">
    <p class='ocr_par' dir='ltr' id='par_1_8' title="bbox 1537 4153 2393 4223">
     <span class='ocr_line' id='line_1_43' title="bbox 1537 4153 2393 4223; baseline 0.001 -3"><span class='ocrx_word' id='word_1_268' title='bbox 1537 4153 1820 4222; x_wconf 88' lang='lat' dir='ltr'><strong>Ioannes</strong></span> <span class='ocrx_word' id='word_1_269' title='bbox 1863 4154 2180 4223; x_wconf 75' lang='lat' dir='ltr'><strong>Calvinus</strong></span> <span class='ocrx_word' id='word_1_270' title='bbox 2223 4165 2393 4223; x_wconf 88' lang='lat' dir='ltr'><strong>tuus.</strong></span> 
     </span>
    </p>
   </div>
   <div class='ocr_carea' id='block_1_9' title="bbox 1096 4786 2066 4993">
    <p class='ocr_par' dir='ltr' id='par_1_9' title="bbox 1096 4786 2066 4993">
     <span class='ocr_line' id='line_1_44' title="bbox 1507 4786 1654 4858; baseline -0.027 1"><span class='ocrx_word' id='word_1_271' title='bbox 1507 4786 1654 4858; x_wconf 72' lang='lat'><strong>667.</strong></span> 
     </span>
     <span class='ocr_line' id='line_1_45' title="bbox 1096 4921 2066 4993; baseline -0.003 -3"><span class='ocrx_word' id='word_1_272' title='bbox 1096 4921 1573 4991; x_wconf 80' lang='lat' dir='ltr'><strong>OALVINUS</strong></span> <span class='ocrx_word' id='word_1_273' title='bbox 1618 4924 2066 4993; x_wconf 87' lang='lat' dir='ltr'><strong>VADIANO.</strong></span> 
     </span>
    </p>
   </div>
   <div class='ocr_carea' id='block_1_10' title="bbox 2178 449 3101 520">
    <p class='ocr_par' dir='ltr' id='par_1_10' title="bbox 2178 449 3101 520">
     <span class='ocr_line' id='line_1_46' title="bbox 2178 449 3101 520; baseline -0.008 1"><span class='ocrx_word' id='word_1_274' title='bbox 2178 449 2711 520; x_wconf 70' lang='lat' dir='ltr'>EPIS&#39;DOLAE</span> <span class='ocrx_word' id='word_1_275' title='bbox 2758 451 3101 516; x_wconf 84' lang='lat'>666â€”668</span> 
     </span>
    </p>
   </div>
   <div class='ocr_carea' id='block_1_11' title="bbox 2614 641 2641 5412">
    <p class='ocr_par' dir='ltr' id='par_1_11' title="bbox 2614 641 2641 5412">
     <span class='ocr_line' id='line_1_47' title="bbox 2614 641 2641 5412; baseline 0 0"><span class='ocrx_word' id='word_1_276' title='bbox 2614 641 2641 5412; x_wconf 95' lang='lat' dir='ltr'><strong> </strong></span> 
     </span>
    </p>
   </div>
   <div class='ocr_carea' id='block_1_12' title="bbox 4515 448 4621 508">
    <p class='ocr_par' dir='ltr' id='par_1_12' title="bbox 4515 448 4621 508">
     <span class='ocr_line' id='line_1_48' title="bbox 4515 448 4621 508; baseline 0.009 -1"><span class='ocrx_word' id='word_1_277' title='bbox 4515 448 4621 508; x_wconf 79' lang='lat'><strong>116</strong></span> 
     </span>
    </p>
   </div>
   <div class='ocr_carea' id='block_1_13' title="bbox 2687 631 4623 844">
    <p class='ocr_par' dir='ltr' id='par_1_13' title="bbox 2687 631 4623 844">
     <span class='ocr_line' id='line_1_49' title="bbox 2691 631 4623 709; baseline -0.003 -18"><span class='ocrx_word' id='word_1_278' title='bbox 2691 637 2801 705; x_wconf 78' lang='lat' dir='ltr'><strong>(Ex</strong></span> <span class='ocrx_word' id='word_1_279' title='bbox 2836 638 3152 709; x_wconf 77' lang='lat' dir='ltr'><strong>apographo</strong></span> <span class='ocrx_word' id='word_1_280' title='bbox 3197 637 3426 707; x_wconf 84' lang='lat' dir='ltr'><strong>antiquo</strong></span> <span class='ocrx_word' id='word_1_281' title='bbox 3460 635 3560 691; x_wconf 78' lang='lat' dir='ltr'><strong>sed</strong></span> <span class='ocrx_word' id='word_1_282' title='bbox 3604 634 3867 690; x_wconf 80' lang='lat' dir='ltr'><strong>mendoso</strong></span> <span class='ocrx_word' id='word_1_283' title='bbox 3901 633 4035 689; x_wconf 76' lang='lat' dir='ltr'><strong>ond.</strong></span> <span class='ocrx_word' id='word_1_284' title='bbox 4070 632 4234 689; x_wconf 79' lang='lat' dir='ltr'><strong>Goth.</strong></span> <span class='ocrx_word' id='word_1_285' title='bbox 4251 631 4392 702; x_wconf 68' lang='lat'><strong>404,</strong></span> <span class='ocrx_word' id='word_1_286' title='bbox 4425 633 4517 689; x_wconf 77' lang='lat' dir='ltr'><strong>fol.</strong></span> <span class='ocrx_word' id='word_1_287' title='bbox 4551 631 4623 701; x_wconf 89' lang='lat'><strong>11,</strong></span> 
     </span>
     <span class='ocr_line' id='line_1_50' title="bbox 2687 701 4623 762; baseline -0.002 -3"><span class='ocrx_word' id='word_1_288' title='bbox 2687 706 2997 762; x_wconf 84' lang='lat' dir='ltr'><strong>mendosius</strong></span> <span class='ocrx_word' id='word_1_289' title='bbox 3049 705 3223 760; x_wconf 83' lang='lat' dir='ltr'><strong>edidit</strong></span> <span class='ocrx_word' id='word_1_290' title='bbox 3273 704 3701 760; x_wconf 84' lang='lat' dir='ltr'><strong>Bretschueider</strong></span> <span class='ocrx_word' id='word_1_291' title='bbox 3858 743 3872 756; x_wconf 93' lang='lat'><strong>.</strong></span> <span class='ocrx_word' id='word_1_292' title='bbox 3925 701 4009 756; x_wconf 80' lang='lat'><strong>17.</strong></span> <span class='ocrx_word' id='word_1_293' title='bbox 4105 703 4274 757; x_wconf 83' lang='lat' dir='ltr'><strong>Plura</strong></span> <span class='ocrx_word' id='word_1_294' title='bbox 4324 718 4427 756; x_wconf 86' lang='lat' dir='ltr'><strong>nos</strong></span> <span class='ocrx_word' id='word_1_295' title='bbox 4473 702 4623 757; x_wconf 80' lang='lat' dir='ltr'><strong>tacite</strong></span> 
     </span>
     <span class='ocr_line' id='line_1_51' title="bbox 2941 771 4398 844; baseline -0.005 -14"><span class='ocrx_word' id='word_1_296' title='bbox 2941 775 3305 834; x_wconf 74' lang='lat' dir='ltr'><strong>emendamus.</strong></span> <span class='ocrx_word' id='word_1_297' title='bbox 3376 774 3670 844; x_wconf 86' lang='lat' dir='ltr'><strong>Inscriptio</strong></span> <span class='ocrx_word' id='word_1_298' title='bbox 3778 780 3864 827; x_wconf 86' lang='lat' dir='ltr'><strong>est</strong></span> <span class='ocrx_word' id='word_1_299' title='bbox 3896 772 4046 826; x_wconf 84' lang='lat' dir='ltr'><strong>nulla</strong></span> <span class='ocrx_word' id='word_1_300' title='bbox 4078 772 4138 825; x_wconf 90' lang='lat' dir='ltr'><strong>in</strong></span> <span class='ocrx_word' id='word_1_301' title='bbox 4172 771 4398 839; x_wconf 86' lang='lat' dir='ltr'><strong>codice.)</strong></span> 
     </span>
    </p>
   </div>
   <div class='ocr_carea' id='block_1_14' title="bbox 2673 890 4636 4414">
    <p class='ocr_par' dir='ltr' id='par_1_14' title="bbox 2673 890 4636 4414">
     <span class='ocr_line' id='line_1_52' title="bbox 2856 890 4625 979; baseline -0.003 -18"><span class='ocrx_word' id='word_1_302' title='bbox 2856 894 2928 961; x_wconf 77' lang='lat' dir='ltr'><strong>S.</strong></span> <span class='ocrx_word' id='word_1_303' title='bbox 3019 894 3247 977; x_wconf 81' lang='lat' dir='ltr'><strong>Quum</strong></span> <span class='ocrx_word' id='word_1_304' title='bbox 3289 894 3454 960; x_wconf 88' lang='lat' dir='ltr'><strong>mihi</strong></span> <span class='ocrx_word' id='word_1_305' title='bbox 3495 891 3753 979; x_wconf 89' lang='lat' dir='ltr'><strong>pridem</strong></span> <span class='ocrx_word' id='word_1_306' title='bbox 3797 892 3882 958; x_wconf 89' lang='lat' dir='ltr'><strong>ad</strong></span> <span class='ocrx_word' id='word_1_307' title='bbox 3938 901 4006 959; x_wconf 92' lang='lat' dir='ltr'><strong>te</strong></span> <span class='ocrx_word' id='word_1_308' title='bbox 4051 890 4336 960; x_wconf 89' lang='lat' dir='ltr'><strong>scribere</strong></span> <span class='ocrx_word' id='word_1_309' title='bbox 4379 892 4625 973; x_wconf 85' lang='lat' dir='ltr'><strong>saepius</strong></span> 
     </span>
     <span class='ocr_line' id='line_1_53' title="bbox 2683 975 4625 1061; baseline -0.003 -15"><span class='ocrx_word' id='word_1_310' title='bbox 2683 983 2751 1046; x_wconf 90' lang='lat' dir='ltr'><strong>in</strong></span> <span class='ocrx_word' id='word_1_311' title='bbox 2812 982 3032 1047; x_wconf 92' lang='lat' dir='ltr'><strong>animo</strong></span> <span class='ocrx_word' id='word_1_312' title='bbox 3091 980 3308 1060; x_wconf 84' lang='lat' dir='ltr'><strong>fuerit,</strong></span> <span class='ocrx_word' id='word_1_313' title='bbox 3367 981 3492 1046; x_wconf 89' lang='lat' dir='ltr'><strong>hoc</strong></span> <span class='ocrx_word' id='word_1_314' title='bbox 3548 987 3771 1045; x_wconf 88' lang='lat' dir='ltr'><strong>autem</strong></span> <span class='ocrx_word' id='word_1_315' title='bbox 3824 999 4030 1044; x_wconf 89' lang='lat' dir='ltr'><strong>unum</strong></span> <span class='ocrx_word' id='word_1_316' title='bbox 4073 977 4426 1061; x_wconf 90' lang='lat' dir='ltr'><strong>impediret</strong></span> <span class='ocrx_word' id='word_1_317' title='bbox 4467 975 4625 1060; x_wconf 86' lang='lat' dir='ltr'><strong>quod</strong></span> 
     </span>
     <span class='ocr_line' id='line_1_54' title="bbox 2683 1064 4625 1151; baseline -0.003 -19"><span class='ocrx_word' id='word_1_318' title='bbox 2683 1074 2835 1150; x_wconf 90' lang='lat' dir='ltr'><strong>post</strong></span> <span class='ocrx_word' id='word_1_319' title='bbox 2877 1075 3012 1132; x_wconf 89' lang='lat' dir='ltr'><strong>tam</strong></span> <span class='ocrx_word' id='word_1_320' title='bbox 3048 1067 3321 1151; x_wconf 90' lang='lat' dir='ltr'><strong>longum</strong></span> <span class='ocrx_word' id='word_1_321' title='bbox 3357 1067 3672 1150; x_wconf 86' lang='lat' dir='ltr'><strong>temporis</strong></span> <span class='ocrx_word' id='word_1_322' title='bbox 3707 1064 4131 1131; x_wconf 87' lang='lat' dir='ltr'><strong>intervallum</strong></span> <span class='ocrx_word' id='word_1_323' title='bbox 4167 1064 4456 1146; x_wconf 86' lang='lat' dir='ltr'><strong>incipere</strong></span> <span class='ocrx_word' id='word_1_324' title='bbox 4491 1083 4625 1145; x_wconf 93' lang='lat' dir='ltr'><strong>pro-</strong></span> 
     </span>
     <span class='ocr_line' id='line_1_55' title="bbox 2680 1146 4625 1236; baseline -0.004 -17"><span class='ocrx_word' id='word_1_325' title='bbox 2680 1152 3032 1236; x_wconf 87' lang='lat' dir='ltr'><strong>pemodum</strong></span> <span class='ocrx_word' id='word_1_326' title='bbox 3074 1153 3368 1235; x_wconf 87' lang='lat' dir='ltr'><strong>puderet,</strong></span> <span class='ocrx_word' id='word_1_327' title='bbox 3413 1173 3626 1235; x_wconf 90' lang='lat' dir='ltr'><strong>nuper</strong></span> <span class='ocrx_word' id='word_1_328' title='bbox 3669 1167 3875 1235; x_wconf 88' lang='lat' dir='ltr'><strong>quum</strong></span> <span class='ocrx_word' id='word_1_329' title='bbox 3914 1171 4131 1216; x_wconf 92' lang='lat' dir='ltr'><strong>essem</strong></span> <span class='ocrx_word' id='word_1_330' title='bbox 4174 1150 4405 1234; x_wconf 72' lang='lat' dir='ltr'><strong>Tiguri</strong></span> <span class='ocrx_word' id='word_1_331' title='bbox 4432 1151 4482 1225; x_wconf 93' lang='lat'><strong>Â¹)</strong></span> <span class='ocrx_word' id='word_1_332' title='bbox 4525 1146 4625 1212; x_wconf 93' lang='lat' dir='ltr'><strong>ob-</strong></span> 
     </span>
     <span class='ocr_line' id='line_1_56' title="bbox 2681 1234 4628 1320; baseline -0.002 -18"><span class='ocrx_word' id='word_1_333' title='bbox 2681 1240 2817 1304; x_wconf 88' lang='lat' dir='ltr'><strong>lata</strong></span> <span class='ocrx_word' id='word_1_334' title='bbox 2879 1248 3024 1304; x_wconf 90' lang='lat' dir='ltr'><strong>erat</strong></span> <span class='ocrx_word' id='word_1_335' title='bbox 3086 1238 3338 1305; x_wconf 87' lang='lat' dir='ltr'><strong>occasio</strong></span> <span class='ocrx_word' id='word_1_336' title='bbox 3403 1238 3625 1303; x_wconf 87' lang='lat' dir='ltr'><strong>minus</strong></span> <span class='ocrx_word' id='word_1_337' title='bbox 3689 1236 3952 1320; x_wconf 90' lang='lat' dir='ltr'><strong>quidem</strong></span> <span class='ocrx_word' id='word_1_338' title='bbox 4015 1238 4189 1302; x_wconf 88' lang='lat' dir='ltr'><strong>laeta</strong></span> <span class='ocrx_word' id='word_1_339' title='bbox 4241 1234 4357 1300; x_wconf 87' lang='lat' dir='ltr'><strong>sed</strong></span> <span class='ocrx_word' id='word_1_340' title='bbox 4414 1241 4628 1299; x_wconf 88' lang='lat' dir='ltr'><strong>tamen</strong></span> 
     </span>
     <span class='ocr_line' id='line_1_57' title="bbox 2683 1319 4627 1407; baseline -0.003 -17"><span class='ocrx_word' id='word_1_341' title='bbox 2683 1324 3051 1390; x_wconf 86' lang='lat' dir='ltr'><strong>commoda:</strong></span> <span class='ocrx_word' id='word_1_342' title='bbox 3112 1324 3227 1391; x_wconf 89' lang='lat' dir='ltr'><strong>sed</strong></span> <span class='ocrx_word' id='word_1_343' title='bbox 3279 1335 3422 1389; x_wconf 89' lang='lat' dir='ltr'><strong>tum</strong></span> <span class='ocrx_word' id='word_1_344' title='bbox 3440 1326 3499 1400; x_wconf 80' lang='lat'><strong>Â²)</strong></span> <span class='ocrx_word' id='word_1_345' title='bbox 3558 1344 3813 1407; x_wconf 92' lang='lat' dir='ltr'><strong>quoque</strong></span> <span class='ocrx_word' id='word_1_346' title='bbox 3870 1322 4122 1388; x_wconf 81' lang='lat' dir='ltr'><strong>obstitit</strong></span> <span class='ocrx_word' id='word_1_347' title='bbox 4173 1322 4258 1386; x_wconf 93' lang='lat' dir='ltr'><strong>D.</strong></span> <span class='ocrx_word' id='word_1_348' title='bbox 4319 1319 4627 1403; x_wconf 75' lang='lat' dir='ltr'><strong>Bullinye-</strong></span> 
     </span>
     <span class='ocr_line' id='line_1_58' title="bbox 2681 1406 4628 1493; baseline -0.003 -18"><span class='ocrx_word' id='word_1_349' title='bbox 2681 1431 2813 1487; x_wconf 72' lang='lat' dir='ltr'><strong>me,</strong></span> <span class='ocrx_word' id='word_1_350' title='bbox 2859 1411 2970 1493; x_wconf 88' lang='lat' dir='ltr'><strong>qui</strong></span> <span class='ocrx_word' id='word_1_351' title='bbox 3014 1410 3209 1476; x_wconf 89' lang='lat' dir='ltr'><strong>licere</strong></span> <span class='ocrx_word' id='word_1_352' title='bbox 3252 1409 3320 1474; x_wconf 93' lang='lat' dir='ltr'><strong>id</strong></span> <span class='ocrx_word' id='word_1_353' title='bbox 3365 1409 3528 1474; x_wconf 88' lang='lat' dir='ltr'><strong>mihi</strong></span> <span class='ocrx_word' id='word_1_354' title='bbox 3570 1430 3690 1492; x_wconf 88' lang='lat' dir='ltr'><strong>per</strong></span> <span class='ocrx_word' id='word_1_355' title='bbox 3732 1419 4058 1474; x_wconf 88' lang='lat' dir='ltr'><strong>summam</strong></span> <span class='ocrx_word' id='word_1_356' title='bbox 4102 1407 4331 1473; x_wconf 90' lang='lat' dir='ltr'><strong>nuncii</strong></span> <span class='ocrx_word' id='word_1_357' title='bbox 4372 1406 4628 1472; x_wconf 83' lang='lat' dir='ltr'><strong>festinaÎ‡</strong></span> 
     </span>
     <span class='ocr_line' id='line_1_59' title="bbox 2680 1496 4628 1581; baseline -0.003 -20"><span class='ocrx_word' id='word_1_358' title='bbox 2680 1497 2930 1561; x_wconf 86' lang='lat' dir='ltr'><strong>tionem</strong></span> <span class='ocrx_word' id='word_1_359' title='bbox 2970 1497 3269 1581; x_wconf 88' lang='lat' dir='ltr'><strong>negabat.</strong></span> <span class='ocrx_word' id='word_1_360' title='bbox 3357 1496 3607 1561; x_wconf 86' lang='lat' dir='ltr'><strong>Arovia</strong></span> <span class='ocrx_word' id='word_1_361' title='bbox 3626 1497 3683 1570; x_wconf 70' lang='grc'><strong>3)</strong></span> <span class='ocrx_word' id='word_1_362' title='bbox 3742 1503 3983 1572; x_wconf 89' lang='lat' dir='ltr'><strong>autem,</strong></span> <span class='ocrx_word' id='word_1_363' title='bbox 4044 1514 4249 1576; x_wconf 91' lang='lat' dir='ltr'><strong>quum</strong></span> <span class='ocrx_word' id='word_1_364' title='bbox 4307 1512 4384 1557; x_wconf 91' lang='lat' dir='ltr'><strong>eo</strong></span> <span class='ocrx_word' id='word_1_365' title='bbox 4428 1510 4628 1574; x_wconf 89' lang='lat' dir='ltr'><strong>usque</strong></span> 
     </span>
     <span class='ocr_line' id='line_1_60' title="bbox 2684 1579 4632 1663; baseline -0.002 -16"><span class='ocrx_word' id='word_1_366' title='bbox 2684 1581 2967 1649; x_wconf 88' lang='lat' dir='ltr'><strong>scribere</strong></span> <span class='ocrx_word' id='word_1_367' title='bbox 3022 1582 3442 1660; x_wconf 89' lang='lat' dir='ltr'><strong>distulissem,</strong></span> <span class='ocrx_word' id='word_1_368' title='bbox 3504 1581 3659 1645; x_wconf 90' lang='lat' dir='ltr'><strong>dum</strong></span> <span class='ocrx_word' id='word_1_369' title='bbox 3716 1580 3791 1644; x_wconf 91' lang='lat' dir='ltr'><strong>in</strong></span> <span class='ocrx_word' id='word_1_370' title='bbox 3846 1580 4131 1663; x_wconf 87' lang='lat' dir='ltr'><strong>negotio,</strong></span> <span class='ocrx_word' id='word_1_371' title='bbox 4198 1579 4388 1644; x_wconf 90' lang='lat' dir='ltr'><strong>cuius</strong></span> <span class='ocrx_word' id='word_1_372' title='bbox 4444 1597 4632 1644; x_wconf 78' lang='lat' dir='ltr'><strong>causa</strong></span> 
     </span>
     <span class='ocr_line' id='line_1_61' title="bbox 2683 1664 4629 1751; baseline -0.003 -19"><span class='ocrx_word' id='word_1_373' title='bbox 2683 1667 3011 1751; x_wconf 88' lang='lat' dir='ltr'><strong>profectus</strong></span> <span class='ocrx_word' id='word_1_374' title='bbox 3054 1668 3213 1733; x_wconf 86' lang='lat' dir='ltr'><strong>illuc</strong></span> <span class='ocrx_word' id='word_1_375' title='bbox 3256 1668 3528 1746; x_wconf 83' lang='lat' dir='ltr'><strong>fueram,</strong></span> <span class='ocrx_word' id='word_1_376' title='bbox 3576 1664 3819 1750; x_wconf 86' lang='lat' dir='ltr'><strong>aliquid</strong></span> <span class='ocrx_word' id='word_1_377' title='bbox 3853 1666 4165 1731; x_wconf 88' lang='lat' dir='ltr'><strong>haberem</strong></span> <span class='ocrx_word' id='word_1_378' title='bbox 4209 1665 4629 1731; x_wconf 88' lang='lat' dir='ltr'><strong>constitutum</strong></span> 
     </span>
     <span class='ocr_line' id='line_1_62' title="bbox 2682 1751 4632 1838; baseline -0.004 -19"><span class='ocrx_word' id='word_1_379' title='bbox 2682 1775 2835 1820; x_wconf 90' lang='lat' dir='ltr'><strong>cum</strong></span> <span class='ocrx_word' id='word_1_380' title='bbox 2879 1754 3131 1838; x_wconf 88' lang='lat' dir='ltr'><strong>legatis,</strong></span> <span class='ocrx_word' id='word_1_381' title='bbox 3177 1763 3314 1817; x_wconf 90' lang='lat' dir='ltr'><strong>tam</strong></span> <span class='ocrx_word' id='word_1_382' title='bbox 3358 1753 3576 1819; x_wconf 86' lang='lat' dir='ltr'><strong>subita</strong></span> <span class='ocrx_word' id='word_1_383' title='bbox 3612 1752 3739 1817; x_wconf 89' lang='lat' dir='ltr'><strong>fuit</strong></span> <span class='ocrx_word' id='word_1_384' title='bbox 3772 1751 4080 1817; x_wconf 89' lang='lat' dir='ltr'><strong>discessio</strong></span> <span class='ocrx_word' id='word_1_385' title='bbox 4116 1760 4263 1834; x_wconf 86' lang='lat' dir='ltr'><strong>post</strong></span> <span class='ocrx_word' id='word_1_386' title='bbox 4300 1757 4632 1832; x_wconf 84' lang='lat' dir='ltr'><strong>acceptum</strong></span> 
     </span>
     <span class='ocr_line' id='line_1_63' title="bbox 2682 1834 4632 1923; baseline -0.002 -20"><span class='ocrx_word' id='word_1_387' title='bbox 2682 1860 3070 1923; x_wconf 90' lang='lat' dir='ltr'><strong>responsum</strong></span> <span class='ocrx_word' id='word_1_388' title='bbox 3090 1890 3105 1916; x_wconf 90' lang='lat'><strong>,</strong></span> <span class='ocrx_word' id='word_1_389' title='bbox 3173 1847 3249 1903; x_wconf 91' lang='lat' dir='ltr'><strong>ut</strong></span> <span class='ocrx_word' id='word_1_390' title='bbox 3315 1849 3457 1905; x_wconf 90' lang='lat' dir='ltr'><strong>tum</strong></span> <span class='ocrx_word' id='word_1_391' title='bbox 3523 1839 3746 1904; x_wconf 90' lang='lat' dir='ltr'><strong>minus</strong></span> <span class='ocrx_word' id='word_1_392' title='bbox 3811 1835 4161 1920; x_wconf 89' lang='lat' dir='ltr'><strong>aliquando</strong></span> <span class='ocrx_word' id='word_1_393' title='bbox 4225 1834 4632 1902; x_wconf 90' lang='lat' dir='ltr'><strong>commodum</strong></span> 
     </span>
     <span class='ocr_line' id='line_1_64' title="bbox 2682 1923 4630 2009; baseline -0.003 -19"><span class='ocrx_word' id='word_1_394' title='bbox 2682 1926 2883 1990; x_wconf 78' lang='lat' dir='ltr'><strong>fuerit</strong></span> <span class='ocrx_word' id='word_1_395' title='bbox 2939 1945 3136 2008; x_wconf 90' lang='lat' dir='ltr'><strong>quam</strong></span> <span class='ocrx_word' id='word_1_396' title='bbox 3181 1925 3429 2009; x_wconf 81' lang='lat' dir='ltr'><strong>Tiguri.</strong></span> <span class='ocrx_word' id='word_1_397' title='bbox 3521 1925 3806 1989; x_wconf 78' lang='lat' dir='ltr'><strong>Tantum</strong></span> <span class='ocrx_word' id='word_1_398' title='bbox 3864 1924 4093 2007; x_wconf 88' lang='lat' dir='ltr'><strong>rogavi</strong></span> <span class='ocrx_word' id='word_1_399' title='bbox 4157 1923 4448 2006; x_wconf 87' lang='lat' dir='ltr'><strong>legatum</strong></span> <span class='ocrx_word' id='word_1_400' title='bbox 4495 1939 4630 1985; x_wconf 88' lang='lat' dir='ltr'><strong>ves-</strong></span> 
     </span>
     <span class='ocr_line' id='line_1_65' title="bbox 2682 2007 4631 2094; baseline -0.003 -18"><span class='ocrx_word' id='word_1_401' title='bbox 2682 2020 2857 2076; x_wconf 91' lang='lat' dir='ltr'><strong>trum</strong></span> <span class='ocrx_word' id='word_1_402' title='bbox 2920 2023 2997 2076; x_wconf 91' lang='lat' dir='ltr'><strong>ut</strong></span> <span class='ocrx_word' id='word_1_403' title='bbox 3052 2010 3331 2077; x_wconf 87' lang='lat' dir='ltr'><strong>salutem</strong></span> <span class='ocrx_word' id='word_1_404' title='bbox 3389 2010 3511 2075; x_wconf 89' lang='lat' dir='ltr'><strong>tibi</strong></span> <span class='ocrx_word' id='word_1_405' title='bbox 3528 2009 3584 2094; x_wconf 84' lang='lat'><strong>â´)</strong></span> <span class='ocrx_word' id='word_1_406' title='bbox 3652 2010 3997 2075; x_wconf 87' lang='lat' dir='ltr'><strong>nunciaret</strong></span> <span class='ocrx_word' id='word_1_407' title='bbox 4053 2010 4215 2074; x_wconf 89' lang='lat' dir='ltr'><strong>meis</strong></span> <span class='ocrx_word' id='word_1_408' title='bbox 4259 2007 4504 2085; x_wconf 89' lang='lat' dir='ltr'><strong>verbis,</strong></span> <span class='ocrx_word' id='word_1_409' title='bbox 4563 2027 4631 2070; x_wconf 88' lang='lat' dir='ltr'><strong>ac</strong></span> 
     </span>
     <span class='ocr_line' id='line_1_66' title="bbox 2683 2093 4632 2180; baseline -0.002 -19"><span class='ocrx_word' id='word_1_410' title='bbox 2683 2118 2789 2162; x_wconf 91' lang='lat' dir='ltr'><strong>me</strong></span> <span class='ocrx_word' id='word_1_411' title='bbox 2834 2100 3232 2180; x_wconf 88' lang='lat' dir='ltr'><strong>scripturum</strong></span> <span class='ocrx_word' id='word_1_412' title='bbox 3277 2098 3490 2179; x_wconf 87' lang='lat' dir='ltr'><strong>prima</strong></span> <span class='ocrx_word' id='word_1_413' title='bbox 3528 2116 3783 2178; x_wconf 91' lang='lat' dir='ltr'><strong>quaque</strong></span> <span class='ocrx_word' id='word_1_414' title='bbox 3827 2095 4161 2161; x_wconf 89' lang='lat' dir='ltr'><strong>occasione</strong></span> <span class='ocrx_word' id='word_1_415' title='bbox 4205 2093 4632 2177; x_wconf 81' lang='lat' dir='ltr'><strong>promitteret.</strong></span> 
     </span>
     <span class='ocr_line' id='line_1_67' title="bbox 2681 2180 4631 2266; baseline -0.004 -18"><span class='ocrx_word' id='word_1_416' title='bbox 2681 2185 2826 2266; x_wconf 87' lang='lat' dir='ltr'><strong>Ego</strong></span> <span class='ocrx_word' id='word_1_417' title='bbox 2871 2192 2955 2262; x_wconf 89' lang='lat' dir='ltr'><strong>te,</strong></span> <span class='ocrx_word' id='word_1_418' title='bbox 3002 2185 3094 2247; x_wconf 92' lang='lat' dir='ltr'><strong>mi</strong></span> <span class='ocrx_word' id='word_1_419' title='bbox 3155 2183 3455 2260; x_wconf 80' lang='lat' dir='ltr'><strong>Vadiane,</strong></span> <span class='ocrx_word' id='word_1_420' title='bbox 3503 2189 3857 2265; x_wconf 89' lang='lat' dir='ltr'><strong>antequam</strong></span> <span class='ocrx_word' id='word_1_421' title='bbox 3902 2181 3982 2246; x_wconf 91' lang='lat' dir='ltr'><strong>de</strong></span> <span class='ocrx_word' id='word_1_422' title='bbox 4025 2180 4192 2246; x_wconf 88' lang='lat' dir='ltr'><strong>facie</strong></span> <span class='ocrx_word' id='word_1_423' title='bbox 4227 2180 4393 2244; x_wconf 88' lang='lat' dir='ltr'><strong>mihi</strong></span> <span class='ocrx_word' id='word_1_424' title='bbox 4436 2191 4631 2244; x_wconf 87' lang='lat' dir='ltr'><strong>notus</strong></span> 
     </span>
     <span class='ocr_line' id='line_1_68' title="bbox 2682 2265 4631 2352; baseline -0.004 -18"><span class='ocrx_word' id='word_1_425' title='bbox 2682 2290 2876 2345; x_wconf 91' lang='lat' dir='ltr'><strong>esses,</strong></span> <span class='ocrx_word' id='word_1_426' title='bbox 2943 2270 3164 2334; x_wconf 82' lang='lat' dir='ltr'><strong>amavi</strong></span> <span class='ocrx_word' id='word_1_427' title='bbox 3230 2289 3488 2352; x_wconf 88' lang='lat' dir='ltr'><strong>semper</strong></span> <span class='ocrx_word' id='word_1_428' title='bbox 3554 2288 3629 2334; x_wconf 85' lang='lat' dir='ltr'><strong>ac</strong></span> <span class='ocrx_word' id='word_1_429' title='bbox 3695 2267 3882 2334; x_wconf 89' lang='lat' dir='ltr'><strong>colui.</strong></span> <span class='ocrx_word' id='word_1_430' title='bbox 3992 2267 4391 2332; x_wconf 90' lang='lat' dir='ltr'><strong>Innotueras</strong></span> <span class='ocrx_word' id='word_1_431' title='bbox 4456 2265 4631 2330; x_wconf 93' lang='lat' dir='ltr'><strong>enim</strong></span> 
     </span>
     <span class='ocr_line' id='line_1_69' title="bbox 2680 2351 4632 2438; baseline -0.003 -20"><span class='ocrx_word' id='word_1_432' title='bbox 2680 2353 2840 2418; x_wconf 88' lang='lat' dir='ltr'><strong>mihi</strong></span> <span class='ocrx_word' id='word_1_433' title='bbox 2897 2355 3251 2438; x_wconf 89' lang='lat' dir='ltr'><strong>praeclaris</strong></span> <span class='ocrx_word' id='word_1_434' title='bbox 3310 2356 3443 2419; x_wconf 86' lang='lat' dir='ltr'><strong>tuis</strong></span> <span class='ocrx_word' id='word_1_435' title='bbox 3499 2351 4091 2428; x_wconf 86' lang='lat' dir='ltr'><strong>lucubrationibus,</strong></span> <span class='ocrx_word' id='word_1_436' title='bbox 4147 2354 4219 2416; x_wconf 90' lang='lat' dir='ltr'><strong>in</strong></span> <span class='ocrx_word' id='word_1_437' title='bbox 4278 2351 4517 2434; x_wconf 90' lang='lat' dir='ltr'><strong>quibus</strong></span> <span class='ocrx_word' id='word_1_438' title='bbox 4571 2355 4632 2413; x_wconf 86' lang='lat' dir='ltr'><strong>et</strong></span> 
     </span>
     <span class='ocr_line' id='line_1_70' title="bbox 2679 2436 4629 2520; baseline -0.002 -16"><span class='ocrx_word' id='word_1_439' title='bbox 2679 2442 2889 2506; x_wconf 90' lang='lat' dir='ltr'><strong>mirus</strong></span> <span class='ocrx_word' id='word_1_440' title='bbox 2944 2439 3204 2512; x_wconf 82' lang='lat' dir='ltr'><strong>candor.</strong></span> <span class='ocrx_word' id='word_1_441' title='bbox 3265 2460 3415 2504; x_wconf 88' lang='lat' dir='ltr'><strong>rara</strong></span> <span class='ocrx_word' id='word_1_442' title='bbox 3467 2437 3661 2503; x_wconf 90' lang='lat' dir='ltr'><strong>hodie</strong></span> <span class='ocrx_word' id='word_1_443' title='bbox 3722 2439 3786 2504; x_wconf 90' lang='lat' dir='ltr'><strong>in</strong></span> <span class='ocrx_word' id='word_1_444' title='bbox 3843 2437 4051 2504; x_wconf 87' lang='lat' dir='ltr'><strong>doctis</strong></span> <span class='ocrx_word' id='word_1_445' title='bbox 4094 2439 4328 2515; x_wconf 90' lang='lat' dir='ltr'><strong>virtus,</strong></span> <span class='ocrx_word' id='word_1_446' title='bbox 4383 2445 4452 2502; x_wconf 87' lang='lat' dir='ltr'><strong>et</strong></span> <span class='ocrx_word' id='word_1_447' title='bbox 4496 2436 4629 2520; x_wconf 89' lang='lat' dir='ltr'><strong>pie-</strong></span> 
     </span>
     <span class='ocr_line' id='line_1_71' title="bbox 2680 2524 4626 2609; baseline -0.002 -20"><span class='ocrx_word' id='word_1_448' title='bbox 2680 2526 2834 2589; x_wconf 89' lang='lat' dir='ltr'><strong>tatis</strong></span> <span class='ocrx_word' id='word_1_449' title='bbox 2866 2526 3155 2591; x_wconf 90' lang='lat' dir='ltr'><strong>studium</strong></span> <span class='ocrx_word' id='word_1_450' title='bbox 3180 2547 3314 2591; x_wconf 92' lang='lat' dir='ltr'><strong>non</strong></span> <span class='ocrx_word' id='word_1_451' title='bbox 3356 2524 3648 2609; x_wconf 85' lang='lat' dir='ltr'><strong>vulgare,</strong></span> <span class='ocrx_word' id='word_1_452' title='bbox 3694 2537 3760 2589; x_wconf 89' lang='lat' dir='ltr'><strong>et</strong></span> <span class='ocrx_word' id='word_1_453' title='bbox 3803 2524 4012 2589; x_wconf 88' lang='lat' dir='ltr'><strong>solida</strong></span> <span class='ocrx_word' id='word_1_454' title='bbox 4044 2524 4324 2589; x_wconf 90' lang='lat' dir='ltr'><strong>eruditio</strong></span> <span class='ocrx_word' id='word_1_455' title='bbox 4360 2525 4626 2590; x_wconf 90' lang='lat' dir='ltr'><strong>relucet.</strong></span> 
     </span>
     <span class='ocr_line' id='line_1_72' title="bbox 2678 2608 4631 2692; baseline -0.002 -15"><span class='ocrx_word' id='word_1_456' title='bbox 2678 2609 2900 2692; x_wconf 74' lang='lat' dir='ltr'><strong>Quum</strong></span> <span class='ocrx_word' id='word_1_457' title='bbox 2946 2634 3102 2677; x_wconf 85' lang='lat' dir='ltr'><strong>vero</strong></span> <span class='ocrx_word' id='word_1_458' title='bbox 3147 2610 3449 2677; x_wconf 87' lang='lat' dir='ltr'><strong>Basileae</strong></span> <span class='ocrx_word' id='word_1_459' title='bbox 3491 2608 3682 2674; x_wconf 91' lang='lat' dir='ltr'><strong>multi</strong></span> <span class='ocrx_word' id='word_1_460' title='bbox 3702 2611 3761 2692; x_wconf 73' lang='lat'><strong>âµ)</strong></span> <span class='ocrx_word' id='word_1_461' title='bbox 3805 2610 3971 2674; x_wconf 90' lang='lat' dir='ltr'><strong>mihi</strong></span> <span class='ocrx_word' id='word_1_462' title='bbox 4008 2618 4206 2675; x_wconf 90' lang='lat' dir='ltr'><strong>testes</strong></span> <span class='ocrx_word' id='word_1_463' title='bbox 4250 2619 4480 2676; x_wconf 90' lang='lat' dir='ltr'><strong>essent</strong></span> <span class='ocrx_word' id='word_1_464' title='bbox 4515 2610 4631 2674; x_wconf 91' lang='lat' dir='ltr'><strong>mi-</strong></span> 
     </span>
     <span class='ocr_line' id='line_1_73' title="bbox 2678 2695 4630 2781; baseline -0.001 -19"><span class='ocrx_word' id='word_1_465' title='bbox 2678 2698 2841 2762; x_wconf 89' lang='lat' dir='ltr'><strong>rifici</strong></span> <span class='ocrx_word' id='word_1_466' title='bbox 2887 2718 3048 2781; x_wconf 89' lang='lat' dir='ltr'><strong>erga</strong></span> <span class='ocrx_word' id='word_1_467' title='bbox 3103 2718 3210 2762; x_wconf 91' lang='lat' dir='ltr'><strong>me</strong></span> <span class='ocrx_word' id='word_1_468' title='bbox 3253 2697 3494 2762; x_wconf 89' lang='lat' dir='ltr'><strong>amoris</strong></span> <span class='ocrx_word' id='word_1_469' title='bbox 3538 2696 3657 2775; x_wconf 90' lang='lat' dir='ltr'><strong>tui,</strong></span> <span class='ocrx_word' id='word_1_470' title='bbox 3715 2696 3964 2778; x_wconf 82' lang='lat' dir='ltr'><strong>etipse</strong></span> <span class='ocrx_word' id='word_1_471' title='bbox 4006 2717 4263 2778; x_wconf 91' lang='lat' dir='ltr'><strong>quoque</strong></span> <span class='ocrx_word' id='word_1_472' title='bbox 4304 2717 4410 2761; x_wconf 90' lang='lat' dir='ltr'><strong>me</strong></span> <span class='ocrx_word' id='word_1_473' title='bbox 4455 2695 4630 2761; x_wconf 81' lang='lat' dir='ltr'><strong>exci-</strong></span> 
     </span>
     <span class='ocr_line' id='line_1_74' title="bbox 2677 2780 4630 2867; baseline -0.002 -19"><span class='ocrx_word' id='word_1_474' title='bbox 2677 2784 2865 2867; x_wconf 88' lang='lat' dir='ltr'><strong>piens</strong></span> <span class='ocrx_word' id='word_1_475' title='bbox 2921 2783 3323 2848; x_wconf 88' lang='lat' dir='ltr'><strong>luculentam</strong></span> <span class='ocrx_word' id='word_1_476' title='bbox 3389 2784 3530 2848; x_wconf 89' lang='lat' dir='ltr'><strong>eius</strong></span> <span class='ocrx_word' id='word_1_477' title='bbox 3591 2783 4139 2866; x_wconf 85' lang='lat' dir='ltr'><strong>significationem</strong></span> <span class='ocrx_word' id='word_1_478' title='bbox 4204 2780 4421 2856; x_wconf 89' lang='lat' dir='ltr'><strong>dares,</strong></span> <span class='ocrx_word' id='word_1_479' title='bbox 4490 2781 4630 2847; x_wconf 89' lang='lat' dir='ltr'><strong>fieri</strong></span> 
     </span>
     <span class='ocr_line' id='line_1_75' title="bbox 2677 2866 4631 2953; baseline -0.001 -20"><span class='ocrx_word' id='word_1_480' title='bbox 2677 2890 2810 2933; x_wconf 89' lang='lat' dir='ltr'><strong>non</strong></span> <span class='ocrx_word' id='word_1_481' title='bbox 2854 2871 3069 2952; x_wconf 90' lang='lat' dir='ltr'><strong>potuit</strong></span> <span class='ocrx_word' id='word_1_482' title='bbox 3112 2870 3269 2953; x_wconf 90' lang='lat' dir='ltr'><strong>quin</strong></span> <span class='ocrx_word' id='word_1_483' title='bbox 3313 2867 3560 2952; x_wconf 87' lang='lat' dir='ltr'><strong>aliquid</strong></span> <span class='ocrx_word' id='word_1_484' title='bbox 3596 2869 3678 2933; x_wconf 91' lang='lat' dir='ltr'><strong>ad</strong></span> <span class='ocrx_word' id='word_1_485' title='bbox 3713 2869 3999 2951; x_wconf 89' lang='lat' dir='ltr'><strong>priorem</strong></span> <span class='ocrx_word' id='word_1_486' title='bbox 4034 2868 4222 2932; x_wconf 88' lang='lat' dir='ltr'><strong>illum</strong></span> <span class='ocrx_word' id='word_1_487' title='bbox 4260 2868 4470 2933; x_wconf 89' lang='lat' dir='ltr'><strong>animi</strong></span> <span class='ocrx_word' id='word_1_488' title='bbox 4506 2866 4631 2931; x_wconf 88' lang='lat' dir='ltr'><strong>mei</strong></span> 
     </span>
     <span class='ocr_line' id='line_1_76' title="bbox 2678 2953 4632 3037; baseline -0.001 -17"><span class='ocrx_word' id='word_1_489' title='bbox 2678 2956 2987 3020; x_wconf 87' lang='lat' dir='ltr'><strong>affectum</strong></span> <span class='ocrx_word' id='word_1_490' title='bbox 3044 2954 3395 3021; x_wconf 89' lang='lat' dir='ltr'><strong>accederet.</strong></span> <span class='ocrx_word' id='word_1_491' title='bbox 3494 2953 3668 3018; x_wconf 87' lang='lat' dir='ltr'><strong>Nam</strong></span> <span class='ocrx_word' id='word_1_492' title='bbox 3725 2963 3804 3018; x_wconf 90' lang='lat' dir='ltr'><strong>ut</strong></span> <span class='ocrx_word' id='word_1_493' title='bbox 3858 2962 4012 3019; x_wconf 90' lang='lat' dir='ltr'><strong>ante</strong></span> <span class='ocrx_word' id='word_1_494' title='bbox 4071 2953 4317 3037; x_wconf 90' lang='lat' dir='ltr'><strong>impius</strong></span> <span class='ocrx_word' id='word_1_495' title='bbox 4359 2954 4632 3020; x_wconf 85' lang='lat' dir='ltr'><strong>fuissem</strong></span> 
     </span>
     <span class='ocr_line' id='line_1_77' title="bbox 2676 3039 4633 3123; baseline -0.002 -17"><span class='ocrx_word' id='word_1_496' title='bbox 2676 3041 2806 3106; x_wconf 90' lang='lat' dir='ltr'><strong>nisi</strong></span> <span class='ocrx_word' id='word_1_497' title='bbox 2860 3061 3010 3106; x_wconf 92' lang='lat' dir='ltr'><strong>eum</strong></span> <span class='ocrx_word' id='word_1_498' title='bbox 3072 3060 3294 3107; x_wconf 90' lang='lat' dir='ltr'><strong>amore</strong></span> <span class='ocrx_word' id='word_1_499' title='bbox 3350 3039 3550 3106; x_wconf 91' lang='lat' dir='ltr'><strong>simul</strong></span> <span class='ocrx_word' id='word_1_500' title='bbox 3607 3047 3675 3106; x_wconf 93' lang='lat' dir='ltr'><strong>et</strong></span> <span class='ocrx_word' id='word_1_501' title='bbox 3728 3040 4142 3106; x_wconf 86' lang='lat' dir='ltr'><strong>observantia</strong></span> <span class='ocrx_word' id='word_1_502' title='bbox 4200 3058 4633 3123; x_wconf 87' lang='lat' dir='ltr'><strong>prosequerer</strong></span> 
     </span>
     <span class='ocr_line' id='line_1_78' title="bbox 2675 3125 4629 3210; baseline -0.001 -19"><span class='ocrx_word' id='word_1_503' title='bbox 2675 3148 2867 3210; x_wconf 89' lang='lat' dir='ltr'><strong>quem</strong></span> <span class='ocrx_word' id='word_1_504' title='bbox 2912 3127 3269 3192; x_wconf 86' lang='lat' dir='ltr'><strong>iudicarem</strong></span> <span class='ocrx_word' id='word_1_505' title='bbox 3288 3128 3342 3206; x_wconf 80' lang='lat'><strong>â¶)</strong></span> <span class='ocrx_word' id='word_1_506' title='bbox 3390 3125 3469 3192; x_wconf 92' lang='lat' dir='ltr'><strong>de</strong></span> <span class='ocrx_word' id='word_1_507' title='bbox 3513 3128 3787 3194; x_wconf 88' lang='lat' dir='ltr'><strong>ecclesia</strong></span> <span class='ocrx_word' id='word_1_508' title='bbox 3830 3125 3961 3192; x_wconf 89' lang='lat' dir='ltr'><strong>Dei</strong></span> <span class='ocrx_word' id='word_1_509' title='bbox 4005 3127 4253 3209; x_wconf 90' lang='lat' dir='ltr'><strong>optime</strong></span> <span class='ocrx_word' id='word_1_510' title='bbox 4295 3127 4629 3200; x_wconf 89' lang='lat' dir='ltr'><strong>meritum,</strong></span> 
     </span>
     <span class='ocr_line' id='line_1_79' title="bbox 2674 3211 4636 3295; baseline 0 -18"><span class='ocrx_word' id='word_1_511' title='bbox 2674 3216 2770 3277; x_wconf 90' lang='lat' dir='ltr'><strong>ita</strong></span> <span class='ocrx_word' id='word_1_512' title='bbox 2825 3213 3263 3278; x_wconf 89' lang='lat' dir='ltr'><strong>inhumanum</strong></span> <span class='ocrx_word' id='word_1_513' title='bbox 3316 3212 3549 3278; x_wconf 88' lang='lat' dir='ltr'><strong>fuisset</strong></span> <span class='ocrx_word' id='word_1_514' title='bbox 3603 3214 3754 3278; x_wconf 86' lang='lat' dir='ltr'><strong>euni</strong></span> <span class='ocrx_word' id='word_1_515' title='bbox 3813 3233 3945 3278; x_wconf 89' lang='lat' dir='ltr'><strong>non</strong></span> <span class='ocrx_word' id='word_1_516' title='bbox 3997 3220 4229 3277; x_wconf 91' lang='lat' dir='ltr'><strong>mutuo</strong></span> <span class='ocrx_word' id='word_1_517' title='bbox 4274 3211 4555 3295; x_wconf 86' lang='lat' dir='ltr'><strong>diligere</strong></span> <span class='ocrx_word' id='word_1_518' title='bbox 4595 3231 4636 3277; x_wconf 87' lang='lat' dir='ltr'><strong>a</strong></span> 
     </span>
     <span class='ocr_line' id='line_1_80' title="bbox 2676 3299 4629 3383; baseline 0.001 -21"><span class='ocrx_word' id='word_1_519' title='bbox 2676 3317 2805 3382; x_wconf 92' lang='lat' dir='ltr'><strong>quo</strong></span> <span class='ocrx_word' id='word_1_520' title='bbox 2885 3319 3099 3364; x_wconf 88' lang='lat' dir='ltr'><strong>essem</strong></span> <span class='ocrx_word' id='word_1_521' title='bbox 3175 3306 3315 3363; x_wconf 89' lang='lat' dir='ltr'><strong>tam</strong></span> <span class='ocrx_word' id='word_1_522' title='bbox 3387 3300 3659 3364; x_wconf 90' lang='lat' dir='ltr'><strong>comiter</strong></span> <span class='ocrx_word' id='word_1_523' title='bbox 3724 3321 3800 3365; x_wconf 87' lang='lat' dir='ltr'><strong>ac</strong></span> <span class='ocrx_word' id='word_1_524' title='bbox 3864 3299 4145 3383; x_wconf 89' lang='lat' dir='ltr'><strong>benigne</strong></span> <span class='ocrx_word' id='word_1_525' title='bbox 4211 3309 4629 3382; x_wconf 87' lang='lat' dir='ltr'><strong>provocatus.</strong></span> 
     </span>
     <span class='ocr_line' id='line_1_81' title="bbox 2674 3382 4635 3468; baseline -0.001 -20"><span class='ocrx_word' id='word_1_526' title='bbox 2674 3383 2864 3448; x_wconf 88' lang='lat' dir='ltr'><strong>Adde</strong></span> <span class='ocrx_word' id='word_1_527' title='bbox 2905 3383 3077 3468; x_wconf 93' lang='lat' dir='ltr'><strong>quod</strong></span> <span class='ocrx_word' id='word_1_528' title='bbox 3112 3392 3292 3449; x_wconf 91' lang='lat' dir='ltr'><strong>tuam</strong></span> <span class='ocrx_word' id='word_1_529' title='bbox 3328 3384 3684 3449; x_wconf 89' lang='lat' dir='ltr'><strong>amicitiam</strong></span> <span class='ocrx_word' id='word_1_530' title='bbox 3721 3384 4027 3449; x_wconf 85' lang='lat' dir='ltr'><strong>videbam</strong></span> <span class='ocrx_word' id='word_1_531' title='bbox 4063 3408 4193 3450; x_wconf 91' lang='lat' dir='ltr'><strong>non</strong></span> <span class='ocrx_word' id='word_1_532' title='bbox 4226 3405 4433 3467; x_wconf 87' lang='lat' dir='ltr'><strong>parvo</strong></span> <span class='ocrx_word' id='word_1_533' title='bbox 4473 3382 4635 3449; x_wconf 90' lang='lat' dir='ltr'><strong>mihi</strong></span> 
     </span>
     <span class='ocr_line' id='line_1_82' title="bbox 2673 3469 4632 3553; baseline 0.001 -19"><span class='ocrx_word' id='word_1_534' title='bbox 2673 3469 2905 3535; x_wconf 88' lang='lat' dir='ltr'><strong>honori</strong></span> <span class='ocrx_word' id='word_1_535' title='bbox 2949 3471 3104 3547; x_wconf 87' lang='lat' dir='ltr'><strong>fore,</strong></span> <span class='ocrx_word' id='word_1_536' title='bbox 3166 3480 3233 3534; x_wconf 93' lang='lat' dir='ltr'><strong>et</strong></span> <span class='ocrx_word' id='word_1_537' title='bbox 3287 3469 3441 3534; x_wconf 88' lang='lat' dir='ltr'><strong>illae</strong></span> <span class='ocrx_word' id='word_1_538' title='bbox 3485 3472 3666 3552; x_wconf 91' lang='lat' dir='ltr'><strong>ipsae</strong></span> <span class='ocrx_word' id='word_1_539' title='bbox 3710 3470 4013 3548; x_wconf 88' lang='lat' dir='ltr'><strong>virtutes,</strong></span> <span class='ocrx_word' id='word_1_540' title='bbox 4069 3491 4349 3553; x_wconf 87' lang='lat' dir='ltr'><strong>quarum</strong></span> <span class='ocrx_word' id='word_1_541' title='bbox 4408 3470 4632 3553; x_wconf 87' lang='lat' dir='ltr'><strong>imago</strong></span> 
     </span>
     <span class='ocr_line' id='line_1_83' title="bbox 2673 3554 4633 3640; baseline -0.001 -21"><span class='ocrx_word' id='word_1_542' title='bbox 2673 3556 2745 3620; x_wconf 91' lang='lat' dir='ltr'><strong>in</strong></span> <span class='ocrx_word' id='word_1_543' title='bbox 2808 3556 3027 3620; x_wconf 86' lang='lat' dir='ltr'><strong>animo</strong></span> <span class='ocrx_word' id='word_1_544' title='bbox 3093 3577 3238 3621; x_wconf 92' lang='lat' dir='ltr'><strong>meo</strong></span> <span class='ocrx_word' id='word_1_545' title='bbox 3302 3565 3618 3640; x_wconf 87' lang='lat' dir='ltr'><strong>concepta</strong></span> <span class='ocrx_word' id='word_1_546' title='bbox 3680 3577 3788 3620; x_wconf 91' lang='lat' dir='ltr'><strong>me</strong></span> <span class='ocrx_word' id='word_1_547' title='bbox 3853 3554 3971 3620; x_wconf 91' lang='lat' dir='ltr'><strong>tibi</strong></span> <span class='ocrx_word' id='word_1_548' title='bbox 4028 3555 4439 3635; x_wconf 81' lang='lat' dir='ltr'><strong>devinxerat,</strong></span> <span class='ocrx_word' id='word_1_549' title='bbox 4506 3575 4633 3640; x_wconf 92' lang='lat' dir='ltr'><strong>quo</strong></span> 
     </span>
     <span class='ocr_line' id='line_1_84' title="bbox 2673 3639 4631 3725; baseline 0 -20"><span class='ocrx_word' id='word_1_550' title='bbox 2673 3639 2839 3705; x_wconf 89' lang='lat' dir='ltr'><strong>mihi</strong></span> <span class='ocrx_word' id='word_1_551' title='bbox 2914 3641 3205 3706; x_wconf 90' lang='lat' dir='ltr'><strong>notiores</strong></span> <span class='ocrx_word' id='word_1_552' title='bbox 3279 3651 3346 3705; x_wconf 90' lang='lat' dir='ltr'><strong>et</strong></span> <span class='ocrx_word' id='word_1_553' title='bbox 3405 3643 3617 3725; x_wconf 87' lang='lat' dir='ltr'><strong>magis</strong></span> <span class='ocrx_word' id='word_1_554' title='bbox 3679 3650 4056 3724; x_wconf 86' lang='lat' dir='ltr'><strong>perspectae</strong></span> <span class='ocrx_word' id='word_1_555' title='bbox 4120 3663 4204 3708; x_wconf 84' lang='lat' dir='ltr'><strong>ex</strong></span> <span class='ocrx_word' id='word_1_556' title='bbox 4269 3662 4631 3725; x_wconf 88' lang='lat' dir='ltr'><strong>congressu</strong></span> 
     </span>
     <span class='ocr_line' id='line_1_85' title="bbox 2674 3725 4631 3812; baseline 0.001 -22"><span class='ocrx_word' id='word_1_557' title='bbox 2674 3727 2962 3802; x_wconf 82' lang='lat' dir='ltr'><strong>fuerunt,</strong></span> <span class='ocrx_word' id='word_1_558' title='bbox 3010 3748 3087 3792; x_wconf 94' lang='lat' dir='ltr'><strong>eo</strong></span> <span class='ocrx_word' id='word_1_559' title='bbox 3129 3728 3397 3792; x_wconf 85' lang='lat' dir='ltr'><strong>fuerunt</strong></span> <span class='ocrx_word' id='word_1_560' title='bbox 3437 3725 3522 3791; x_wconf 88' lang='lat' dir='ltr'><strong>ad</strong></span> <span class='ocrx_word' id='word_1_561' title='bbox 3558 3728 3936 3812; x_wconf 86' lang='lat' dir='ltr'><strong>augendum</strong></span> <span class='ocrx_word' id='word_1_562' title='bbox 3972 3748 4262 3793; x_wconf 88' lang='lat' dir='ltr'><strong>amorem</strong></span> <span class='ocrx_word' id='word_1_563' title='bbox 4306 3727 4631 3795; x_wconf 85' lang='lat' dir='ltr'><strong>efficacio-</strong></span> 
     </span>
     <span class='ocr_line' id='line_1_86' title="bbox 2673 3812 4634 3896; baseline -0.001 -20"><span class='ocrx_word' id='word_1_564' title='bbox 2673 3834 2797 3877; x_wconf 91' lang='lat' dir='ltr'><strong>res.</strong></span> <span class='ocrx_word' id='word_1_565' title='bbox 2900 3812 3098 3878; x_wconf 83' lang='lat' dir='ltr'><strong>Hanc</strong></span> <span class='ocrx_word' id='word_1_566' title='bbox 3157 3812 3705 3878; x_wconf 88' lang='lat' dir='ltr'><strong>necessitudinem</strong></span> <span class='ocrx_word' id='word_1_567' title='bbox 3723 3865 3739 3891; x_wconf 89' lang='lat'><strong>,</strong></span> <span class='ocrx_word' id='word_1_568' title='bbox 3792 3813 4036 3880; x_wconf 88' lang='lat' dir='ltr'><strong>talibus</strong></span> <span class='ocrx_word' id='word_1_569' title='bbox 4092 3815 4401 3896; x_wconf 81' lang='lat' dir='ltr'><strong>auspiciis</strong></span> <span class='ocrx_word' id='word_1_570' title='bbox 4460 3815 4634 3878; x_wconf 87' lang='lat' dir='ltr'><strong>inter</strong></span> 
     </span>
     <span class='ocr_line' id='line_1_87' title="bbox 2673 3899 4633 3982; baseline 0 -19"><span class='ocrx_word' id='word_1_571' title='bbox 2673 3918 2793 3963; x_wconf 92' lang='lat' dir='ltr'><strong>nos</strong></span> <span class='ocrx_word' id='word_1_572' title='bbox 2836 3901 3024 3982; x_wconf 82' lang='lat' dir='ltr'><strong>quasi</strong></span> <span class='ocrx_word' id='word_1_573' title='bbox 3068 3906 3534 3977; x_wconf 89' lang='lat' dir='ltr'><strong>consecratam,</strong></span> <span class='ocrx_word' id='word_1_574' title='bbox 3578 3899 3897 3964; x_wconf 87' lang='lat' dir='ltr'><strong>haetenus</strong></span> <span class='ocrx_word' id='word_1_575' title='bbox 3940 3908 4165 3966; x_wconf 89' lang='lat' dir='ltr'><strong>sancte</strong></span> <span class='ocrx_word' id='word_1_576' title='bbox 4209 3900 4396 3965; x_wconf 90' lang='lat' dir='ltr'><strong>colui.</strong></span> <span class='ocrx_word' id='word_1_577' title='bbox 4485 3899 4633 3980; x_wconf 76' lang='lat' dir='ltr'><strong>Quo</strong></span> 
     </span>
     <span class='ocr_line' id='line_1_88' title="bbox 2674 3984 4630 4063; baseline 0.001 -14"><span class='ocrx_word' id='word_1_578' title='bbox 2674 3985 2899 4050; x_wconf 91' lang='lat' dir='ltr'><strong>minus</strong></span> <span class='ocrx_word' id='word_1_579' title='bbox 2952 3993 3171 4050; x_wconf 86' lang='lat' dir='ltr'><strong>autem</strong></span> <span class='ocrx_word' id='word_1_580' title='bbox 3226 4004 3374 4049; x_wconf 91' lang='lat' dir='ltr'><strong>eam</strong></span> <span class='ocrx_word' id='word_1_581' title='bbox 3428 3984 3704 4051; x_wconf 86' lang='lat' dir='ltr'><strong>aluerim</strong></span> <span class='ocrx_word' id='word_1_582' title='bbox 3748 3985 4106 4063; x_wconf 90' lang='lat' dir='ltr'><strong>scribendo,</strong></span> <span class='ocrx_word' id='word_1_583' title='bbox 4151 3994 4219 4050; x_wconf 91' lang='lat' dir='ltr'><strong>et</strong></span> <span class='ocrx_word' id='word_1_584' title='bbox 4260 3985 4408 4051; x_wconf 87' lang='lat' dir='ltr'><strong>aliis</strong></span> <span class='ocrx_word' id='word_1_585' title='bbox 4454 4006 4630 4052; x_wconf 91' lang='lat' dir='ltr'><strong>comÎ‡</strong></span> 
     </span>
     <span class='ocr_line' id='line_1_89' title="bbox 2673 4070 4632 4157; baseline -0.001 -23"><span class='ocrx_word' id='word_1_586' title='bbox 2673 4070 2987 4136; x_wconf 90' lang='lat' dir='ltr'><strong>munibus</strong></span> <span class='ocrx_word' id='word_1_587' title='bbox 3022 4071 3253 4137; x_wconf 88' lang='lat' dir='ltr'><strong>officiis</strong></span> <span class='ocrx_word' id='word_1_588' title='bbox 3291 4077 3600 4136; x_wconf 88' lang='lat' dir='ltr'><strong>testatam</strong></span> <span class='ocrx_word' id='word_1_589' title='bbox 3635 4071 3756 4137; x_wconf 89' lang='lat' dir='ltr'><strong>tibi</strong></span> <span class='ocrx_word' id='word_1_590' title='bbox 3775 4072 3828 4157; x_wconf 87' lang='lat'><strong>â·)</strong></span> <span class='ocrx_word' id='word_1_591' title='bbox 3872 4070 4285 4151; x_wconf 88' lang='lat' dir='ltr'><strong>reddiderim,</strong></span> <span class='ocrx_word' id='word_1_592' title='bbox 4333 4071 4632 4138; x_wconf 86' lang='lat' dir='ltr'><strong>breviter</strong></span> 
     </span>
     <span class='ocr_line' id='line_1_90' title="bbox 2675 4155 4630 4240; baseline 0.001 -20"><span class='ocrx_word' id='word_1_593' title='bbox 2675 4156 2784 4223; x_wconf 89' lang='lat' dir='ltr'><strong>hic</strong></span> <span class='ocrx_word' id='word_1_594' title='bbox 2820 4155 3130 4240; x_wconf 89' lang='lat' dir='ltr'><strong>aperiam.</strong></span> <span class='ocrx_word' id='word_1_595' title='bbox 3220 4155 3446 4237; x_wconf 80' lang='lat' dir='ltr'><strong>Quum</strong></span> <span class='ocrx_word' id='word_1_596' title='bbox 3480 4157 3635 4224; x_wconf 91' lang='lat' dir='ltr'><strong>hinc</strong></span> <span class='ocrx_word' id='word_1_597' title='bbox 3667 4177 3791 4223; x_wconf 88' lang='lat' dir='ltr'><strong>nos</strong></span> <span class='ocrx_word' id='word_1_598' title='bbox 3824 4177 3944 4240; x_wconf 91' lang='lat' dir='ltr'><strong>per</strong></span> <span class='ocrx_word' id='word_1_599' title='bbox 3981 4157 4118 4223; x_wconf 88' lang='lat' dir='ltr'><strong>vim</strong></span> <span class='ocrx_word' id='word_1_600' title='bbox 4154 4178 4230 4223; x_wconf 91' lang='lat' dir='ltr'><strong>ac</strong></span> <span class='ocrx_word' id='word_1_601' title='bbox 4265 4158 4630 4224; x_wconf 87' lang='lat' dir='ltr'><strong>tumultum</strong></span> 
     </span>
     <span class='ocr_line' id='line_1_91' title="bbox 2673 4242 4629 4329; baseline 0.001 -22"><span class='ocrx_word' id='word_1_602' title='bbox 2673 4242 2861 4326; x_wconf 90' lang='lat' dir='ltr'><strong>impii</strong></span> <span class='ocrx_word' id='word_1_603' title='bbox 2915 4242 3356 4325; x_wconf 85' lang='lat' dir='ltr'><strong>expulissent,</strong></span> <span class='ocrx_word' id='word_1_604' title='bbox 3426 4250 3496 4309; x_wconf 91' lang='lat' dir='ltr'><strong>et</strong></span> <span class='ocrx_word' id='word_1_605' title='bbox 3549 4243 3879 4327; x_wconf 75' lang='lat' dir='ltr'><strong>Tigurum</strong></span> <span class='ocrx_word' id='word_1_606' title='bbox 3930 4243 4204 4327; x_wconf 87' lang='lat' dir='ltr'><strong>profecti</strong></span> <span class='ocrx_word' id='word_1_607' title='bbox 4216 4244 4277 4329; x_wconf 69' lang='grc' dir='ltr'><strong>Î’)</strong></span> <span class='ocrx_word' id='word_1_608' title='bbox 4333 4263 4629 4311; x_wconf 90' lang='lat' dir='ltr'><strong>essemus</strong></span> 
     </span>
     <span class='ocr_line' id='line_1_92' title="bbox 2677 4326 4630 4414; baseline 0.001 -20"><span class='ocrx_word' id='word_1_609' title='bbox 2677 4326 2762 4394; x_wconf 88' lang='lat' dir='ltr'><strong>ad</strong></span> <span class='ocrx_word' id='word_1_610' title='bbox 2816 4327 3242 4394; x_wconf 88' lang='lat' dir='ltr'><strong>indicandum</strong></span> <span class='ocrx_word' id='word_1_611' title='bbox 3297 4328 3501 4394; x_wconf 89' lang='lat' dir='ltr'><strong>huius</strong></span> <span class='ocrx_word' id='word_1_612' title='bbox 3555 4328 3867 4396; x_wconf 87' lang='lat' dir='ltr'><strong>ecclesiae</strong></span> <span class='ocrx_word' id='word_1_613' title='bbox 3920 4335 4193 4409; x_wconf 86' lang='lat' dir='ltr'><strong>statum,</strong></span> <span class='ocrx_word' id='word_1_614' title='bbox 4251 4329 4360 4396; x_wconf 88' lang='lat' dir='ltr'><strong>vel</strong></span> <span class='ocrx_word' id='word_1_615' title='bbox 4405 4330 4630 4414; x_wconf 90' lang='lat' dir='ltr'><strong>potius</strong></span> 
     </span>
    </p>
   </div>
   <div class='ocr_carea' id='block_1_15' title="bbox 2674 4501 3086 4512">
    <p class='ocr_par' dir='ltr' id='par_1_15' title="bbox 2674 4501 3086 4512">
     <span class='ocr_line' id='line_1_93' title="bbox 2674 4501 3086 4512; baseline 0 1663"><span class='ocrx_word' id='word_1_616' title='bbox 2674 4501 3086 4512; x_wconf 95' lang='lat' dir='ltr'><strong> </strong></span> 
     </span>
    </p>
   </div>
   <div class='ocr_carea' id='block_1_16' title="bbox 2668 4617 4629 5450">
    <p class='ocr_par' dir='ltr' id='par_1_16' title="bbox 2708 4617 4629 4688">
     <span class='ocr_line' id='line_1_94' title="bbox 2708 4617 4629 4688; baseline 0.002 -15"><span class='ocrx_word' id='word_1_617' title='bbox 2708 4617 2945 4688; x_wconf 54' lang='lat' dir='ltr'><strong>aevu)</strong></span> <span class='ocrx_word' id='word_1_618' title='bbox 2994 4634 3176 4675; x_wconf 69' lang='lat' dir='ltr'><strong>mem</strong></span> <span class='ocrx_word' id='word_1_619' title='bbox 3229 4620 3416 4686; x_wconf 71' lang='lat' dir='ltr'><strong>Maio,</strong></span> <span class='ocrx_word' id='word_1_620' title='bbox 3476 4621 3542 4674; x_wconf 66' lang='lat' dir='ltr'><strong>in</strong></span> <span class='ocrx_word' id='word_1_621' title='bbox 3591 4622 3785 4675; x_wconf 66' lang='lat' dir='ltr'><strong>cam</strong></span> <span class='ocrx_word' id='word_1_622' title='bbox 3835 4619 3903 4675; x_wconf 74' lang='lat' dir='ltr'><strong>ae</strong></span> <span class='ocrx_word' id='word_1_623' title='bbox 3958 4634 4133 4677; x_wconf 68' lang='lat' dir='ltr'><strong>ma</strong></span> <span class='ocrx_word' id='word_1_624' title='bbox 4189 4619 4629 4677; x_wconf 62' lang='lat' dir='ltr'><strong>Provinciam-â¸</strong></span> 
     </span>
    </p>

    <p class='ocr_par' dir='ltr' id='par_1_17' title="bbox 2673 4693 4578 4840">
     <span class='ocr_line' id='line_1_95' title="bbox 2673 4693 4578 4840; baseline -0.001 -1"><span class='ocrx_word' id='word_1_625' title='bbox 2673 4693 2938 4824; x_wconf 42' lang='lat' dir='ltr'><strong>meve&amp;</strong></span> <span class='ocrx_word' id='word_1_626' title='bbox 2975 4774 3098 4840; x_wconf 60' lang='lat' dir='ltr'><strong>cem</strong></span> <span class='ocrx_word' id='word_1_627' title='bbox 3131 4756 3204 4811; x_wconf 81' lang='grc' dir='ltr'><strong>Î’Î‡</strong></span> <span class='ocrx_word' id='word_1_628' title='bbox 3452 4826 3465 4839; x_wconf 93' lang='grc'><strong>.</strong></span> <span class='ocrx_word' id='word_1_629' title='bbox 3536 4826 3548 4840; x_wconf 97' lang='grc'><strong><em>.</em></strong></span> <span class='ocrx_word' id='word_1_630' title='bbox 3825 4826 3835 4839; x_wconf 94' lang='grc'><strong>.</strong></span> <span class='ocrx_word' id='word_1_631' title='bbox 3982 4827 3995 4840; x_wconf 94' lang='grc'><strong>.</strong></span> <span class='ocrx_word' id='word_1_632' title='bbox 4566 4826 4578 4838; x_wconf 94' lang='grc'><strong><em>.</em></strong></span> 
     </span>
    </p>

    <p class='ocr_par' dir='ltr' id='par_1_18' title="bbox 2668 4825 4627 5233">
     <span class='ocr_line' id='line_1_96' title="bbox 2876 4825 4625 4892; baseline 0.002 -13"><span class='ocrx_word' id='word_1_633' title='bbox 2876 4825 2940 4892; x_wconf 82' lang='grc'><strong>3)</strong></span> <span class='ocrx_word' id='word_1_634' title='bbox 2975 4842 3058 4882; x_wconf 71' lang='lat' dir='ltr'><strong>stc</strong></span> <span class='ocrx_word' id='word_1_635' title='bbox 3099 4841 3296 4881; x_wconf 71' lang='lat' dir='ltr'><strong>nomen</strong></span> <span class='ocrx_word' id='word_1_636' title='bbox 3327 4831 3665 4881; x_wconf 60' lang='lat' dir='ltr'><strong>recautum</strong></span> <span class='ocrx_word' id='word_1_637' title='bbox 3705 4826 3863 4882; x_wconf 63' lang='lat' dir='ltr'><strong>urban</strong></span> <span class='ocrx_word' id='word_1_638' title='bbox 3894 4826 3993 4881; x_wconf 64' lang='lat' dir='ltr'><strong>aba</strong></span> <span class='ocrx_word' id='word_1_639' title='bbox 4024 4832 4322 4883; x_wconf 59' lang='lat' dir='ltr'><strong>concam</strong></span> <span class='ocrx_word' id='word_1_640' title='bbox 4352 4826 4625 4882; x_wconf 65' lang='lat' dir='ltr'><strong>HelvamÎ‡</strong></span> 
     </span>
     <span class='ocr_line' id='line_1_97' title="bbox 2670 4893 4626 4978; baseline 0.002 -30"><span class='ocrx_word' id='word_1_641' title='bbox 2670 4909 2796 4978; x_wconf 64' lang='lat' dir='ltr'><strong>ram</strong></span> <span class='ocrx_word' id='word_1_642' title='bbox 2829 4895 3271 4977; x_wconf 59' lang='lat' dir='ltr'><strong>cekbratuefug&#39;t</strong></span> <span class='ocrx_word' id='word_1_643' title='bbox 3303 4893 3402 4958; x_wconf 85' lang='lat' dir='ltr'><strong>(N.</strong></span> <span class='ocrx_word' id='word_1_644' title='bbox 3437 4893 3569 4976; x_wconf 55' lang='lat'><strong>642)</strong></span> <span class='ocrx_word' id='word_1_645' title='bbox 3605 4900 3659 4948; x_wconf 78' lang='lat' dir='ltr'><strong>et</strong></span> <span class='ocrx_word' id='word_1_646' title='bbox 3689 4894 3906 4977; x_wconf 68' lang='lat' dir='ltr'><strong>quidem</strong></span> <span class='ocrx_word' id='word_1_647' title='bbox 3940 4895 4191 4978; x_wconf 49' lang='lat' dir='ltr'><strong>ablativoÎ‡</strong></span> <span class='ocrx_word' id='word_1_648' title='bbox 4213 4910 4365 4951; x_wconf 67' lang='lat' dir='ltr'><strong>casu.</strong></span> <span class='ocrx_word' id='word_1_649' title='bbox 4420 4896 4626 4953; x_wconf 67' lang='lat' dir='ltr'><strong>LanaÎ‡</strong></span> 
     </span>
     <span class='ocr_line' id='line_1_98' title="bbox 2671 4964 4627 5115; baseline -0.001 -28"><span class='ocrx_word' id='word_1_650' title='bbox 2671 4979 2795 5115; x_wconf 31' lang='lat'><strong>&#39;&#39;â¸â´â€˜&#39;</strong></span> <span class='ocrx_word' id='word_1_651' title='bbox 2827 4964 3832 5115; x_wconf 50' lang='lat' dir='ltr'><strong>â€fftfflmilssffiffffi&#39;caqff</strong></span> <span class='ocrx_word' id='word_1_652' title='bbox 3845 5032 3916 5086; x_wconf 86' lang='lat' dir='ltr'><strong>B.</strong></span> <span class='ocrx_word' id='word_1_653' title='bbox 3944 4965 4279 5089; x_wconf 49' lang='grc' dir='ltr'><strong>á½§Î½á¿’Î¿á¿–á¿—Îµá¿–á¼¶-</strong></span> <span class='ocrx_word' id='word_1_654' title='bbox 4310 5032 4627 5090; x_wconf 62' lang='lat' dir='ltr'><strong>Vnam</strong></span> 
     </span>
     <span class='ocr_line' id='line_1_99' title="bbox 2668 5099 3818 5233; baseline 0.003 -10"><span class='ocrx_word' id='word_1_655' title='bbox 2668 5101 3205 5233; x_wconf 56' lang='lat' dir='ltr'><strong>Pmmg)Bm</strong></span> <span class='ocrx_word' id='word_1_656' title='bbox 3230 5099 3597 5226; x_wconf 37' lang='lat' dir='ltr'><strong>ssbssssmffiaefcre</strong></span> <span class='ocrx_word' id='word_1_657' title='bbox 3618 5105 3818 5171; x_wconf 56' lang='lat' dir='ltr'><strong>Pom</strong></span> 
     </span>
    </p>

    <p class='ocr_par' dir='ltr' id='par_1_19' title="bbox 2873 5238 3306 5323">
     <span class='ocr_line' id='line_1_100' title="bbox 2873 5238 3306 5323; baseline 0.002 -31"><span class='ocrx_word' id='word_1_658' title='bbox 2873 5239 2935 5296; x_wconf 69' lang='lat' dir='ltr'><strong>e)</strong></span> <span class='ocrx_word' id='word_1_659' title='bbox 2966 5238 3306 5323; x_wconf 31' lang='lat' dir='ltr'><strong>iudionyioB.</strong></span> 
     </span>
    </p>

    <p class='ocr_par' dir='ltr' id='par_1_20' title="bbox 2874 5306 4621 5450">
     <span class='ocr_line' id='line_1_101' title="bbox 2874 5306 4621 5450; baseline 0.002 -19"><span class='ocrx_word' id='word_1_660' title='bbox 2874 5306 2937 5445; x_wconf 47' lang='grc' dir='ltr'><strong>á¼“Î¾</strong></span> <span class='ocrx_word' id='word_1_661' title='bbox 2972 5308 3321 5435; x_wconf 57' lang='grc' dir='ltr'><strong>á¿—Î¿Î±Î¿á¿—Î¹á¿—á¿–Ï‰Î¿</strong></span> <span class='ocrx_word' id='word_1_662' title='bbox 3364 5376 3659 5447; x_wconf 57' lang='lat' dir='ltr'><strong>maun..</strong></span> <span class='ocrx_word' id='word_1_663' title='bbox 3734 5376 3918 5435; x_wconf 60' lang='lat' dir='ltr'><strong>coam</strong></span> <span class='ocrx_word' id='word_1_664' title='bbox 3960 5377 4426 5450; x_wconf 49' lang='grc' dir='ltr'><strong>ÎœÏ…ÎºÎ·Î½Î±á¿–Î±á½·,</strong></span> <span class='ocrx_word' id='word_1_665' title='bbox 4473 5375 4621 5450; x_wconf 65' lang='lat' dir='ltr'><strong>quoa</strong></span> 
     </span>
    </p>
   </div>
   <div class='ocr_carea' id='block_1_17' title="bbox 4798 16 4822 1583">
    <p class='ocr_par' dir='ltr' id='par_1_21' title="bbox 4798 16 4822 1583">
     <span class='ocr_line' id='line_1_102' title="bbox 4798 16 4822 1583; baseline 0 0"><span class='ocrx_word' id='word_1_666' title='bbox 4798 16 4822 1583; x_wconf 95' lang='lat' dir='ltr'><strong> </strong></span> 
     </span>
    </p>
   </div>
   <div class='ocr_carea' id='block_1_18' title="bbox 4809 1860 4825 2810">
    <p class='ocr_par' dir='ltr' id='par_1_22' title="bbox 4809 1860 4825 2810">
     <span class='ocr_line' id='line_1_103' title="bbox 4809 1860 4825 2810; baseline 0 0"><span class='ocrx_word' id='word_1_667' title='bbox 4809 1860 4825 2810; x_wconf 95' lang='lat' dir='ltr'><strong> </strong></span> 
     </span>
    </p>
   </div>
   <div class='ocr_carea' id='block_1_19' title="bbox 4798 3328 4812 4029">
    <p class='ocr_par' dir='ltr' id='par_1_23' title="bbox 4798 3328 4812 4029">
     <span class='ocr_line' id='line_1_104' title="bbox 4798 3328 4812 4029; baseline 0 0"><span class='ocrx_word' id='word_1_668' title='bbox 4798 3328 4812 4029; x_wconf 95' lang='lat' dir='ltr'><strong> </strong></span> 
     </span>
    </p>
   </div>
   <div class='ocr_carea' id='block_1_20' title="bbox 4800 4202 4806 5041">
    <p class='ocr_par' dir='ltr' id='par_1_24' title="bbox 4800 4202 4806 5041">
     <span class='ocr_line' id='line_1_105' title="bbox 4800 4202 4806 5041; baseline 0 0"><span class='ocrx_word' id='word_1_669' title='bbox 4800 4202 4806 5041; x_wconf 95' lang='lat' dir='ltr'><strong> </strong></span> 
     </span>
    </p>
   </div>
   <div class='ocr_carea' id='block_1_21' title="bbox 4793 5250 4797 5887">
    <p class='ocr_par' dir='ltr' id='par_1_25' title="bbox 4793 5250 4797 5887">
     <span class='ocr_line' id='line_1_106' title="bbox 4793 5250 4797 5887; baseline 0 0"><span class='ocrx_word' id='word_1_670' title='bbox 4793 5250 4797 5887; x_wconf 95' lang='lat' dir='ltr'><strong> </strong></span> 
     </span>
    </p>
   </div>
  </div>
 </body>
</html>
