4825 6175
670 422 795 484 695

668 628 820 674 mus
865 608 1180 675 hactenus
1228 607 1408 673 velut
1449 610 1520 674 in
1564 609 1783 688 dubio,
1828 610 1985 692 quia
2026 607 2268 675 fratres
2311 607 2613 675 deserere

669 714 800 759 non
865 713 1232 776 possumus,
1298 716 1510 778 neque
1573 715 1841 761 rursum
1903 693 2203 761 lubenter
2266 714 2613 760 movemus

668 778 987 845 invidiam
1031 781 1172 845 sine
1217 779 1433 862 aliqua
1472 800 1590 863 spe
1624 781 1971 863 profectus,
2059 800 2183 845 uae
2216 779 2423 862 possit
2508 778 2611 844 lu-

667 865 909 929 rimum
976 865 1279 931 omnibus
1338 867 1628 951 ecclesiis
1689 801 2171 933 incommodare
2228 873 2296 930 et
2358 885 2471 931 ma
2495 885 2608 930 um

665 950 878 1051 magis
921 970 1178 1034 augere.
1267 951 1423 1018 Huc
1445 951 1696 1019 accedit
1737 951 1906 1036 quod
1944 952 2001 1018 si
2022 951 2245 1016 omnia
2277 959 2614 1041 contemp·

675 1056 957 1101 serimus
1036 1036 1305 1102 consilia
1363 1038 1701 1110 ‚bonorum
1780 1039 2096 1114 virorum,
2178 1054 2287 1101 eos
2357 1057 2612 1119 quoque

665 1122 874 1188 simus
921 1121 1210 1187 habituri
1249 1123 1634 1189 infensiores
1678 1143 1958 1206 quorum
2018 1122 2290 1188 consilia
2346 1141 2610 1206 spreve-

666 1207 920 1272 rimus..
961 1208 1053 1272 Et
1092 1210 1146 1274 si
1191 1229 1324 1273 non
1367 1209 1713 1292 respondet
1755 1215 2050 1287 eventus,
2096 1206 2162 1272 id
2206 1206 2614 1273 adscribetur

667 1300 930 1358 nostrae
1007 1292 1487 1376 imprudentiae
1565 1304 1679 1359 aut
1755 1294 2128 1371 temeritati,
2196 1291 2611 1378 arrogantiae

665 1380 1072 1460 praesertim,
1119 1400 1322 1462 quum
1366 1381 1538 1446 male
1573 1380 1844 1465 gratiosi
1887 1381 2095 1446 simus
2137 1379 2340 1464 legati
2381 1380 2453 1444 in
2490 1379 2612 1443 hac

663 1485 880 1544 cansa,
924 1464 1041 1547 qui
1082 1465 1294 1532 officio
1314 1466 1817 1533 intercessorum
1855 1476 1921 1531 et
1955 1463 2449 1533 conciliatorum
2483 1463 2608 1528 mi-

663 1550 842 1614 nime
898 1550 1084 1634 fungi
1143 1552 1470 1635 possimus
1519 1572 1722 1635 quum
1778 1551 1853 1616 in
1900 1550 2128 1616 eadem
2171 1550 2379 1616 simus
2424 1549 2607 1615 dam·

661 1635 948 1714 natione,
1002 1657 1216 1718 neque
1259 1658 1524 1702 causam
1581 1646 1873 1703 nostram
1919 1634 2190 1721 aggredi
2249 1636 2393 1701 sine
2437 1636 2607 1700 invi-

661 1720 789 1798 dia,
855 1722 910 1787 si
963 1719 1031 1785 id
1089 1723 1564 1788 tentaverimus
1629 1722 1923 1788 nondum
1979 1722 2291 1805 requisiti.
2392 1720 2609 1787 Hodie

659 1806 900 1871 fratres
922 1808 1130 1872 nostri
1173 1818 1474 1873 senatum
1516 1808 1840 1887 adierunt,
1883 1808 2038 1891 quia
2072 1828 2205 1873 non
2247 1813 2612 1890 potuerunt

660 1889 907 1957 diutius
983 1893 1367 1976 protrahere
1410 1892 1844 1977 respondendi
1908 1900 2187 1976 tempus.
2297 1891 2609 1959 Nondum

661 1976 1047 2043 addivinare
1068 1999 1413 2062 possumus
1436 1980 1594 2062 quid
1617 1982 1751 2045 sint
1772 1980 2068 2045 effecturi
2084 1980 2162 2058 8).
2233 1976 2610 2044 Statuimus

659 2072 730 2129 et
765 2083 882 2129 nos
919 2083 1060 2129 cras
1098 2065 1299 2145 adire,
1345 2065 1739 2150 proposituri
1777 2065 1950 2149 quod
1986 2064 2240 2130 dederit
2260 2064 2607 2130 Dominus.

656 2148 724 2214 N
726 2168 833 2214 am
876 2149 1064 2215 nobis
1107 2150 1338 2216 saltem
1382 2151 1600 2234 aliqua
1631 2152 1840 2216 nostri
1881 2149 2204 2217 adventus
2246 2151 2414 2217 ratio
2458 2147 2608 2214 red-

660 2232 892 2314 denda,
957 2237 1086 2300 nisi
1151 2236 1459 2304 volumus
1515 2235 1733 2302 dedita
1788 2257 1987 2319 opera
2042 2245 2343 2301 senatum
2401 2236 2608 2301 offen-

659 2316 815 2386 dere
839 2324 908 2397 ⁹).
1019 2321 1248 2387 Placet
1313 2321 1509 2388 nobis
1563 2331 1753 2388 tuum
1818 2322 2183 2399 consilium,
2249 2320 2423 2404 quod
2488 2340 2609 2386 nos

658 2426 914 2488 qnoque
956 2407 1133 2472 inter
1152 2429 1271 2472 nos
1315 2406 1422 2474 hic
1441 2409 1691 2492 agitare
1711 2427 2163 2492 coeperamus:
2209 2403 2382 2490 quod
2416 2406 2608 2471 bonis

657 2492 838 2569 viris,
901 2513 1065 2575 quos
1109 2514 1306 2576 super
1370 2514 1448 2558 ea
1500 2516 1572 2559 re
1628 2494 2093 2572 consuluimus,
2151 2513 2286 2558 non
2339 2491 2609 2559 videtur

659 2577 1021 2660 displicere.
1110 2578 1192 2644 Id
1257 2588 1476 2644 autem
1535 2580 1833 2664 intelligo
1899 2577 1981 2643 de
2038 2576 2357 2645 adeundis
2400 2577 2604 2661 'Pigu-

655 2664 843 2741 rinis,
886 2665 952 2728 in
994 2685 1124 2747 qua
1166 2686 1286 2731 nos
1330 2665 1795 2731 deliberatione
1836 2685 2117 2741 eramus,
2162 2663 2359 2746 idque
2393 2663 2607 2748 magis

664 2747 983 2815 suadebat
1025 2750 1251 2815 fratris
1308 2753 1520 2816 nostri
1576 2751 1825 2818 Fareui
1877 2752 2265 2834 praesentia,
2320 2748 2436 2832 qui
2479 2747 2608 2813 huc

658 2836 1250 2987 mamm&
1282 2838 1573 2988 32³3}
1584 2837 2086 3000 0J⁰⁶¹²iss1²32³2¹22⁹0
2099 2834 2606 2989 Rham&

658 3006 1048 3091 appulimus.
1137 3007 1411 3073 Utinam
1455 3017 1526 3073 tu
1584 3009 1692 3074 hic
1743 3028 1925 3074 esses
1983 3007 2065 3072 ad
2124 3005 2607 3091 suscipiendam

655 3113 837 3159 nunc
913 3093 1084 3159 hanc
1150 3093 1484 3162 nobiscum
1561 3096 2027 3179 profectionem
2057 3096 2157 3173 ¹¹).
2269 3091 2349 3159 Si
2411 3092 2607 3158 modo

655 3178 856 3244 eundi
892 3181 1158 3245 veniam
1203 3201 1242 3244 a
1276 3189 1509 3246 senatu
1551 3180 1906 3264 im1)etrare
1941 3180 2286 3264 possimus.
2349 3176 2607 3245 Studu·

654 3265 847 3341 imus,
890 3263 1101 3347 quoad
1134 3266 1274 3331 eius
1309 3268 1454 3332 fieri
1488 3268 1722 3350 potuit,
1759 3266 2015 3332 animos
2048 3265 2330 3331 offensos
2363 3264 2606 3330 lenire:

656 3347 1121 3417 admonuimus
1163 3350 1707 3418 offendiculorum
1750 3372 1918 3435 quae
1959 3350 2114 3417 hinc
2156 3358 2350 3416 erant
2391 3350 2605 3415 nasci-

655 3445 839 3501 tura:
901 3437 1188 3504 ursimus
1232 3447 1555 3521 quantum
1598 3438 1936 3522 potuimus
1990 3436 2385 3520 colloquium
2433 3436 2608 3501 inter

656 3523 994 3589 ministros
1036 3531 1104 3589 et
1143 3524 1319 3590 viros
1374 3522 1615 3600 doctos,
1675 3545 1839 3589 num
1882 3524 1990 3588 via
2048 3522 2272 3605 aliqua
2313 3521 2604 3589 reconci-

655 3606 965 3686 Rationis,
1019 3610 1197 3690 pacis
1254 3617 1321 3675 et
1374 3609 1761 3676 concordiae
1817 3609 2105 3675 inveniri
2147 3616 2371 3691 posset
2425 3627 2605 3673 com-

656 3693 911 3758 modior
986 3703 1055 3758 et
1136 3694 1449 3761 ecclesiae
1520 3695 2004 3780 congruentior.
2113 3692 2310 3774 Quod
2382 3701 2605 3758 autem

660 3779 900 3843 attinet
962 3778 1047 3844 ad
1124 3789 1393 3846 senatus
1425 3782 1848 3859 ,consultum
1926 3779 2169 3845 fratres
2232 3779 2605 3846 Beruenses

657 3863 828 3928 nihil
871 3864 1298 3931 obtinuerunt
1318 3868 1424 3948 ¹²),
1480 3867 1610 3932 nisi
1652 3865 1824 3950 quod
1863 3866 2024 3949 ipsis
2066 3864 2432 3931 cedendum
2485 3872 2604 3943 est,

661 3948 844 4015 nullo
887 3958 1112 4016 tamen
1156 3951 1376 4017 addito
1412 3953 1659 4030 exsilio,
1705 3951 1819 4017 sed
1863 3951 2003 4017 sola
2036 3951 2383 4017 ministerii
2429 3950 2607 4016 abdi-

661 4037 931 4100 catione.
1019 4036 1212 4103 Nunc
1255 4058 1565 4122 paramus
1608 4058 1728 4104 nos
1772 4037 1854 4102 ad
1911 4057 1989 4103 ea
2032 4057 2197 4119 quae
2241 4036 2427 4103 volet
2468 4037 2606 4101 Do-

659 4122 884 4186 minus
927 4121 1010 4186 de
1063 4124 1250 4190 nobis
1295 4131 1601 4189 statuere.
1695 4122 1880 4200 Oras,
1938 4124 1995 4188 si
2041 4122 2219 4190 volet
2250 4123 2607 4200 Dominus,

661 4215 970 4272 senatum
1027 4208 1488 4292 ingrediemur,
1550 4209 1850 4293 quamvis
1905 4230 2040 4274 non
2104 4209 2308 4274 simus
2373 4208 2606 4274 vocati.

665 4292 1075 4360 commenda
1139 4315 1399 4360 causam
1455 4304 1748 4362 nostram
1814 4293 2103 4360 Domino
2165 4302 2237 4362 et
2298 4293 2611 4360 fratribus

659 4379 986 4445 omnibus.
1056 4379 1207 4461 Quo
1250 4380 1406 4446 hino
1454 4383 1659 4446 simus
1703 4379 1962 4459 abituri,
2007 4402 2093 4445 an
2138 4380 2479 4464 Tigurum,
2525 4401 2613 4446 an

666 4464 933 4530 domum
977 4466 1271 4543 redituri,
1319 4466 1735 4550 dispiciemus
1778 4473 2124 4550 postquam
2180 4465 2337 4548 quid
2371 4466 2614 4531 habeat

636 4551 872 4618 ‚animi
915 4562 1190 4618 senatus
1234 4553 1774 4619 intellexerimus.
1840 4551 2155 4618 Salutant
2196 4559 2265 4616 te
2287 4551 2609 4629 Farellus,

799 4845 804 4852 ’
838 4857 898 4923 8)
921 4858 1129 4913 Iterum
1155 4859 1346 4913 audiri
1376 4861 1638 4925 volebant,
1657 4876 1771 4914 son
1786 4875 1913 4915 voro
1936 4860 2184 4926 confiteo-i
2201 4861 2352 4930 qaod
2375 4859 2614 4915 &nam

659 4927 979 4997 postulabat
1011 4928 1115 4995 (N.
1154 4926 1289 4981 1014
1322 4935 1433 4984 not.
1470 4928 1540 4995 7),
1574 4927 1670 4982 sod
1702 4945 1733 4982 r
1887 4944 1978 4984 aa
2009 4928 2268 4985 tuleram.

840 4994 898 5062 9)
942 4996 1775 5132 Εἰγέοῶωιαᾶιῧῶῒοωὴ
1809 4998 1904 5053 sed
1937 5003 2145 5066 sponte,
2198 5003 2259 5054 ut
2295 4998 2528 5056 wirma
2570 5014 2613 5053 a

848 5132 938 5198 10)
981 5134 1171 5187 Pridie
1208 5132 1322 5188 Gal.
1366 5134 1505 5189 Mai.
1960 5171 1973 5182 -

848 5202 941 5262 11)
983 5204 1066 5268 Of.
1107 5203 1184 5257 N.
1223 5203 1358 5256 1013
1392 5210 1502 5258 not.
1538 5203 1587 5256 2.
2175 5211 2180 5216 '

846 5268 937 5337 12)
976 5271 1063 5325 Er
1101 5288 1134 5325 ο
1175 5271 1306 5326 dum
1352 5274 1415 5325 in
1460 5273 1562 5328 hac
1595 5271 1884 5328 scribenda
1918 5273 2240 5328 corneam·
2274 5273 2361 5328 2712·
2375 5287 2403 5326 e
2423 5277 2613 5327 senatu

673 5339 972 5395 redierunt.
1098 5341 1188 5395 ide
1223 5358 1396 5411 supra
1428 5348 1538 5396 not.
1575 5340 1625 5397 8.

2097 417 2616 487 EPIS'POLAE
2668 421 2907 487 101⁸—
2927 421 3087 484 1019

4524 417 4626 480 696

2721 604 3064 684 Sectam,
3132 605 3379 673 Beatus
3439 613 3509 673 et
3578 605 3873 675 miuus.
3975 605 4161 672 Vale.
4272 604 4522 671 Bernae
4576 607 4624 669 3.

2713 692 2876 759 Maii
2929 695 3110 758 1548.

3768 828 3952 893 Tuus
3995 828 4237 893 Petrus
4280 825 4556 892 Viretus.

2885 1014 3251 1101 Resignavi
3294 1024 3361 1081 et
3400 1017 3640 1083 iterum
3680 1015 4040 1100 obsignavi.

3753 1136 3967 1204 Iacob.
4013 1135 4342 1201 Valerius.

3481 1464 3890 1474 w

3597 1733 3794 1805 1⁰16.

3211 1904 3333 1972 ΟΠ
3334 1904 3499 1972 RIO
3544 1904 4179 1974 BULLINGERO.

2891 2075 3226 2143 Certiorem
3279 2096 3421 2143 eum
3471 2076 4642 2161 facitderebusnuperrimeBmae

2714 2163 3071 2243 ὐναηεασὺἰε,
3115 2182 3278 2245 quas
3333 2168 3535 2230 tamen
3580 2163 3792 2229 minus
3846 2169 4134 2231 accurate
4175 2183 4355 2230 nosse
4395 2164 4637 2243 videm,

2714 2250 3021 2332 neyotv'um
3060 2249 3496 2315 ministrorum
3537 2247 3968 2315 Bemmsium
4009 2255 4066 2315 et
4108 2249 4637 2316 Lausanneraeium

2712 2335 2991 2400 nascens.

2714 2504 2826 2572 (Ex
2879 2504 3218 2626 antoqgapho
3260 2504 3478 2558 Archiv
3573 2504 3753 2559 Turio.
3803 2507 3930 2560 olim
3979 2505 4152 2560 Sorin.
4208 2506 4264 2560 O.
4301 2506 4351 2560 Ε
4391 2524 4445 2576 p.
4489 2506 4548 2563 Τ.
4576 2505 4633 2560 Π.

2850 2589 2994 2627 nuuc
3075 2574 3170 2627 lut.
3207 2572 3302 2629 Vl.
3340 2574 3443 2628 vol.
3482 2572 3655 2642 11712,
3691 2592 3742 2645 p.
3779 2573 3898 2628 234.
3938 2605 4002 2615 —
4040 2575 4239 2629 Simler
4276 2575 4365 2629 Vo
4390 2617 4403 2629 .
4437 2573 4544 2641 66.)

2884 2778 3262 2845 Clarissimo
3318 2781 3463 2845 viro
3520 2777 3606 2845 D.
3653 2779 3945 2847 Henrico
4001 2780 4390 2867 Bullingero
4452 2780 4636 2848 eccle·

2710 2865 2846 3018 εἰς
2872 2865 3979 3036 mmmmm
4033 2876 4102 2932 ..
4143 2865 4631 2952 figam...

2711 3208 4636 3228 ——————÷-——-———-

2880 3261 3239 3328 Praeterea
3294 3260 3460 3327 illud
3515 3281 3648 3325 non
3703 3260 3917 3328 dubiis
3971 3262 4231 3330 nunciis
4287 3262 4632 3346 accepimus

2711 3367 2986 3432 magnas
3050 3348 3252 3414 fuisse
3327 3346 3770 3431 superioribus
3847 3347 4076 3415 diebus
4140 3349 4402 3414 Bernae
4477 3354 4631 3412 actas

2708 3432 3075 3520 tragoedias
3119 3433 3201 3498 de
3243 3453 3482 3500 coenae
3525 3433 3798 3520 Domini
3842 3436 4106 3519 negotio
4148 3434 4324 3501 inter
4352 3433 4631 3500 Virum

2708 3520 2999 3603 primum
3043 3527 3113 3584 et
3155 3518 3544 3585 Zebedaeum
3585 3525 3654 3584 et
3707 3519 3869 3584 alios
3954 3519 4256 3587 uosdun:
4313 3520 4499 3585 cuius
4535 3518 4632 3583 illa

2709 3606 2833 3672 fuit
2876 3603 3290 3688 catastrophe
3334 3604 3508 3688 quod
3533 3603 3850 3685 Stdms,
3961 3611 4140 3673 εαύκσ
4172 3615 4238 3672 et
4281 3604 4632 3676 &amadus

2711 3692 2924 3758 solum
2966 3698 3227 3756 vertere
3268 3711 3308 3755 a
3349 3692 3742 3775 magistratu
3777 3700 3934 3758 sunt
3967 3693 4146 3772 iussi,
4191 3692 4261 3757 id
4303 3691 4477 3776 quod
4512 3689 4633 3756 Sul·

2710 3775 3463 3948 w...
3464 3778 4632 3948 mamm..

2714 3949 2851 4016 suis
2886 3949 3177 4016 Bernam
3221 3956 3488 4015 vocatos
3523 3956 3601 4014 ut
3641 3950 4042 4017 sententiam
4085 3951 4502 4036 magistratus
4534 3968 4629 4014 au-

2715 4034 2948 4101 dirent.
3082 4034 3254 4100 ualis
3299 4040 3519 4100 autem
3562 4036 3760 4101 fuerit
3802 4035 4016 4104 adhuc
4060 4038 4313 4122 ignoro.
4381 4037 4486 4101 Ex
4524 4052 4629 4117 quo

2714 4123 2917 4187 etiam
2959 4121 3028 4188 vi
3074 4142 3162 4201 es,
3220 4122 3309 4184 mi
3351 4119 3735 4206 Ballionem,
3793 4142 3899 4186 me
3958 4142 4127 4206 quae
4167 4121 4510 4206 aliquando
4560 4114 4628 4183 ad

2715 4214 2782 4273 te
2826 4206 2907 4273 de
2965 4205 3175 4272 Vir-eto
3218 4206 3347 4273 scri
3426 4207 3607 4285 erim,
3652 4207 3821 4291 quod
3865 4207 4108 4275 Bucero
4152 4206 4627 4293 subscripsisset,

2715 4314 2948 4360 verum
2992 4290 3254 4359 dixisse.
3387 4292 3492 4358 ovi
3537 4292 3714 4358 aliud
3759 4292 3924 4359 nihil
3972 4294 4177 4360 habeo
4214 4332 4295 4341 —-
4342 4333 4424 4358 —.-
4458 4329 4533 4342 -—
4563 4323 4628 4335 -

2721 4417 2799 4426 —
2847 4377 3148 4444 Basileae
3194 4381 3250 4445 6.
3296 4378 3457 4444 Maii
3507 4381 3689 4443 1548.

4006 4518 4191 4583 Tuus
4232 4518 4562 4583 exanimo

4158 4637 4435 4704 Coelius.
