4825 6175
639 450 768 513 255

641 648 745 702 tos
835 633 1170 701 Palatinos
1261 638 1330 697 61
1410 628 1827 696 Coloniensem
1911 626 2489 713 archiepiscopum.
2515 630 2599 705 ¹⁸)

639 721 827 789 Nihil
869 720 1042 804 quod
1085 718 1289 784 sciam
1333 737 1507 781 nune
1550 714 1728 780 aliud
1763 722 1866 780 est
1898 724 2013 781 tua
2046 716 2418 799 cognitione
2455 713 2598 798 dig-

644 829 826 874 num.
916 807 1011 871 Te
1054 804 1349 869 salutant
1391 803 1474 867 D.
1521 800 1828 877 Bucerus,
1874 802 1985 884 qui
2031 802 2104 865 in
2148 799 2438 866 secunda
2492 820 2597 864 re-

640 892 990 978 sponsione
1043 889 1127 955 ad
1171 889 1503 955 Latomum
1558 885 1748 953 valde
1804 894 2157 970 occupatus
2214 898 2341 966 est,
2401 906 2598 969 quam

641 979 824 1047 brevi
862 977 1029 1056 edet,
1062 974 1142 1061 ¹⁴)
1188 973 1522 1053 BreuciaS,
1569 972 1933 1055 Snecphius,
1977 972 2298 1038 Pistoriae
2342 982 2410 1036 et
2444 971 2598 1036 Fro-

642 1065 827 1132 thias.
859 1062 942 1149 ¹⁶)
1031 1062 1134 1126 Τιι
1188 1060 1386 1126 6118111
1438 1080 1583 1124 11166
1639 1059 1904 1123 1161111116
1951 1057 2286 1137 salutabis,
2332 1077 2595 1140 quaeso,

641 1171 869 1217 omnes
907 1147 1216 1215 eeclesiae
1259 1152 1520 1211 vestrae
1563 1144 1918 1224 ministros,
1982 1151 2049 1209 et
2090 1143 2342 1210 vicinos
2386 1164 2461 1209 ao
2501 1143 2597 1206 fa-

642 1236 954 1314 miliares,
1000 1233 1113 1299 sed
1156 1231 1458 1314 inprimis
1500 1230 1861 1296 Gallasium
1893 1237 2211 1307 nostrum,
2260 1228 2597 1295 Maldona-

644 1327 778 1388 tum
821 1329 889 1385 et
935 1319 999 1384 S.
1023 1319 1367 1395 Andream,
1413 1337 1686 1381 uxorem
1724 1323 1906 1380 tuam
1951 1324 2019 1380 et
2064 1316 2343 1381 illorum.
2411 1315 2598 1379 Bene

643 1408 818 1481 vale,
864 1405 968 1472 vir
1011 1404 1386 1482 clarissime,
1430 1403 1504 1466 in
1527 1400 1808 1480 Christe,
1856 1422 2047 1484 quem
2082 1422 2312 1485 precor
2346 1408 2424 1464 ut
2458 1400 2598 1464 eius

646 1493 861 1579 gratia
903 1492 992 1556 sit
1032 1498 1350 1575 perpetuo
1394 1496 1642 1564 tecum,
1700 1507 1828 1570 qua
1883 1495 1952 1552 et
2010 1488 2348 1555 ecclesiam
2391 1486 2598 1567 ipsius

645 1576 988 1645 aedificare
1032 1597 1108 1642 86
1151 1595 1570 1659 propugnare
1610 1573 1839 1656 possis.
1915 1573 2318 1641 Ratisbonae
2369 1576 2464 1636 19.
2490 1571 2598 1636 Ia-

645 1664 863 1730 nuarii
912 1665 1094 1727 1546.

820 1750 913 1814 Τ6
957 1745 1427 1814 officiosissime
1471 1744 1713 1810 salutat
1738 1744 2051 1811 Claudius
2079 1747 2159 1822 ιθ)
2199 1753 2439 1822 1168161,
2485 1742 2600 1825 (1111

647 1857 779 1901 non
825 1834 1052 1901 scribit
1094 1831 1266 1915 quod
1318 1832 1460 1913 ipso
1514 1830 1716 1895 inscio
1769 1830 1876 1896 hie
1933 1831 2382 1912 proficiscatur
2435 1850 2601 1893 nun-

646 1921 788 1988 cius
830 1918 914 1985 ad
960 1918 1445 2003 Lamqraviwm,
1503 1924 1700 1999 atque
1754 1917 1846 1981 ita
1890 1916 2010 1980 has
2052 1914 2260 1981 obiter
2316 1914 2599 1980 scribere

647 2015 908 2074 coactus
952 2027 1115 2070 sum.

1467 2138 1615 2204 Tibi
1657 2160 1739 2204 ex
1785 2137 2004 2203 animo
2047 2136 2493 2204 deditissimus

1774 2223 1827 2290 I.
1876 2223 2166 2289 Diazius.

823 2398 1292 2465 Gratissimum
1351 2396 1476 2460 erit
1538 2395 1597 2459 si
1662 2392 1743 2459 de
1805 2402 1983 2460 statu

646 2507 870 2553 rerum
915 2493 1284 2551 vestrarum
1344 2488 1414 2546 et
1467 2480 1547 2545 (16
1587 2479 1811 2546 Gallia
1863 2478 1983 2545 ali-

648 2571 805 2657 quid
868 2571 1027 2636 novi
1094 2569 1462 2651 scripseris,
1542 2587 1662 2631 nec
1725 2586 1858 2630 non
1927 2567 2009 2631 si-

693 2655 806 2723 nid
849 2656 1104 2721 habetis
1146 2654 1226 2718 de
1262 2652 1647 2719 Tridentino
1690 2651 1980 2717 concilio.

650 2679 846 2825 Quod
890 2744 947 2807 si
989 2762 1109 2825 per
1145 2749 1292 2804 tuas
1326 2737 1748 2823 gravissimas
1793 2756 1982 2803 occu-

695 2829 943 2893 ationes
978 2828 1197 2891 minus
1235 2823 1510 2899 licuerit,
1548 2822 1729 2888 vices
1764 2822 1982 2889 trades

754 2915 842 2979 tri
885 2920 954 2979 et
993 2912 1202 2977 amico
1245 2910 1580 2977 carissimo
1631 2908 1938 2975 Gallasio.

1415 3171 1824 3180 ———

1549 3355 1701 3425 752.

1132 3506 1603 3577 GALVOEUS
1647 3508 2108 3576 FARELLO.

821 3682 1027 3749 Mittit
1068 3683 1128 3748 ei
1181 3681 1395 3746 literas
1449 3681 1536 3747 ad
1578 3680 1901 3746 Bucerum
1955 3701 2138 3762 quem
2187 3687 2385 3747 monet
2436 3702 2512 3748 ne
2556 3704 2600 3747 a

654 3770 864 3836 Gallis
897 3768 1139 3833 irretiri
1170 3787 1240 3830 se
1266 3768 1576 3849 patiatur.
1651 3767 1819 3831 Tum
1849 3769 1991 3849 fuse
2023 3774 2251 3833 narrat
2288 3769 2599 3852 neyotsium

646 3855 812 3939 quod
853 3875 993 3920 cum
1035 3853 1462 3935 Anabaptista
1505 3853 1774 3935 quodam
1815 3851 2049 3917 habuit.
2143 3853 2460 3919 Postremo
2492 3876 2602 3936 pe-

646 3942 721 4007 tit
761 3945 831 4006 at
872 3963 915 4007 a
959 3939 1232 4006 Tossano
1262 3938 1517 4021 pridem
1557 3940 1829 4021 scriptas
1870 3939 2164 4020 epistolas
2203 3942 2602 4007 remittendas

644 4031 835 4093 curet.
1382 4037 1390 4046 ‘

826 4261 913 4327 13)
950 4261 1244 4316 Palatinus
1291 4261 1481 4316 elector
1539 4262 1594 4316 d.
1647 4260 1696 4315 3.
1743 4263 2011 4317 Ianuarii
2064 4269 2234 4319 missa
2281 4267 2600 4333 permanica

646 4333 901 4387 instituta
955 4331 1390 4397 reformationem
1447 4345 1639 4385 revera
1694 4331 2045 4385 inchoaverat
2058 4372 2072 4398 ‚
2144 4334 2240 4387 sed
2301 4336 2362 4388 in
2415 4336 2595 4400 foede·

645 4402 732 4456 ris
765 4402 1066 4454 societatem
1101 4399 1275 4466 recipi
1305 4399 1495 4464 noluit,
1606 4401 1780 4453 amois
1812 4407 1998 4455 exorto
2022 4401 2154 4456 bello
2188 4402 2318 4458 duci
2355 4402 2595 4458 Wirtem·

645 4470 865 4536 bcryico
899 4467 1169 4522 auxilinm
1203 4469 1427 4535 miserit,
1462 4474 1513 4522 ct
1691 4469 1934 4536 florenos
1969 4471 2249 4525 solvendos
2283 4472 2449 4526 sociis
2480 4473 2595 4541 pol-

643 4539 828 4593 licitus
858 4537 1043 4603 fuerit.
1119 4535 1483 4589 Coloniensem
1517 4552 1644 4591 vero
1667 4537 1947 4603 foederati
1990 4545 2044 4593 ct
2075 4540 2255 4594 verb-is
2288 4547 2341 4595 et
2373 4543 2597 4609 scriptis

643 4624 758 4661 non
790 4620 917 4659 vero
946 4606 1116 4670 factis
1149 4602 1496 4659 adiuverunt.

819 4672 908 4740 14)
945 4674 1143 4727 Buceri
1177 4673 1246 4725 (16
1282 4690 1413 4726 vera
1447 4681 1504 4728 et
1539 4673 1675 4727 falsa
1707 4690 1908 4728 coenae
1943 4674 2084 4729 dom.
2121 4677 2593 4732 administratione

645 4743 701 4797 n.
751 4742 823 4795 ΙΙ.
910 4743 1098 4794 Altera
1144 4742 1266 4794 adv.
1315 4743 1378 4795 B.
1425 4743 1711 4796 Latomum
1759 4759 1848 4797 res
1887 4745 2057 4798 onsio.
2138 4746 2439 4815 Neuburgii
2485 4748 2591 4800 Da-

647 4811 800 4866 nubii
848 4809 899 4863 6.
950 4811 1087 4879 Apr.
1134 4808 1283 4863 1546.
1366 4810 1719 4881 Praefationi
1774 4760 2098 4881 augear-apsa
2144 4814 2199 4868 d.
2253 4815 2335 4868 13.
2391 4815 2599 4870 Martii

647 4879 1006 4947 Ramponae.
1083 4876 1234 4945 Opus
1266 4879 1632 4933 excudendum
1672 4880 1913 4935 Diazius
1943 4885 2060 4949 ipse
2093 4885 2323 4939 curavit.
2394 4885 2593 4939 Barth.

648 4948 916 5003 Latonius
949 4948 1076 5001 olim
1183 4950 1255 5013 of.
1295 4947 1714 5016 Fnburyensis,
1761 4966 1909 5005 nunc
1954 4952 2170 5005 electori
2211 4951 2525 5008 Trevirensi
2556 4971 2594 5007 a

645 5017 889 5072 consiliis
924 5022 974 5069 et
1008 5031 1081 5068 au
1123 5018 1231 5069 itor
1274 5018 1338 5070 in
1372 5018 1664 5087 colloquiO,
1713 5025 1874 5073 autor
1920 5027 2038 5073 erat
2084 5023 2348 5075 carminis
2391 5023 2596 5077 heroici

645 5086 713 5140 de
747 5084 900 5140 clade
938 5082 1206 5153 Sickinyii
1249 5091 1296 5138 ct
1344 5089 1844 5140 commentariorum
1890 5089 1953 5140 in
1992 5089 2311 5144 Ciceronem.
2386 5091 2593 5146 Contra

647 5156 919 5209 Bucen-um
954 5154 1251 5221 scripserat
1283 5153 1351 5208 de
1372 5153 1772 5223 dispensatione
1796 5156 2167 5225 eucharistiae,
2203 5161 2328 5215 item
2362 5159 2432 5214 de
2467 5177 2593 5215 con·

644 5222 929 5278 troversiia
1002 5222 1283 5275 uibnsdam
1320 5222 1388 5274 ad
1422 5224 1736 5291 religionem
1764 5226 2180 5293 pertinentibus.

825 5290 915 5355 15)
1098 5292 1283 5357 epfius,
1322 5292 1605 5348 Freehtus.

822 5359 908 5428 16)
951 5359 1281 5420 Semo-deus.

2187 438 2715 508 EPISTOLAE
2758 446 2795 504 7
2802 445 2838 505 5
2849 446 3008 506 1—7
3016 446 3096 506 53

4520 442 4614 505 256

2703 627 2891 695 (Manu
2926 630 3133 699 scripta
3166 644 3274 682 non
3310 633 3504 682 exstat.
3574 628 3765 683 Edidit
3809 629 3957 682 Beza
4004 627 4139 682 Gen.
4174 645 4230 698 p.
4266 626 4352 692 61,
4400 626 4548 681 Laus.
4576 646 4615 698 p.

2703 695 2820 762 127,
2858 697 3069 752 Hanov.
3107 715 3159 766 p.
3197 696 3313 763 143,
3351 697 3562 751 Ohouet
3595 715 3649 768 p.
3685 696 3771 763 81,
3810 699 4080 752 Amsterd.
4116 714 4170 767 p.
4206 695 4295 751 37.
4348 696 4457 751 Sed
4490 696 4616 750 Laus.

2702 771 2759 819 et
2792 766 3004 821 Hanov.
3039 783 3141 836 per
3174 768 3367 820 vitium
3405 783 3437 820 6
3479 783 3693 821 orarum
3739 767 3810 819 ad
3854 784 3902 819 a.
3940 764 4076 820 1536
4112 766 4374 820 referunt.
4447 764 4616 820 Gallice

3213 836 3415 904 legitur
3447 853 3506 889 111
3541 837 3670 890 6(111.
3705 836 3889 890 Β6161.
3925 853 3978 906 p.
4013 834 4124 902 82.)

2871 970 3202 1052 Quoniam
3245 970 3513 1040 Claudio
3555 982 3780 1038 nostro
3805 973 3855 1056 ¹)
3897 971 4226 1049 mandavi,
4273 980 4349 1035 ut
4382 970 4498 1036 tibi
4535 990 4618 1036 eo·

2698 1057 2880 1140 piose
2923 1059 3143 1123 omnia
3177 1067 3465 1141 exponat
3499 1058 3580 1122 de
3621 1060 3857 1142 quibus
3892 1079 4010 1141 per
4045 1057 4246 1122 alium
4281 1057 4622 1139 scripturus

2699 1164 2939 1223 essem,
3000 1164 3136 1208 non
3193 1155 3343 1209 utar
3397 1144 3690 1229 longiore
3744 1144 4034 1227 epistola.
4135 1141 4212 1208 Si
4266 1143 4384 1207 tibi
4441 1143 4623 1225 prima

2699 1229 2914 1312 specie
2958 1228 3325 1314 displicebit
3361 1250 3581 1295 meum
3626 1230 3694 1295 in
3738 1230 3881 1313 ipso
3925 1227 4245 1294 mittendo
4288 1227 4624 1307 eonsilium,

2700 1313 2860 1380 scito
2904 1336 3011 1380 me
3054 1315 3176 1382 hac
3220 1317 3469 1380 ratione
3509 1316 3863 1382 adductum
3901 1336 4042 1380 esse
4077 1312 4248 1398 quod
4284 1335 4488 1398 quum
4521 1314 4624 1380 sci·

2701 1421 2861 1479 rem,
2909 1410 3024 1466 aut
3079 1400 3313 1467 saltem
3368 1400 3767 1484 suspicarer,
3829 1421 3940 1466 eos
3998 1420 4038 1464 a
4094 1400 4330 1483 quibus
4382 1408 4626 1484 rogatus

2699 1486 2796 1551 fui
2840 1486 2964 1552 hoc
2999 1487 3282 1552 facturos
3327 1488 3453 1552 nisi
3508 1509 3735 1552 eorum
3788 1486 4117 1553 voluntati
4170 1507 4423 1551 morem
4466 1506 4625 1569 gere·

2699 1592 2861 1651 rem,
2908 1582 3321 1637 antevertere
3377 1573 3600 1638 malui.
3693 1571 3770 1639 Si
3813 1583 3961 1638 tuas
4017 1571 4100 1638 ad
4145 1570 4463 1637 Buoemm
4502 1570 4628 1635 lite·

2699 1679 2809 1723 ras
2854 1660 3015 1722 meis
3051 1657 3405 1742 adiungere
3439 1658 3774 1742 placuerit,
3817 1658 4019 1724 facies
4051 1679 4195 1723 rem
4229 1677 4378 1722 meo
4412 1654 4628 1721 iudicio

2700 1764 3015 1827 perquam
3070 1743 3314 1809 utilem.
3418 1745 3711 1810 Tametsi
3765 1745 3945 1810 enim
4002 1764 4387 1826 responsum
4442 1762 4632 1824 neque

2702 1830 2784 1895 ab
2824 1829 2939 1895 illo
2995 1851 3205 1912 neque
3259 1832 3341 1897 ab
3399 1831 3545 1896 aliis
3588 1852 3778 1914 spero
3823 1830 4012 1914 quale
4056 1827 4421 1913 optandum
4467 1829 4631 1902 foret,

2702 1913 2920 1980 danda
2961 1924 3062 1980 est
3105 1924 3327 1981 tamen
3384 1937 3613 2000 opera,
3672 1927 3747 1980 ut
3796 1917 3970 1982 inter
4024 1936 4142 1981 nos
4196 1936 4396 1998 quam
4457 1913 4633 1977 mini-

2702 2022 2884 2065 mum
2928 1999 3351 2068 dissensionis
3406 2012 3731 2085 appareat.
3818 2003 3966 2086 Ego
4019 2001 4145 2066 hac
4201 2021 4432 2079 681188,
4489 2018 4634 2082 (1116·

2700 2087 2921 2152 minus
2964 2088 3174 2171 magis
3218 2089 3536 2166 insistam,
3580 2088 3920 2171 impedior,
3978 2108 4064 2151 ne
4104 2107 4345 2170 urgere
4388 2093 4458 2150 et
4499 2104 4634 2168 pro·

2700 2172 3049 2254 pemodum
3095 2173 3261 2238 velle
3304 2193 3536 2257 cogere
3576 2173 3836 2252 videar,
3892 2181 3968 2238 ut
4025 2172 4190 2237 mihi
4233 2171 4633 2237 assentiatur.

2701 2256 2848 2323 Tibi
2892 2257 3015 2322 hae
3059 2259 3128 2323 in
3172 2266 3361 2342 parte
3403 2259 3610 2324 maior
3654 2258 3780 2324 erit
3820 2258 4106 2325 libertas.

2873 2342 3052 2424 Quid
3086 2345 3442 2409 moliantur
3475 2345 3545 2409 in
3568 2343 3792 2410 Gallia
3812 2343 4067 2410 Christi
4109 2342 4353 2421 hostes,
4390 2350 4461 2408 et
4494 2363 4640 2425 qua-

2698 2429 2850 2495 liter
2893 2430 3141 2513 primas
3180 2451 3409 2495 eorum
3450 2429 3725 2496 insidias
3761 2429 4142 2497 discusserit
4161 2428 4508 2509 Dominus,
4548 2428 4637 2492 in·

2698 2514 2958 2599 telliges
3000 2538 3082 2581 ex
3111 2515 3365 2581 Roberti
3380 2516 3437 2596 ²)
3472 2515 3699 2595 literis,
3743 2516 3980 2599 quibus
4025 2515 4306 2597 acceptis
4349 2515 4641 2597 protinus

2699 2600 2782 2665 ad
2804 2600 3125 2667 Bucerum
3169 2601 3421 2685 scripsi,
3461 2608 3526 2666 et
3569 2613 3814 2684 quanta
3856 2602 4040 2685 potui
4083 2599 4508 2667 vehementia
4540 2599 4641 2665 ob-

2699 2695 2977 2752 testatus
3021 2710 3165 2753 sum
3224 2696 3299 2752 ut
3353 2709 3435 2752 ne
3488 2687 3641 2754 ullis
3698 2708 3769 2753 se
3810 2686 4133 2753 illecebris
4176 2686 4424 2750 irretiri
4470 2693 4644 2770 pate-

2699 2783 2900 2837 retur.
2922 2774 2977 2857 ⁸)
3065 2773 3284 2839 Huius
3341 2796 3517 2840 nunc
3572 2795 3823 2857 quoque
3882 2773 4255 2855 Philippum
4309 2771 4643 2848 admoneo,

2699 2880 2774 2925 86
2817 2858 2916 2923 1111
2956 2860 3030 2923 111
3070 2858 3457 2925 memoriam
3500 2879 3751 2938 revoco,
3795 2859 4077 2942 qualiter
4118 2857 4374 2940 pridem
4420 2880 4464 2923 a
4487 2857 4646 2923 Lan·

2692 2965 2847 3028 9aeo
2889 2944 3211 3011 similibus
3268 2945 3525 3011 technis
3578 2946 3667 3011 sit
3722 2954 4030 3011 tentatus.
4049 2947 4110 3019 ⁴)
4199 2942 4372 3009 Vide
4430 2952 4646 3008 tamen

2698 3038 2772 3096 ut
2815 3030 3037 3096 omnia
3086 3032 3256 3098 clam
3305 3053 3654 3115 suppressa
3709 3028 4079 3098 contineas:
4152 3028 4281 3096 scis
4333 3029 4521 3096 enim
4584 3036 4650 3093 ut

2697 3137 3119 3201 quaecunque
3176 3116 3431 3183 duobus
3486 3118 3782 3184 tribusve
3837 3116 4084 3183 dixeris
4099 3167 4115 3195 ,
4173 3116 4402 3182 statim
4458 3114 4649 3180 latius

2697 3210 2984 3269 manent.

2869 3287 2996 3353 His
3040 3288 3269 3357 diebus
3306 3311 3506 3373 quum
3541 3289 3977 3372 Anabaptista
4011 3285 4279 3370 quidam
4294 3287 4352 3366 ⁵)
4396 3285 4651 3351 libellos

2696 3375 2847 3440 illos
2888 3375 3146 3458 ineptos
3188 3376 3406 3458 palam
3443 3397 3687 3442 venum
3720 3374 4145 3459 exposuisset,
4188 3393 4336 3438 meo
4363 3371 4652 3456 impulsu

2700 3469 2929 3545 captus
2970 3461 3114 3527 fuit.
3182 3463 3515 3544 Expertus
3550 3483 3620 3527 68
3663 3461 3856 3544 (111816
3899 3459 3987 3525 811
4030 3459 4376 3534 hominum
4421 3477 4649 3543 genus.

2700 3548 2845 3631 Ego
2903 3567 3059 3612 vero
3125 3555 3262 3612 tam
3324 3546 3668 3612 barbaram
3725 3547 4132 3612 atrocitatem
4196 3544 4527 3610 hactenus
4586 3544 4649 3606 in

2699 3633 2884 3697 nullo
2927 3632 3244 3699 videram.
3330 3632 3555 3714 Quum
3607 3654 3728 3716 ego
3782 3631 4163 3697 humaniter
4217 3651 4339 3714 pro
4382 3630 4433 3694 li

2700 3739 2887 3784 meae
2931 3739 3112 3784 more
3147 3740 3299 3783 eum
3341 3718 3799 3801 compellarem
3816 3768 3833 3797 ,
3892 3737 4230 3798 nunquam
4273 3715 4475 3781 aliter
4519 3713 4654 3797 dig-

2701 3813 2898 3870 natus
2941 3814 3043 3870 est
3084 3826 3339 3870 mecum
3383 3803 3580 3887 loqui,
3625 3825 3819 3886 quam
3865 3804 3922 3867 si
3965 3823 4117 3868 cum
4159 3821 4322 3867 cane
4366 3801 4502 3867 sibi
4546 3819 4653 3864 ne-

2702 3891 2954 3975 gotium
2991 3891 3239 3956 fuisset.
3309 3888 3534 3970 Quum
3567 3887 3979 3955 introductus
4014 3888 4246 3954 fuisset
4277 3887 4353 3952 in
4379 3887 4651 3959 curiam,

2703 3976 2915 4041 voluit
2955 3978 3166 4058 primo
3209 3975 3480 4059 syndico
3521 3975 3835 4041 assidere:
3880 3974 4036 4039 inde
4075 3973 4397 4056 repulsus,
4461 3981 4656 4054 eaput

2701 4063 3047 4144 oculosque
3089 4062 3468 4145 torquendo,
3512 4060 3962 4144 propheticam
3998 4061 4406 4125 maiestatem
4454 4059 4654 4123 simu-

2701 4148 2864 4226 lans,
2912 4147 3123 4211 tribus
3147 4147 3365 4212 verbis
3395 4148 3478 4212 ad
3521 4154 3753 4229 rogata
3795 4144 4251 4229 respondebat,
4298 4145 4354 4210 si
4397 4143 4653 4216 liberet,

2701 4236 2958 4317 saepius
3001 4233 3276 4299 tacebat.
3365 4233 3627 4298 Dehinc
3682 4230 3872 4296 nobis
3925 4241 4229 4296 exortum
4270 4238 4375 4295 est
4421 4230 4512 4295 (16
4563 4228 4654 4292 iu-

2698 4318 3051 4384 reiurando
3094 4329 3445 4384 certamen.
3535 4317 3760 4399 Quum
3811 4337 4114 4402 rogarem
4166 4315 4499 4399 numquid
4552 4313 4655 4378 lex

2697 4404 2969 4469 Domini
3012 4405 3189 4469 viam
3232 4406 3411 4470 vitae
3465 4426 3581 4469 nos
3625 4401 3903 4483 doceret,
3949 4403 4210 4468 axioma
4250 4401 4422 4467 illud
4470 4419 4654 4466 exse-

2699 4490 2937 4555 crabile
2984 4491 3287 4573 protulit:
3344 4489 3656 4555 abolitum
3711 4510 3855 4555 esse
3910 4498 4101 4555 vetus
4154 4494 4649 4553 testamentum.

2717 4747 2859 4804 ¹752.
2896 4748 2956 4814 1)
2995 4747 3206 4802 Farelli
3237 4746 3423 4813 fratri.

2899 4815 2959 4885 2)
2997 4816 3087 4869 De
3119 4832 3224 4885 quo
3257 4814 3382 4868 vide
3418 4813 3493 4866 N.
3531 4810 3650 4867 728.
3686 4811 3803 4866 731.

2900 4885 2934 4937 3
2995 4884 3107 4939 sca.
3142 4891 3202 4938 at
3236 4883 3482 4950 videtur,
3529 4889 3591 4936 ut
3635 4883 3938 4936 ministerio
3982 4880 4184 4937 alieubi
4210 4878 4543 4949 funqerctur
4576 4875 4652 4930 cel

2694 4960 2834 5011 certe
2979 4962 3188 5020 tempus
3220 4953 3302 5006 ibi
3330 4959 3769 5007 commoraretur.

2900 5022 2960 5091 4)
3003 5022 3084 5088 Cf.
3125 5022 3199 5075 N.
3236 5019 3356 5086 606,
3389 5025 3501 5074 not.
3534 5019 3619 5073 29.

2902 5090 2965 5158 5)
3002 5091 3216 5145 Nomen
3248 5091 3368 5144 eius
3400 5089 3557 5143 Belot
3601 5088 3952 5156 suppeditant
3997 5094 4218 5142 senatus
4273 5082 4653 5142 commentarii

2698 5160 2774 5213 ad
2808 5159 2893 5212 12.
2933 5160 3060 5213 Ian.
3097 5159 3299 5227 (Roget
3330 5174 3385 5226 p.
3423 5156 3525 5210 169
3560 5158 3658 5227 sq.)
3720 5157 4020 5211 Tor-mentis
4063 5159 4124 5208 in
4170 5171 4286 5208 eum
4320 5154 4648 5228 inqm’situm

2694 5229 2823 5296 fait.
2898 5228 3098 5283 Libelli
3126 5229 3223 5282 isti
3256 5243 3483 5297 quorum
3527 5227 3615 5280 hic
3659 5228 3857 5279 naentio
3900 5227 3964 5292 fit
4003 5226 4147 5290 forte
4189 5225 4238 5276 ii
4276 5224 4517 5289 fuerunt
4557 5237 4645 5290 qai

2699 5315 2751 5351 a.
2800 5295 2939 5351 1544
2986 5296 3250 5351 Neocomi
3295 5296 3553 5364 impressi
3604 5295 3823 5348 Farcllo
3881 5307 4149 5362 aequuum
4200 5291 4556 5356 facessebant
4600 5296 4644 5342 et

2696 5365 2927 5422 Calvino
2959 5370 3291 5422 occasionem
3322 5365 3589 5420 dederunt
3622 5379 3751 5419 suos
3785 5369 3976 5419 contra
4009 5363 4131 5417 illos
4164 5359 4461 5417 scrutandi.
