4825 6175
210 436 314 502 3⁷3

206 641 329 690 esse
381 621 451 686 in
508 621 813 689 manibus
862 622 1134 691 Ioannis
1197 623 1474 691 Girardi
1526 624 1892 707 praestabit
1947 632 2133 691 ante-

203 727 376 793 quam
417 706 738 778 excudere
779 708 1081 794 incipiat,
1125 717 1202 776 ut
1256 729 1377 795 pro
1432 708 1886 795 magnitudine
1941 708 2133 777 char-

201 804 320 861 tam
375 793 589 879 eligat.
692 794 1085 878 Quanquam
1147 795 1314 861 duos
1370 796 1760 880 posteriores
1815 802 2134 862 tractatus

204 880 416 948 breves
471 879 608 945 fore
662 881 982 948 existimo.
1008 886 1058 958 ι)
1155 882 1522 966 Epistolam
1578 881 2133 966 nuncupatoriam

201 966 355 1032 malo
395 967 533 1049 ipse
568 974 683 1031 tuo
718 965 1038 1033 arbitratu
1081 987 1449 1051 componas.
1516 965 1598 1034 Si
1628 966 1785 1051 quid
1820 969 1892 1033 in
1927 967 2134 1033 forma

200 1059 259 1117 et
294 1050 500 1117 titulis
544 1062 880 1135 peccatum
922 1054 1124 1119 fuerit
1166 1073 1296 1119 non
1336 1072 1579 1138 magno
1625 1054 1884 1139 negotio
1927 1053 2135 1118 corri-

201 1141 389 1223 getur.
480 1136 775 1205 Macrim
789 1141 848 1214 ⁵²)
894 1138 1225 1205 Dominus
1261 1138 1530 1204 filiolam
1573 1138 1842 1205 abstulit
1885 1160 1969 1205 ex
2004 1158 2134 1222 quo

200 1223 484 1291 discessit
526 1233 860 1310 cognatus.
949 1225 1181 1309 Itaque
1229 1233 1604 1292 nostrorum
1662 1225 1975 1292 conviciis
2018 1246 2133 1290 ex-

201 1316 434 1376 tractus
476 1310 603 1375 fuit
642 1312 716 1375 in
760 1329 993 1397 agrum
1011 1363 1026 1391 ,
1085 1312 1346 1395 quando
1406 1309 1707 1394 precibus
1764 1310 1955 1377 educi
1998 1330 2134 1376 non

195 1402 454 1477 poterat.
545 1397 869 1463 Amanter
927 1404 997 1463 et
1052 1397 1326 1463 honeste
1369 1401 1710 1468 tractatur.
1800 1397 2134 1462 Iacturam

202 1499 425 1566 magno
467 1482 690 1548 animo
735 1484 890 1561 fert,
951 1484 1043 1548 ita
1096 1487 1176 1548 ut
1218 1483 1514 1551 vulneris
1557 1489 1781 1549 tamen
1825 1483 2136 1549 acerbita-

200 1574 320 1632 tem
384 1568 643 1634 sentiat.
749 1567 915 1635 Vale
1019 1568 1229 1635 {mter
1292 1577 1359 1636 et
1421 1567 1629 1635 amice
1693 1569 2133 1653 integerrime.

195 1651 371 1720 Uxor
411 1674 559 1720 mea
601 1653 723 1720 tibi
765 1620 1115 1739 plurimam
1161 1654 1440 1721 salutem
1487 1655 1660 1722 dicit.
1730 1653 1969 1721 Saluta
2001 1654 2136 1720 fra-

199 1748 318 1805 tres
363 1760 508 1806 meo
552 1742 832 1807 nomine.
922 1741 1242 1808 Genevae
1289 1744 1387 1807 23.
1435 1749 1605 1826 Aug.
1659 1743 1840 1806 1546.

1106 1878 1393 1943 Ioannes
1436 1876 1756 1945 Calvinus
1800 1885 1970 1947 tuus.

955 2173 1364 2184 ———-——--——--—-

1090 2391 1237 2462 821.

719 2545 1191 2616 CALVINUS
1235 2546 1606 2616 VIRETO.

352 2720 826 2788 Amanuensem
868 2721 1182 2803 quendam
1223 2720 1282 2786 ei
1323 2721 1716 2786 commendat.

217 2892 299 2946 Ex
333 2892 680 2962 autographo
717 2891 844 2946 Cod.
866 2889 1071 2946 Genev.
1095 2889 1208 2958 106,
1244 2891 1336 2946 fol.
1377 2888 1492 2943 172.
1551 2890 1795 2955 Quatuor
1830 2905 1934 2958 apo
1974 2907 2034 2943 ra
2071 2889 2145 2942 ha

193 2892 319 3015 locis
365 2961 586 3031 saepius
636 2961 870 3014 laudatis
907 2960 1037 3014 Cod.
1076 2959 1170 3013 111
1190 2971 1243 3026 α,
1293 2960 1397 3040 fol..
1433 2957 1484 3024 8,
1536 2957 1666 3013 Ood.
1717 2958 1836 3025 111,
1882 2907 1977 3014 sol.
2024 2906 2141 3023 fu,

617 3030 783 3083 Bern.
821 3029 948 3083 vn.
989 3027 1107 3082 774.
1179 3029 1400 3082 Simleri
1436 3027 1562 3081 Vol.
1599 3026 1710 3097 61.)

189 3185 453 3249 Eximio
491 3185 760 3250 Domini
803 3186 1008 3251 nostri
1054 3184 1206 3249 Iesu
1251 3184 1504 3249 Christi
1548 3204 1739 3249 servo
1784 3183 1984 3248 Pet-ro
2019 3183 2140 3246 Vi-

189 3281 323 3337 reto
368 3272 870 3337 Lausannensis
914 3271 1226 3369 ecclesiae
1269 3270 1399 3335 fido
1449 3270 1692 3354 pastori
1735 3269 1928 3333 fratri
1973 3269 2139 3334 inte-

1008 3377 1312 3441 gerrimo.

351 3494 424 3561 S.
478 3494 701 3576 Quum
748 3493 1120 3560 admonitus
1168 3514 1378 3559 essem
1433 3493 1514 3558 ab
1559 3492 1810 3557 Ioanne
1860 3491 2140 3557 Girarclo

188 3586 246 3644 te
279 3580 621 3646 hominem
656 3589 878 3663 petere
916 3590 982 3644 et
1008 3586 1055 3655 ¹)
1095 3579 1212 3644 tibi
1247 3591 1315 3645 et
1347 3580 1648 3644 minister
1685 3588 1750 3642 et
1786 3599 2138 3642 amanuen-

187 3666 272 3730 sis
313 3665 512 3744 foret,
557 3668 733 3731 hunc
778 3666 860 3731 ad
897 3674 960 3731 te
997 3664 1392 3731 mittendum
1428 3666 1670 3743 censui,
1717 3663 1871 3747 quia
1913 3673 1980 3728 et
2009 3663 2138 3728 cle-

184 3752 570 3833 gantissime
610 3751 837 3817 scribit
880 3759 946 3817 et
973 3751 1137 3817 mihi
1175 3751 1357 3818 visus
1401 3760 1502 3816 est
1543 3750 1834 3816 moribus
1878 3769 2138 3832 compo-

187 3836 337 3904 sitis.
430 3835 694 3904 Poteris
739 3836 983 3921 aliquot
1026 3836 1255 3903 diebus
1311 3838 1524 3902 facere
1568 3834 1933 3920 periculum
1977 3856 2137 3902 num

188 3921 299 3989 tibi
353 3924 445 3991 sit
502 3920 792 3988 idoneus.
890 3923 1036 4010 Ego
1093 3921 1222 3991 nisi
1287 3921 1357 3988 id
1415 3942 1746 4005 sperarem
1798 3929 1984 3987 autor
2039 3920 2139 3987 illi

185 4030 524 4094 nunquam
581 4009 853 4075 fuissem
919 4009 1002 4076 ad
1062 4018 1124 4075 te
1177 4006 1648 4093 proficiscendi.
1754 4004 1891 4073 Sed
1948 4015 2136 4073 tuum

184 4094 300 4159 erit
341 4095 656 4163 iudicare.
745 4095 934 4161 Vale.
1025 4102 1126 4160 24.
1169 4097 1338 4180 Aug.
1391 4098 1571 4161 1546.

1106 4229 1389 4298 Ioannes
1433 4228 1752 4296 Calvinus
1795 4235 1969 4295 tuus.

207 4521 348 4579 820.
391 4524 452 4591 1)
491 4541 542 4578 v.
578 4521 656 4579 N.
693 4520 811 4591 816,
848 4527 959 4577 noi.
995 4521 1044 4576 3.
1123 4519 1274 4591 Quae
1306 4521 1394 4576 hie
1429 4520 1494 4575 de
1534 4521 1763 4590 epistola
1796 4528 2133 4591 nuncupato·

185 4594 270 4646 n'a
302 4594 478 4663 deque
505 4594 691 4660 forma
726 4598 777 4648 et
822 4588 999 4647 tinais
1034 4590 1193 4658 dicit,
1232 4591 1402 4659 paulo
1446 4590 1733 4646 obscurius
1777 4589 1926 4646 dieta
1971 4604 2136 4660 quam

187 4666 244 4715 ut
273 4676 337 4716 ea
372 4662 675 4731 explanare
709 4676 977 4726 conemur,
1007 4661 1333 4729 praesertim
1377 4675 1546 4728 quum
1589 4676 1657 4713 ne
1703 4658 1770 4714 de
1815 4660 1938 4727 ipso
1975 4675 2135 4729 opere

186 4731 390 4799 quadem
427 4732 587 4786 nobis
623 4731 758 4786 satie
791 4735 1007 4785 constet.

379 4800 444 4865 2)
488 4798 741 4855 Βαιητπι
775 4798 1031 4869 Μαίρνεῑ,
1070 4814 1117 4854 υ.
1157 4796 1233 4852 Ν.
1272 4795 1390 4863 741,
1425 4800 1537 4851 not.
1574 4794 1626 4849 2.

219 4866 350 4923 881.
387 4870 447 4937 1)
486 4871 568 4925 sie
601 4875 813 4939 mcor.
856 4867 1070 4925 caeteri
1101 4881 1285 4923 omnes
1321 4864 1611 4922 emendant
1630 4886 1645 4917 .·
1679 4866 1788 4934 qui.
1874 4865 2138 4923 Fortasse
2239 4888 2246 4892 ·

187 4933 486 5005 hyadum:
523 4945 600 4993 ut.

1889 439 2051 502 1546
2093 435 2489 507 AUGUS'I'.

4061 448 4192 512 374

3141 626 3300 702 828.

2721 780 3223 854 FARELLUS
3269 781 3705 851 CALVINO.

2408 951 2614 1020 Mittit
2656 951 2716 1018 ei
2770 951 3096 1034 epistolam
3142 952 3413 1020 Pei-rino
3467 954 3874 1036 destinatam,
3933 978 4193 1043 eumque

2236 1039 2464 1106 invitat
2499 1038 2586 1105 ad
2617 1038 2985 1121 proximum
3025 1038 3251 1105 elassis
3284 1044 3657 1106 conventum.

2241 1209 2354 1275 (Ex
2397 1208 2735 1279 autographo
2771 1208 3145 1263 Bibliothecae
3194 1214 3472 1280 pastorum
3508 1210 3978 1271 Neocomensium.
4048 1215 4190 1287 Epp.

2816 1277 3019 1332 Farelli
3052 1276 3231 1332 fascio.
3267 1277 3366 1333 111.
3404 1278 3471 1332 N.
3510 1278 3620 1348 17.)

2411 1465 2671 1550 Insigni
2743 1486 2935 1532 servo
3004 1463 3256 1532 Christi
3309 1466 3550 1532 Ioanni
3608 1465 3884 1536 Calvino
3946 1474 4195 1555 pastori

2241 1552 2553 1619 ecclesiae
2594 1551 3009 1620 Genevensis
3054 1551 3426 1619 doctissimo
3471 1563 3539 1617 et
3579 1552 4084 1708 adtgffiluemagio

2413 1771 2487 1840 S.
2568 1772 2823 1839 Viretus
2875 1773 3134 1857 scripsit
3184 1773 3435 1856 priores
3491 1773 3611 1840 tibi
3676 1796 3810 1840 non
3875 1776 4198 1860 placuisse

2239 1859 2498 1940 literas,
2560 1881 2636 1926 ac
2693 1879 2854 1924 sane
2908 1859 3117 1924 multo
3159 1858 3381 1925 minus
3424 1858 3546 1925 tibi
3588 1860 3941 1943 placebunt
3982 1875 4196 1946 poste·

2242 1947 2469 2012 riores.
2558 1944 2732 2010 Nam
2776 1945 2933 2010 satis
2991 1963 3126 2010 non
3171 1952 3558 2027 assequutus
3604 1967 3752 2011 sum
3797 1949 3956 2031 qnid
4001 1950 4205 2017 vellet

2241 2031 2453 2097 literis
2496 2029 2634 2098 suis
2677 2030 2913 2113 quibus
2969 2051 3075 2095 me
3135 2031 3437 2095 hortatus
3492 2040 3591 2097 est
3644 2040 3721 2096 ιιι
3766 2055 3994 2101 rursus
4038 2038 4199 2103 scri·

2243 2115 2484 2182 berem.
2584 2115 2800 2183 Malui
2864 2123 3089 2182 tamen
3146 2123 3400 2181 tentare
3472 2117 3721 2200 aliquid
3774 2139 3972 2202 quam
4029 2122 4200 2187 nihil

2244 2223 2462 2288 agere.
2554 2199 2633 2270 Si
2676 2200 2985 2284 prodesse
3019 2200 3227 2285 possit
3276 2209 3341 2266 et
3398 2207 3470 2266 tu
3529 2203 3625 2268 ita
3680 2202 3960 2286 iudices,
4023 2206 4199 2292 quod

2244 2287 2478 2372 scripsi
2510 2288 2611 2354 fac
2656 2295 2732 2353 ut
2774 2285 3120 2353 reddatur:
3166 2286 3268 2352 sin
3314 2287 3557 2369 minus,
3602 2298 3847 2374 pereat.
3934 2292 4081 2377 Age
4124 2301 4198 2359 ut

2243 2395 2361 2458 pro
2406 2383 2521 2439 tua
2563 2372 2911 2457 prudentia
2951 2373 3230 2439 noveris.
3266 2374 3315 2451 ι)

2418 2458 2689 2525 Lutetia
2744 2459 2962 2543 pergit
3023 2466 3101 2522 ιιι
3153 2479 3529 2524 mensuram
3572 2459 3846 2543 impleat
3887 2461 4201 2547 iniquita·

2244 2544 2351 2611 tis.
2373 2545 2432 2628 ²)
2522 2544 2791 2625 Quanta
2844 2556 2946 2610 est
2998 2543 3373 2609 immanitas
3425 2544 3892 2611 sceleratorum
3933 2548 4009 2613 in
4051 2570 4204 2616 ver-

2244 2630 2405 2697 bum
2453 2637 2519 2696 et
2576 2650 2686 2696 eos
2731 2631 2841 2714 qui
2887 2626 3139 2713 aliquid
3182 2627 3364 2694 verbi
3406 2632 3644 2696 sectari
3684 2630 4060 2712 videantur,
4133 2644 4212 2702 ut

2249 2716 2263 2730 ’
2366 2724 2628 2782 orantes
2703 2735 2957 2798 quoque
3035 2712 3345 2797 perdant!
3459 2716 3807 2800 Rependat
3870 2717 4212 2788 Dominus

2244 2737 2538 2868 &tanae
2604 2809 2671 2867 et
2713 2799 3125 2866 Antichristo
3196 2799 3462 2884 dignam
3521 2802 3883 2869 mercedem
3941 2826 4061 2889 pro
4124 2806 4213 2874 iis

2247 2909 2414 2972 quae
2460 2897 2597 2952 tam
2631 2886 2951 2970 flagitiose
2976 2886 3167 2952 iacit.

2421 2971 2846 3056 Cuperemus,
2885 2971 2943 3038 si
2964 2971 3110 3037 fieri
3135 2978 3374 3054 posset,
3397 2977 3474 3035 ιιι
3497 2970 3602 3038 die
3622 2972 3802 3039 Iovis
3824 2975 4125 3056 proxima
4145 2978 4203 3062 ⁸)

2247 3058 2527 3141 adesses,
2571 3057 2630 3127 si
2673 3056 2828 3141 quid
2868 3059 3010 3124 fieri
3053 3064 3301 3142 posset:
3362 3055 3533 3140 quod
3594 3057 3706 3123 vix
3752 3079 4012 3142 sperare
4144 3083 4205 3129 s-

2247 3168 2427 3222 sum,
2495 3144 2813 3228 siquidem
2866 3144 3149 3229 insignis
3204 3143 3455 3210 Christi
3511 3142 3721 3210 hostis
3779 3167 3854 3211 ac
3912 3083 4206 3228 proditor

2247 3231 2414 3296 nihil
2461 3252 2596 3296 non
2654 3232 2794 3314 agit
2836 3233 3314 3308 veteratone,⁴)
3372 3238 3437 3293 et
3496 3230 3614 3295 vix
3672 3229 3859 3296 video
3920 3230 4205 3315 aliquem

2247 3317 2359 3399 qui
2418 3337 2681 3383 causam
2745 3315 3014 3381 Domini
3078 3317 3174 3382 ita
3232 3323 3470 3379 tractet
3524 3324 3595 3380 ut
3651 3323 3918 3398 oportet.
4027 3317 4206 3399 Quid

2248 3404 2491 3468 faciant
2548 3402 2617 3467 hi
2678 3412 2812 3467 tam
2854 3402 3100 3467 intenti
3145 3401 3584 3483 unusquisque
3630 3422 3854 3465 eorum
3900 3424 4019 3486 pro
4066 3405 4203 3483 riiS,
4268 3434 4273 3445 ¹

2246 3510 2449 3572 quum
2504 3489 2743 3553 fratres
2799 3489 2926 3552 mei
2986 3488 3058 3551 in
3103 3496 3285 3551 tanto
3340 3486 3629 3569 periculo
3676 3489 3889 3553 securi
3937 3490 3999 3553 vi
4052 3511 4207 3556 ean-

2244 3585 2356 3639 tur
2399 3574 2673 3640 haerere
2717 3573 2889 3656 apud
2934 3593 3042 3637 eos
3092 3574 3202 3655 qui
3255 3570 3431 3637 aliud
3480 3593 3672 3654 quam
3721 3573 4013 3657 ipsorum
4057 3597 4208 3659 per-

2243 3661 2484 3726 niciem
2526 3680 2663 3725 non
2706 3666 2950 3743 optant.
3039 3658 3152 3724 Me
3211 3658 3461 3723 frustra
3519 3658 3918 3724 reclamante
3979 3668 4048 3725 et
4098 3661 4206 3726 in-

2244 3754 2516 3812 cusante
2567 3765 2819 3810 moram
2877 3742 3178 3812 existimo
3234 3752 3299 3807 te
3355 3750 3504 3809 tuas
3558 3751 3779 3826 partes
3825 3745 4201 3825 absolvisse,

2243 3840 2309 3896 at
2353 3831 2571 3899 surdis
2615 3830 2927 3896 canimus.

2415 3916 2805 4002 Aegerrime
2861 3914 2980 3980 tuli
3037 3913 3205 3998 quod
3264 3913 3625 3996 acceperim
3685 3921 3751 3977 te
3794 3914 3891 3980 ita
3947 3914 4201 3983 dedisse

2243 4014 2436 4070 notas
2481 4015 2625 4069 tuas
2682 4002 2752 4069 in
2810 4001 3082 4067 alteram
3140 3999 3223 4065 ad
3269 3997 3646 4065 Corinthios
3705 4007 3780 4065 ut
3836 4001 4202 4083 periculum

2241 4090 2329 4154 sit
2373 4110 2459 4155 ne
2503 4088 2834 4172 perierint.
2926 4086 3002 4153 {si
3044 4094 3287 4151 matres
3334 4105 3485 4150 suos
3529 4086 3742 4150 foetus
3788 4094 4023 4151 curant
4064 4109 4198 4154 non

2241 4174 2674 4261 negligenter,
2721 4173 2921 4239 talem
2956 4174 3028 4237 in
3062 4170 3352 4236 Domino
3396 4170 3641 4235 foetum
3688 4169 3967 4237 debebas
4002 4173 4199 4257 paulo

2240 4261 2777 4345 circumspectius
2843 4260 3122 4323 mittere.
3238 4257 3333 4322 At
3407 4277 3595 4339 spero
3670 4256 4037 4324 Dominum
4102 4259 4197 4324 ita

2240 4349 2584 4415 nobiscum
2632 4354 2936 4413 acturum
2978 4351 3056 4408 ιιι
3099 4364 3231 4407 ιιοιι
3276 4342 3603 4425 perierint.
3672 4340 3843 4407 Vale
3887 4365 4035 4409 cum
4082 4352 4196 4410 tua

2244 4435 2537 4519 coniuge.
2628 4431 2903 4498 Utinam
2943 4450 3169 4513 parem
3232 4427 3439 4493 Vireto
3481 4428 3811 4494 Dominus
3856 4427 3982 4495 det.
4070 4429 4195 4496 Sa-

2239 4519 2378 4586 luta
2436 4540 2663 4585 omnes
2702 4516 3037 4602 collegas,
3096 4524 3159 4579 te
3218 4533 3337 4597 per
3380 4514 3741 4579 Dominum
3790 4534 4057 4597 quaese,
4120 4536 4194 4582 ac

2237 4606 2532 4672 omnium
2576 4604 2877 4688 precibus
2923 4622 3042 4668 nos
3083 4596 3480 4666 commenda.
3549 4599 3857 4667 Neocomi
3903 4604 4003 4666 25.
4051 4601 4193 4667 Au·

2237 4691 2419 4776 gusti
2471 4693 2650 4755 1546.
3376 4694 3381 4698 ’

3251 4773 3433 4837 Tuus
3474 4776 3651 4836 totus
3695 4768 4016 4837 Farellus.

2273 4949 2416 5003 822.
2457 4947 2512 5017 1)
2553 4946 2647 5000 Ex
2668 4945 2744 5001 N.
2778 4943 2883 4998 824
2915 4943 3116 5011 efficies
3150 4944 3238 4999 hie
3271 4945 3369 5014 aqi
3401 4942 3468 4996 de
3502 4940 3677 4995 literis
3712 4938 3929 4996 Fanni
3959 4941 4036 4996 ad
4060 4940 4190 4998 Per·

2238 5019 2427 5142 (innan
2462 5018 2687 5138 senagis
2700 5059 2714 5084 ,
2761 5010 3311 5138 quesetg‘vpdqczlivguuz
3342 5010 3676 5134 223ng
3710 5008 3894 5063 redire
3925 5012 4189 5080 cupiebat,

2236 5094 2319 5143 aa
2414 5099 2864 5220 &inflamma
2895 5097 3226 5220 supplic-‘um
3249 5149 3407 5222 Petri
3426 5147 3637 5215 Ghapot
3668 5145 3772 5214 (N.
3793 5144 4058 5229 8·17,·not.
4085 5149 4187 5217 11).

2444 5223 2502 5291 3)
2538 5225 2577 5278 i.
2625 5238 2669 5278 e.
2716 5221 2767 5275 2.
2819 5220 2961 5291 Sept.
3055 5219 3208 5274 Nam
3257 5215 3323 5272 de
3382 5214 3466 5271 26.
3509 5216 3652 5286 Auo.
3707 5220 3938 5285 comtum
3985 5221 4185 5289 nequit.

2246 5292 2369 5365 Qua
2401 5308 2530 5349 vero
2563 5292 2630 5348 de
2662 5305 2848 5358 eausa,
2882 5305 2996 5345 non
3028 5287 3207 5359 liquet.

2440 5361 2503 5429 4)
2536 5362 2654 5417 sic!
2683 5358 3035 5428 (veteratorie
3048 5360 3103 5425 9)

3670 5435 3769 5490 24*
