4825 6175
637 449 764 513 311

637 639 1040 700 tractaretur
1094 631 1176 697 de
1230 631 1312 697 iis
1368 652 1537 716 quae
1576 631 1826 698 faciunt
1880 631 1964 697 ad
2007 630 2260 700 Christi
2314 630 2595 717 gloriam

637 728 710 784 et
751 718 1061 785 ecclesiae
1116 718 1650 789 aedificationem.
1739 717 1930 800 Quae
1989 716 2137 783 ideo
2190 716 2275 783 ad
2330 726 2398 782 te
2460 717 2594 781 iam

637 805 871 889 scripsi
915 814 984 868 et
1025 805 1266 869 iterum
1315 804 1552 882 scribo,
1612 813 1689 869 ut
1744 804 1918 887 apud
1970 811 2038 869 te
2081 802 2416 881 deliberes,
2460 803 2595 867 imo

637 901 716 956 ιιι
756 900 820 956 te
863 910 1142 973 appares
1183 899 1259 955 ut
1296 910 1449 956 oum
1509 890 1715 956 Vireto
1756 899 1824 955 et
1865 889 2299 971 Chri-stqohoro
2339 889 2593 969 venias,

637 983 710 1041 et
750 976 818 1041 id
861 977 958 1040 ita
990 977 1111 1041 fiat
1142 983 1223 1040 ut
1256 974 1361 1040 die
1382 976 1700 1042 Mercurii
1743 977 1911 1041 actio
1954 975 2181 1059 perfici
2224 975 2335 1041 hic
2367 975 2592 1059 possit,

633 1083 745 1141 ne,
791 1062 850 1126 si
892 1061 999 1127 die
1042 1061 1365 1127 dominico
1406 1064 1540 1139 fiat,
1584 1063 1824 1128 fratres
1867 1081 2000 1125 non
2043 1061 2303 1145 possint
2346 1059 2591 1125 adesse.

637 1147 972 1212 Volumen
1015 1146 1187 1230 quod
1230 1144 1313 1212 ad
1357 1154 1424 1212 te
1474 1148 1627 1213 misi
1679 1167 1800 1232 pro
1842 1146 2052 1212 literis
2067 1198 2085 1227 ,
2140 1154 2217 1212 ut
2272 1145 2394 1211 tibi
2451 1145 2593 1229 pla-

637 1233 879 1311 cuerit,
938 1253 1074 1298 non
1121 1234 1373 1299 invitus
1429 1234 1737 1300 rescirem
1751 1285 1768 1313 ,
1827 1235 1884 1299 si
1942 1240 2080 1298 tam
2132 1231 2253 1298 tibi
2296 1232 2595 1297 arriserit

640 1339 842 1402 quam
883 1318 1066 1397 mihi,
1124 1340 1258 1384 non
1302 1326 1519 1403 potest
1571 1318 1818 1402 aliquid
1874 1317 2212 1385 molestius
2266 1318 2412 1402 pari
2470 1338 2594 1383 nec

638 1403 871 1469 videri.
960 1404 1294 1469 Iusseram
1337 1405 1507 1471 serio
1562 1405 1975 1470 tabellarium
2033 1413 2114 1469 ιιι
2167 1411 2235 1468 te
2280 1403 2591 1469 admone-

638 1497 764 1568 ret,
809 1489 999 1555 alteri
1041 1497 1119 1556 ut
1159 1489 1472 1574 legendas
1516 1491 1737 1570 dares,
1794 1491 1991 1574 idque
2044 1489 2253 1570 horis,
2310 1492 2367 1555 si
2425 1510 2593 1572 quae

637 1575 760 1641 tibi
805 1575 971 1654 sint,
1031 1574 1269 1659 quibus
1323 1598 1458 1642 non
1514 1584 1581 1642 te
1632 1577 1974 1660 immergis
2030 1595 2226 1659 quam
2281 1575 2593 1641 maximis

641 1662 834 1727 curis.
918 1660 997 1728 Si
1040 1664 1132 1725 ita
1173 1662 1405 1728 feceris
1457 1683 1593 1728 non
1636 1660 1799 1728 adeo
1855 1683 1962 1727 me
2016 1662 2340 1747 poenitet,
2397 1660 2591 1725 modo

638 1767 761 1831 per
812 1767 964 1813 eum
1017 1747 1131 1830 qui
1185 1747 1425 1833 legerit
1474 1770 1582 1814 me
1634 1747 2042 1813 admonitum
2096 1769 2285 1814 cures
2342 1766 2591 1823 eorum,

639 1842 718 1899 ut
757 1832 967 1897 multa
1007 1838 1184 1913 sunt,
1227 1853 1392 1918 quae
1428 1832 1697 1900 addecet
1729 1834 1959 1898 maiori
1994 1855 2155 1900 cura
2195 1841 2263 1899 et
2304 1832 2594 1916 puritate

639 1928 942 1984 tractare.
1032 1918 1202 1999 Quis
1247 1921 1425 1984 enim
1483 1920 1565 1985 ad
1609 1927 1746 1984 tam
1801 1927 2027 1984 sancta
2069 1919 2228 1986 satis
2270 1917 2591 1984 idoneus?

641 2002 829 2087 Quae
874 2004 954 2069 de
1008 2003 1357 2087 nepotibus
1416 2026 1493 2072 ac
1536 2005 1810 2071 Erasmo
1863 2006 2180 2089 scripsisti
2233 2005 2597 2070 effecerunt

636 2099 733 2170 ut,
774 2088 949 2173 quod
981 2090 1301 2156 faciebam
1335 2112 1466 2157 non
1502 2091 1663 2156 adeo
1703 2098 2107 2171 cunctanter,
2152 2089 2595 2174 importunius

638 2196 966 2261 urgerem.
1054 2175 1251 2242 Unde
1293 2177 1540 2242 factum
1586 2184 1687 2242 est
1729 2185 1832 2256 ιιι,
1894 2177 2051 2242 dum
2109 2176 2318 2243 fessus
2374 2175 2595 2241 labore

639 2271 709 2326 et
750 2262 1176 2328 concionibus
1219 2262 1350 2328 diei
1391 2262 1694 2328 dominici
1737 2263 2160 2346 quiescerem.
2203 2262 2435 2327 fratria
2468 2260 2597 2327 sol-

637 2356 835 2412 vente
878 2348 1036 2414 navi
1093 2369 1260 2432 quae
1301 2346 1704 2414 Iverdunum
1759 2349 2024 2432 petebat
2074 2347 2272 2415 iussit
2325 2356 2597 2431 nepotes

639 2430 1009 2511 ascendere,
1054 2443 1132 2498 ut
1173 2434 1326 2499 inde
1370 2454 1568 2518 opera
1610 2434 1915 2500 Zebedaei
1957 2432 2042 2499 ad
2081 2433 2398 2500 Iacobum
2440 2431 2597 2498 Gab-

637 2518 788 2599 lum,
808 2520 867 2595 ⁴)
910 2530 977 2583 et
1019 2519 1200 2586 illino
1253 2521 1427 2586 istuc
1486 2521 1569 2586 ad
1613 2520 1965 2586 Era-smum
2006 2521 2374 2586 mittantur.
2463 2517 2596 2583 Hic

637 2604 824 2670 vides
879 2625 1077 2688 quam
1135 2606 1497 2688 prudenter
1550 2607 1771 2671 omnia.
1835 2604 2012 2688 apud
2075 2626 2184 2671 me
2246 2607 2431 2671 fiant.
2518 2602 2597 2669 Si

636 2691 807 2756 istuc
852 2693 1159 2756 venerint
1201 2693 1585 2775 priusquam
1634 2690 1898 2774 Caspar,
1917 2692 1976 2777 ὁ)
2035 2692 2148 2774 qui
2202 2712 2313 2756 eos
2357 2710 2593 2773 sequu-

637 2787 830 2842 turus
875 2785 993 2854 est,
1036 2777 1281 2856 veniat,
1336 2778 1654 2844 Erasmus
1707 2799 1817 2842 eos
1873 2777 2159 2861 excipiet
2192 2797 2276 2860 'ac
2320 2775 2595 2854 curabit,

638 2882 774 2927 non
817 2869 892 2927 ut
932 2864 1152 2928 meriti
1186 2884 1442 2943 sumus,
1496 2862 1610 2928 sed
1663 2869 1737 2927 ut
1789 2883 1908 2929 nos
1952 2876 2132 2928 amat
2170 2863 2244 2933 in
2285 2861 2592 2927 Domino,

637 2947 793 3013 Non
835 2947 1087 3014 frustra
1130 2969 1238 3015 eos
1283 2951 1644 3032 exceperit,
1709 2949 1911 3013 etiam
1951 2949 2063 3014 ubi
2106 2955 2371 3032 praeter
2414 2946 2593 3013 labo-

639 3055 781 3100 rem
838 3035 1017 3102 aliud
1072 3055 1208 3102 non
1262 3034 1551 3102 haberet.
1637 3034 1791 3100 Fiet
1844 3034 2113 3101 demum
2171 3032 2419 3118 aliquid
2475 3054 2593 3099 vo-

637 3120 813 3186 lente
855 3121 1162 3187 Domino.
1235 3121 1331 3188 Ut
1370 3129 1487 3198 tua
1526 3120 1811 3186 fratrum
1853 3142 2153 3187 meorum
2194 3119 2595 3204 exspectatio

641 3214 807 3285 (non
854 3205 1109 3294 dubito)
1155 3207 1272 3272 tibi
1315 3206 1511 3291 longa
1567 3214 1634 3273 et
1677 3207 1901 3292 gravis
1957 3217 2087 3286 est,
2147 3208 2242 3271 ita
2298 3214 2367 3272 et
2404 3206 2595 3271 nobis

642 3314 722 3358 su
769 3312 845 3358 ra
886 3292 1176 3359 modum.
1263 3293 1593 3358 Dominus
1637 3314 1749 3360 eos
1803 3314 2001 3377 quam
2055 3293 2364 3358 citissime
2405 3290 2595 3357 nobis

640 3400 713 3443 re
762 3377 876 3444 dat
918 3380 993 3444 in
1035 3400 1230 3444 usum
1275 3400 1434 3444 suae
1477 3378 1786 3445 ecclesiae
1839 3386 1907 3446 et
1951 3379 2237 3445 familiae
2274 3379 2590 3463 ipsorum.

642 3463 832 3542 Vale,
876 3485 1026 3528 mea
1069 3466 1306 3543 anima,
1361 3474 1428 3530 et
1469 3464 1621 3530 iube
1678 3474 1861 3530 tuam
1915 3466 2258 3549 coniugem
2318 3464 2593 3542 salvere,

685 3569 840 3614 uam
881 3550 1002 3616 tibi
1044 3549 1372 3616 Dominus
1416 3559 1637 3616 servet
1677 3551 2077 3617 incolumem
2134 3558 2352 3617 tecum
2398 3571 2595 3632 quam

695 3635 1028 3701 ‘utissime
1138 3635 1444 3721 Collegae
1510 3657 1740 3701 omnes
1791 3659 1940 3704 cum
2006 3637 2132 3721 piis
2185 3635 2597 3702 senatoribus

643 3729 794 3803 opto
838 3720 1108 3786 salvere.
1197 3722 1428 3787 Nostri
1480 3729 1548 3787 te
1607 3743 1832 3788 omnes
1891 3723 2148 3789 salvum
2194 3724 2485 3805 cupiunt,
2531 3729 2598 3785 et

642 3808 990 3890 praecipue
1033 3814 1315 3889 quatuor
1356 3809 1427 3873 hi
1471 3808 1709 3890 quibus
1765 3816 1999 3892 quater
2052 3821 2120 3873 et
2160 3808 2441 3891 amplius
2484 3827 2598 3889 op-

644 3903 748 3957 tas
791 3914 831 3956 a
868 3893 1014 3959 Deo
1053 3893 1368 3961 benedici.
1455 3893 1770 3959 Neocomi
1815 3899 1874 3959 9.
1917 3895 2150 3961 Martii
2199 3900 2381 3960 1546.

1677 4048 1985 4116 Farellus
2027 4058 2185 4115 tuus
2228 4055 2423 4113 totus.

1547 4612 1692 4683 '7¹77-

1134 4765 1635 4832 FARELLUS
1681 4765 2116 4832 GALVINO.

823 4953 1154 5036 Neyotium
1215 4953 1291 5017 de
1357 4973 1509 5018 novo
1573 4954 1862 5019 ministro
1919 4956 2281 5020 accersendo
2334 4953 2601 5036 feliciter

634 5039 919 5120 procedit
959 5043 1015 5102 et
1049 5037 1301 5104 Bernae
1345 5041 1556 5104 omnia
1596 5061 1673 5104 ex
1715 5045 1847 5105 voto
1889 5042 2221 5124 impet-rata
2263 5046 2423 5105 emet.

853 5293 910 5361 4)
950 5295 1032 5350 Le
1072 5294 1197 5363 Coq,
1231 5297 1538 5351 ministrum
1577 5297 1958 5367 Moryieneem.

853 5365 913 5431 5)
957 5366 1030 5421 N.
1067 5364 1167 5417 759
1219 5372 1330 5420 not.
1367 5365 1413 5419 7.

2187 442 2714 513 EPISTOLAE
2759 446 3097 510 776—779
4510 443 4599 505 312

2703 633 2818 699 (Ex
2853 633 3044 687 eadem
3078 632 3420 687 Bibliotheca
3462 649 3526 687 ac
3567 631 3899 702 praecedens
3950 631 4139 685 eodem
4174 630 4428 686 fasciculo
4458 630 4515 686 N.
4540 631 4603 686 11.

2699 703 2832 772 Ipsa
2866 702 3099 772 epistole
3132 701 3203 757 ab·
3236 702 3814 837 amanuemeasiffiiat?
3882 674 4218 770 §absos-iptio
4252 701 4458 755 Fan-elli
4482 717 4603 755 nm

2870 925 3266 992 Doctissimo
3311 932 3381 991 et
3434 945 3571 990 non
3609 924 3833 991 minus
3886 924 3994 1011 pio
4049 928 4299 1025 pastori
4340 922 4606 990 ecclesiae

2700 1011 3113 1111 Qenevensis
3155 1010 3250 1076 10.
3295 1008 3573 1077 Calvino
3616 1009 3806 1077 fratri
3852 1018 3919 1076 et
3957 1030 4166 1076 amico
4208 1031 4409 1095 quam
4451 1009 4608 1077 earis-

2698 1118 2864 1164 simo

4006 1182 4334 1249 Genevae.

2865 1317 2938 1385 S.
3008 1318 3315 1385 Christus
3371 1317 3674 1385 absolvat
3730 1339 3908 1403 quae
3967 1326 4109 1384 tam
4171 1318 4448 1383 mirifice
4496 1324 4612 1400 post

2696 1411 2793 1470 tot
2831 1405 3374 1472 contradictiones
3410 1414 3477 1470 et
3510 1422 3711 1487 supra
3744 1424 4006 1469 omnem
4039 1423 4223 1488 spem
4268 1402 4349 1469 ad
4397 1404 4613 1469 exitum

2696 1491 3032 1556 laetiorem
3075 1490 3402 1574 perduxit.
3492 1489 3624 1570 Qui
3680 1490 3954 1555 fuerunt
4004 1491 4154 1556 istic
4207 1499 4274 1556 et
4316 1488 4614 1554 'Dounonii

2696 1586 2975 1661 egerunt
3014 1578 3253 1642 fratres
3295 1577 3588 1642 Bernam
3631 1576 3978 1659 petierunt,
4037 1585 4105 1640 et
4147 1575 4451 1659 quamvis
4489 1595 4615 1639 oon-

2698 1663 2803 1729 sul
2841 1663 3291 1729 Vaueviczanus
3322 1661 3458 1727 illic
3498 1682 3635 1726 non
3673 1672 3863 1740 esset,
3904 1671 4128 1727 tamen
4171 1671 4250 1726 ut
4292 1660 4480 1726 nobis
4514 1660 4616 1725 fuit

2699 1748 2945 1814 auxilio
3002 1748 3130 1828 hic,
3157 1749 3203 1829 ¹)
3261 1755 3337 1812 ut
3398 1748 3510 1812 via
3574 1749 3940 1830 aperiretur
4002 1746 4442 1832 prospiciendi
4490 1746 4618 1810 huic

2699 1835 3008 1900 ecclesiae
3066 1833 3414 1917 (siquidem
3470 1853 3630 1917 prae
3671 1835 3948 1900 caeteris
3992 1833 4101 1899 hic
4144 1831 4495 1909 laboravit)
4543 1830 4619 1895 ita

2699 1928 2769 1985 et
2808 1919 2944 1985 illic
2987 1918 3143 1985 dum
3178 1928 3352 1985 esset
3383 1919 3620 1998 verbis,
3666 1928 3735 1983 et
3767 1919 3925 1984 dum
3962 1919 4218 1985 abesset
4260 1918 4471 1983 literis
4509 1917 4621 2002 egit

2700 2015 2778 2071 ut
2855 2004 3112 2073 facilius
3186 2006 3405 2070 omnia
3482 2004 3774 2089 expediri
3852 2006 4205 2097 pptuerint.
4330 2003 4617 2079 Suloenae,

2700 2112 2902 2174 quum
2945 2090 3201 2157 audiret
3242 2110 3283 2155 a
3324 2092 3565 2156 nostris
3599 2090 3757 2173 quid
3800 2097 3873 2156 tu
3916 2097 3984 2156 et
4018 2090 4306 2176 collegae
4340 2090 4445 2154 tui
4476 2090 4620 2173 egis-

2698 2198 2804 2243 ses
2844 2178 3012 2257 istio,
3056 2185 3128 2243 et
3168 2174 3434 2241 demum
3469 2185 3546 2242 ιιι
3575 2177 3983 2242 interfuisses
4020 2179 4232 2242 coetui
4274 2185 4341 2241 et
4384 2194 4619 2240 oausam

2699 2262 3081 2340 adiuvisses,
3116 2263 3284 2327 mire
3317 2260 3782 2328 commendans
3815 2263 4026 2328 laetus
4066 2281 4329 2328 causam
4366 2262 4622 2325 fratrum

2698 2351 2834 2434 egit
2865 2350 2939 2412 in
2972 2358 3222 2413 senatu.
3287 2348 3652 2431 Impetrata
3691 2349 3910 2413 omnia
3926 2350 3986 2426 ²)
4030 2357 4099 2413 et
4129 2347 4318 2413 nobis
4352 2354 4423 2410 et
4454 2345 4623 2412 classi

2699 2435 3117 2500 Tononiensi.
3208 2432 3510 2517 Scriptae
3566 2433 3699 2498 huc
3757 2434 3840 2499 ad
3897 2433 4301 2517 praefectum
4345 2439 4415 2498 et
4456 2451 4622 2497 sena-

2698 2528 2841 2585 tum
2886 2520 3116 2586 literae
3155 2521 3436 2585 fuerunt.
3527 2517 3703 2599 Quid
3760 2519 4016 2585 dicatur
4068 2520 4149 2585 de
4202 2538 4336 2597 me,
4394 2526 4462 2584 et
4514 2517 4626 2582 alia

2697 2626 2864 2690 quae
2908 2613 2976 2671 te
3018 2606 3168 2673 volo
3209 2606 3376 2670 scire
3418 2626 3502 2670 ex
3549 2602 3929 2693 [tabellario]
3952 2607 4009 2682 ⁸)
4053 2605 4297 2670 audies.
4387 2603 4624 2669 Vellem

2697 2691 2901 2757 bonos
2943 2692 3149 2771 viros,
3207 2712 3485 2775 quorum
3543 2691 3858 2758 iudicium
3914 2693 4122 2775 magis
4164 2691 4396 2774 probo,
4452 2690 4519 2754 in
4557 2688 4626 2752 iis

2697 2799 2864 2860 quae
2918 2775 3148 2843 dicunt
3200 2777 3368 2842 mihi
3425 2776 3651 2843 deesse
3667 2828 3682 2856 ,
3746 2798 3942 2859 quam
4006 2779 4077 2841 in
4139 2778 4416 2843 caeteris
4480 2792 4626 2858 quae

2697 2863 2862 2928 mihi
2936 2864 3237 2928 tribuunt
3298 2864 3544 2928 maiore
3621 2883 3879 2929 mecum
3943 2874 4216 2946 agerent
4278 2861 4563 2926 caritate.
4578 2860 4630 2934 ⁴)

2697 2949 2949 3014 Verum
2992 2958 3321 3032 utcunque
3364 2970 3471 3014 res
3512 2949 3770 3026 habeat,
3828 2950 4193 3014 Dominum
4236 2945 4434 3012 laudo
4476 2941 4629 3029 quod

2697 3034 2807 3100 vel
2859 3035 2983 3103 hac
3039 3036 3151 3102 via
3203 3035 3334 3100 mei
3393 3056 3499 3101 me
3567 3034 3890 3101 admonet.
3981 3032 4161 3100 Sane
4224 3033 4445 3098 minor
4500 3049 4630 3097 sum

2696 3142 2894 3204 quam
2934 3124 3045 3206 qui
3090 3122 3433 3187 minimam
3488 3123 3731 3204 possim
3784 3122 4190 3203 provinciam
4248 3120 4319 3184 in
4377 3119 4630 3185 ecclesia

2698 3207 2971 3272 Domini
3036 3228 3282 3274 curare.
3385 3205 3595 3289 Spero
3649 3205 4098 3273 misericordia
4153 3205 4282 3270 Dei
4351 3206 4631 3270 futurum

2697 3303 2777 3357 ut
2818 3312 2983 3376 quae
3024 3293 3190 3357 mihi
3234 3292 3472 3359 desunt
3499 3291 3978 3374 Chrsstophorus
4011 3290 4269 3357 abunde
4313 3290 4629 3356 resarciat.

2698 3377 2806 3444 Ad
2849 3400 3042 3461 quem
3086 3377 3464 3461 propediem
3516 3380 3722 3444 nostri
3772 3379 4040 3443 mittent
4099 3399 4181 3444 ex
4239 3384 4477 3442 senatu
4527 3374 4630 3439 ali-

2698 3485 2891 3548 quem
2936 3484 2976 3528 a
3019 3485 3146 3546 quo
3187 3464 3316 3529 huc
3362 3463 3736 3530 deducatur.
3825 3464 3973 3530 Hoc
4017 3485 4150 3529 non
4197 3470 4456 3528 tantum
4499 3469 4632 3544 peto

2698 3551 2815 3616 abs
2857 3558 2941 3628 te,
2986 3550 3119 3614 imo
3161 3550 3397 3615 ftatres
3441 3571 3686 3629 omnes,
3732 3560 3808 3615 ut
3841 3551 3896 3616 si
3939 3551 4085 3615 fieri
4117 3548 4329 3631 possit
4357 3547 4630 3619 intersis,

2699 3636 2871 3719 quod
2927 3638 3184 3719 saepius
3243 3637 3418 3719 petii.
3532 3636 3815 3702 Vibetum
3870 3656 4123 3719 quoque
4178 3636 4481 3717 cupimus
4534 3630 4631 3697 ad·

2701 3743 2859 3787 esse.
2949 3721 3260 3787 Pluribus
3302 3731 3521 3788 tecum
3579 3743 3713 3787 non
3770 3741 3963 3805 agam
4016 3741 4216 3804 quum
4268 3743 4385 3805 per
4444 3720 4632 3785 otium

2700 3827 2837 3872 non
2880 3807 3094 3884 liceat,
3141 3816 3210 3873 et
3251 3808 3359 3874 hic
3402 3829 3520 3891 pro
3564 3807 3773 3872 literis
3808 3807 3926 3873 tibi
3969 3807 4227 3872 abunde
4275 3807 4632 3872 satisfacere

2699 3894 2921 3980 possit.
2990 3893 3160 3959 Vale
3202 3914 3352 3958 cum
3397 3893 3672 3977 coniuge
3716 3901 3785 3957 et
3825 3893 4016 3957 istius
4059 3892 4298 3973 Iudith,
4342 3894 4541 3956 fratre
4578 3895 4632 3953 et

2701 4000 2923 4045 socero
2962 3979 3169 4062 ipsius
3212 3981 3471 4061 tuisque
3523 3980 3826 4045 omnibus
3841 4030 3857 4056 ,
3915 3979 4261 4062 praecipue
4304 3971 4633 4063 coll[eyis],

2701 4086 2864 4147 quos
2907 4075 3059 4147 opto
3103 4065 3389 4142 salvere,
3447 4076 3514 4130 et
3566 4066 3705 4147 pios
3750 4083 3995 4130 omnes.
4084 4066 4179 4129 'Pe
4225 4065 4431 4129 nostri
4476 4061 4634 4127 salu-

2701 4159 2865 4216 tant.
2953 4151 3265 4217 Neocomi
3315 4157 3408 4216 13.
3456 4152 3680 4216 Martii
3730 4156 3910 4215 1546.

3735 4285 4041 4353 Fal-ellus
4086 4295 4241 4352 tuus
4284 4293 4479 4351 totus.

3008 4427 3112 4435 05⁴-—

2738 4508 2874 4566 77⁷.
2912 4509 2972 4573 1)
3011 4509 3088 4564 Ν.
3125 4509 3225 4563 771
3260 4525 3316 4563 se
3351 4527 3399 4579 q.
4624 4573 4635 4582 ο

2908 4579 2964 4648 2)
3003 4581 3091 4632 die
3126 4578 3209 4633 10.
3316 4580 3475 4641 arcii,
3519 4579 3704 4633 missio
3741 4579 4004 4634 Liberiett'
4042 4585 4091 4632 et
4137 4577 4476 4645 confimatio
4518 4587 4632 4627 mm

2703 4650 2945 4703 ministri
2984 4649 3382 4703 Tannoniensis
3416 4649 3441 4716 (
3454 4646 3663 4702 Welsch
3699 4648 3997 4714 Missivb.).

2906 4716 2968 4782 3)
3007 4717 3183 4783 deficit
3218 4718 3423 4771 charta.

2909 4785 2968 4851 4)
3013 4786 3173 4840 Patet
3203 4787 3378 4850 fuisse
3416 4785 3677 4839 Neocomi
3726 4787 3823 4855 qui
3866 4787 4146 4840 occasione
4180 4784 4342 4839 huius
4376 4778 4631 4835 electionis

2705 4853 2770 4908 de
2818 4855 3043 4909 Farello
3089 4857 3169 4909 -ιία
3214 4857 3560 4924 loquerentur
3605 4861 3667 4908 ut
3711 4855 3928 4909 meliore
3971 4855 4156 4924 aliqum
4200 4854 4310 4907 iam
4353 4865 4492 4919 opus
4532 4859 4629 4902 esse

2703 4923 2953 4991 dicerent,
2990 4926 3102 4977 sive
3133 4929 3353 4991 pastore
3388 4927 3499 4977 sive
3533 4931 3762 4978 oratore.
