4825 6175
610 411 694 474 15
2268 411 2797 492 EPIS'BOLAE
2842 416 2968 482 607
4536 415 4605 478 16

604 596 803 664 etiam
847 594 1151 681 adiungit
1187 617 1295 662 me
1332 596 1549 667 facere
1624 599 1757 668 uod
1788 602 2005 669 solent
2036 601 2305 669 rabulae
2346 604 2560 669 fcren-

603 706 730 763 ses,
776 684 888 767 qui
930 704 1049 767 pro
1093 683 1447 752 asserenda
1489 707 1556 751 m
1624 708 1666 753 a
1707 709 1911 755 causa
1952 698 2185 755 contra
2226 688 2560 755 conscien-

604 771 767 837 tiam
809 769 989 854 leges
1033 767 1119 834 ad
1159 768 1359 835 falsos
1402 792 1634 839 sensus
1670 771 2078 858 detorquent.
2148 775 2248 840 Ac
2291 774 2561 840 tandem

605 863 894 923 astutam
942 853 1360 938 vulpeculam
1418 858 1723 941 appellat.
1828 861 2040 927 ¹Paceo
2097 859 2270 944 quod
2327 881 2435 925 me
2488 861 2561 924 in

605 941 966 1026 Anticyras
1006 940 1260 1025 relegat
1275 991 1292 1021 ‚
1349 963 1426 1009 ac
1469 944 1650 1011 mille
1693 946 2012 1012 eiusmodi
2056 945 2365 1014 conviciis
2407 966 2560 1029 pro-

603 1027 862 1095 scindit.
972 1026 1122 1092 Hae
1199 1038 1363 1092 sunt
1425 1028 1688 1097 delitiae
1767 1032 2002 1115 quibus
2067 1052 2325 1097 mecum
2391 1031 2562 1096 ludit

604 1122 922 1197 tanquam
965 1114 1233 1178 amicus.
1323 1114 1470 1197 Ego
1514 1136 1669 1182 vero
1714 1139 1930 1200 neque
1970 1118 2055 1183 ad
2095 1117 2295 1183 istam
2332 1117 2560 1183 verni-

600 1200 737 1267 lem
781 1199 1182 1281 proterviam
1226 1219 1376 1264 sum
1420 1211 1722 1269 assuetus
1737 1253 1753 1280 ,
1807 1225 2018 1287 neque
2070 1224 2178 1268 me
2222 1203 2561 1269 assuefieri

601 1286 856 1371 patitur
898 1293 1156 1350 natura.
1246 1286 1533 1352 Animus
1587 1288 1786 1355 etiam
1837 1297 2163 1373 repugnat
2218 1297 2287 1354 et
2328 1309 2368 1353 a
2409 1310 2560 1353 mea

603 1390 888 1457 persona
938 1371 1135 1435 nimis
1193 1379 1297 1446 est
1349 1372 1655 1439 alienum.
1761 1375 1855 1439 At
1917 1375 2235 1457 script-um
2301 1375 2381 1439 ad
2451 1396 2558 1440 me

600 1458 789 1524 misit
830 1457 997 1522 bene
1042 1476 1118 1521 ac
1162 1454 1516 1540 diligenter
1560 1460 1911 1539 occlusum,
1956 1482 2040 1525 ne
2090 1459 2337 1525 famam
2381 1460 2558 1542 apud

603 1543 765 1610 alios
808 1563 1022 1607 meam
1065 1540 1374 1609 laederet.
1465 1543 1674 1625 Quasi
1726 1567 1885 1611 vero
1941 1566 2073 1611 non
2134 1547 2381 1630 passim
2425 1548 2559 1611 iam

605 1650 647 1695 a
685 1638 821 1694 toto
863 1627 1153 1693 triennio
1179 1628 1270 1715 ¹⁰)
1313 1630 1653 1696 iactaverit
1695 1653 1765 1697 se
1808 1632 1881 1696 in
1925 1653 2001 1697 eo
2038 1632 2559 1698 consarcinando

604 1736 747 1782 esse
791 1721 1198 1797 occupatum,
1245 1717 1430 1797 quasi
1477 1717 1680 1781 etiam
1721 1738 1855 1782 non
1900 1717 2038 1782 suis
2082 1717 2382 1783 amiculis
2424 1716 2558 1784 lec-

602 1801 932 1879 titaverit,
1000 1800 1187 1883 quasi
1241 1822 1376 1865 non
1419 1822 1496 1867 eo
1551 1823 1756 1884 usque
1798 1803 2234 1886 improbitatis
2278 1804 2366 1869 sit
2406 1824 2558 1886 pro-

602 1907 886 1973 gressus,
932 1893 1010 1951 ut
1050 1886 1177 1969 piis
1221 1899 1287 1952 et
1322 1886 1530 1953 doctis
1564 1887 1948 1971 quibusdam
1992 1888 2156 1954 viris
2192 1889 2439 1972 aliquid
2474 1911 2558 1954 ex

602 1993 681 2039 eo
723 1973 1045 2038 recitaret.
1136 1971 1214 2037 Si
1256 1974 1470 2039 voluit
1530 1974 1653 2039 hoe
1694 1975 1996 2040 omnibus
2036 1975 2283 2058 passim
2328 1983 2555 2040 uotum

602 2079 765 2136 esse,
810 2078 946 2124 non
988 2066 1092 2124 est
1132 2056 1305 2140 quod
1348 2059 1531 2125 vobis
1572 2080 1691 2143 per
1725 2082 1830 2126 me
1874 2061 2234 2126 innotuisse
2277 2083 2557 2144 conque-

603 2153 806 2211 ratur.

777 2229 974 2294 Nunc
1018 2227 1098 2293 de
1140 2230 1380 2313 scripto
1421 2229 1593 2313 quod
1647 2252 2033 2314 responsum
2078 2231 2177 2296 illi
2220 2231 2367 2298 volo
2410 2232 2557 2297 bre·

602 2318 776 2384 viter
819 2313 1048 2382 dicam.
1115 2314 1569 2382 Vehementer
1609 2318 1897 2401 profecto
1934 2339 2039 2383 me
2081 2319 2289 2402 ipsius
2316 2318 2396 2398 ¹¹)
2432 2317 2557 2382 mi-

603 2413 798 2480 seret,
845 2400 1000 2465 dum
1045 2410 1279 2484 reputo
1323 2411 1646 2485 quantum
1688 2424 1759 2468 se
1802 2403 1875 2468 in
1911 2425 2106 2487 opere
2142 2413 2277 2469 tam
2313 2403 2557 2490 infelici

602 2510 680 2555 ac
725 2495 1139 2572 praepostero
1191 2487 1589 2571 fatigaverit.
1690 2489 1863 2554 Nam
1928 2511 2131 2574 quum
2189 2490 2557 2574 elegantiae

606 2583 675 2641 et
728 2574 962 2638 nitoris
1018 2573 1313 2656 cupidior
1369 2584 1574 2651 esset,
1634 2594 1708 2640 ac
1762 2576 2028 2640 interim
2084 2596 2244 2640 vera
2303 2577 2556 2640 ratione

603 2660 1087 2738 destitueretur,
1128 2660 1403 2725 corrasit
1436 2661 1592 2725 hinc
1624 2659 1777 2725 inde
1811 2660 2127 2744 quidquid
2155 2663 2373 2744 potuit
2405 2683 2556 2744 pro-

604 2746 996 2820 verbiorum,
1041 2744 1357 2829 quidquid
1401 2755 1538 2810 tota
1590 2747 1733 2811 vita
1772 2745 2028 2829 legerat
2070 2747 2242 2830 quod
2286 2747 2558 2812 haberet

604 2831 884 2915 speciem
927 2831 1196 2898 facetiae
1232 2832 1659 2910 coacervavit,
1695 2841 2033 2898 mutuatus
2068 2842 2170 2899 est
2212 2833 2366 2899 hinc
2400 2832 2556 2898 inde

605 2917 813 2985 verba
868 2938 1035 2999 quae
1093 2914 1487 2982 videbantur
1543 2918 1862 2983 sonantia.
1951 2920 2183 3001 Itaque
2228 2918 2338 2983 diu
2383 2917 2553 2982 mul-

605 3014 880 3087 tumque
937 3000 1200 3068 sudavit
1255 3014 1332 3067 ut
1386 3002 1615 3085 putida
1671 3004 2085 3069 affectatione
2144 3007 2356 3090 magis
2412 3024 2554 3069 cor-

604 3096 943 3173 rumperet
1000 3109 1186 3154 suam
1241 3092 1599 3155 orationem
1658 3111 1855 3172 quam
1912 3101 2191 3156 ornaret.
2289 3092 2559 3156 Interea

605 3198 763 3242 vero
808 3175 932 3241 sub
974 3175 1143 3257 pelle
1185 3175 1392 3240 leonis
1429 3186 1749 3259 apparent
1783 3178 1966 3242 albae
2003 3176 2354 3243 auriculae.
2420 3175 2570 3242 Sed

607 3262 733 3329 hoc
775 3282 1033 3345 quoque
1076 3261 1326 3325 omitto.
1417 3262 1633 3326 Venio
1678 3262 1761 3327 ad
1805 3272 2283 3347 argumentum.

780 3347 1072 3412 Multum
1165 3346 1247 3411 de
1346 3346 1837 3431 reduplicativis
1932 3350 2190 3413 rixatur
2274 3370 2552 3414 mecum.

605 3435 853 3510 Primo,
899 3434 1053 3516 quia
1090 3453 1246 3497 vere
1280 3433 1818 3516 reduplicativam
1855 3456 1997 3500 esse
2031 3433 2202 3500 hanc
2246 3434 2555 3500 dixerim:

609 3520 936 3598 Christus,
980 3520 1049 3583 in
1095 3528 1414 3600 quantum
1457 3521 1661 3598 Deus,
1699 3531 1801 3585 est
1844 3543 1884 3585 a
1918 3542 1989 3586 se
2029 3521 2191 3604 ipso.
2281 3519 2555 3599 Deinde,

608 3607 767 3690 quia
809 3625 946 3669 nou
990 3613 1252 3669 teneam
1296 3603 1596 3670 ordinem
1634 3604 2280 3690 reduplicativarum.
2347 3605 2556 3687 Quasi

607 3711 903 3775 unquam
938 3710 1060 3774 ego
1096 3691 1166 3754 in
1210 3691 1609 3757 mentionem
1646 3693 1918 3757 istarum
1954 3713 2181 3757 rerum
2213 3691 2556 3757 inciderim

608 3778 742 3843 nisi
797 3776 938 3842 eius
1001 3786 1070 3841 et
1128 3776 1394 3842 Gortesii
1445 3777 1864 3860 improbitate
1922 3789 2201 3857 coactae,
2231 3780 2314 3857 ¹²)
2374 3780 2560 3860 quasi

607 3862 776 3929 mihi
827 3862 1230 3945 propositum
1291 3862 1472 3928 aliud
1529 3864 1730 3929 fuerit
1788 3885 1985 3948 quam
2034 3863 2277 3948 partim
2328 3886 2559 3931 cence-

609 3947 826 4016 dendo
921 3946 1053 4013 uod
1120 3949 1431 4031 petebant
1480 3969 1705 4015 eorum
1766 3963 1986 4015 tamen
2044 3949 2406 4015 calumnias
2460 3949 2558 4014 di-

608 4035 812 4102 luere.
942 4035 964 4097 i
999 4054 1344 4117 negassem
1377 4034 2003 4119 reduplicativarum
2038 4036 2295 4119 legibus
2338 4035 2558 4101 subia-

612 4139 762 4187 cere
805 4120 1311 4202 propositionem
1351 4120 1556 4201 illam,
1622 4120 2067 4190 clamitassent
2093 4120 2176 4209 ¹⁸)
2220 4120 2411 4186 ambo
2456 4142 2561 4186 me

614 4204 1114 4292 tergiversando
1179 4206 1393 4271 lucem
1455 4209 1700 4291 fugere.
1810 4209 2002 4275 Nunc
2066 4209 2220 4292 quia
2282 4208 2562 4272 nimium

612 4292 902 4359 liberalis
964 4291 1201 4356 fuerim
1276 4293 1425 4375 plus
1486 4294 1621 4360 illis
1685 4292 2022 4379 largiendo
2084 4314 2281 4377 quam
2347 4292 2561 4371 debui,

613 4388 934 4461 tanquam
998 4398 1224 4442 meum
1286 4379 1633 4464 impugnat
1710 4380 1820 4446 hic
1898 4379 2106 4446 bonus
2183 4380 2290 4446 vir
2388 4378 2564 4462 quod

613 4486 809 4532 suum
853 4470 970 4528 est.
1062 4463 1352 4529 Multum
1404 4458 1700 4550 exagitat
1751 4466 1921 4550 quod
1980 4465 2146 4545 dixi,
2203 4464 2564 4532 secundum

615 4547 946 4636 quendam
987 4548 1392 4616 intellectum
1434 4572 1661 4617 verum
1704 4572 1848 4618 esse
1863 4602 1881 4632 ,
1938 4550 2095 4617 licet
2137 4572 2269 4617 non
2314 4551 2563 4634 simpli-

615 4638 799 4717 citer,
834 4634 1181 4702 Christum
1217 4658 1258 4702 a
1279 4655 1349 4701 se
1382 4636 1523 4721 ipso
1556 4659 1715 4704 esse.
1777 4636 1988 4719 Quasi
2022 4635 2205 4702 aliud
2240 4636 2565 4702 voluerim

618 4813 699 4823 ..—

793 4927 887 4993 10)
927 4926 990 4981 δι’
1023 4928 1155 4982 haec
1196 4932 1381 4983 exacte
1426 4933 1489 4981 ut
1529 4934 1729 4982 sonant
1772 4926 2138 5009 computanda
2178 4933 2308 4980 sunt
2351 4934 2411 4980 et>
2451 4943 2565 4981 non

620 4989 749 5078 κεῖθ’
780 4990 1074 5078 ὖηερβολῆν
1109 4994 1283 5077 dicta,
1328 5001 1477 5077 patet
1525 4996 1832 5077 Capuaeuli
1874 5014 1935 5050 m
1976 4995 2263 5076 Calvinum
2298 4996 2564 5077 declama-

617 5076 791 5146 noneq
826 5081 937 5145 aaut
971 5071 1137 5119 antea
1170 5080 1431 5132 cacepwsae
1462 5081 1626 5135 quam
1671 5065 1734 5119 ad
1774 5080 1840 5119 ex
1876 5065 2130 5120 thesauro
2163 5067 2439 5132 epwtoluco
2474 5081 2561 5119 au-

616 5140 838 5206 perstate
873 5133 1080 5215 ducere
1112 5142 1164 5188 et
1199 5134 1568 5189 dammare
1594 5150 1901 5203 possumus.

793 5202 889 5407 ii}
916 5202 1254 5340 33²⁸va459,
1287 5269 1393 5324 472
1427 5278 1528 5325 eto.

794 5338 862 5393 13
920 5341 1245 5394 clamassent
1284 5338 1346 5393 T.
1384 5341 1453 5394 B.
1495 5337 1551 5394 S.

2661 602 2771 669 his
2813 601 3034 667 verbis
3091 601 3221 668 nisi
3272 597 3716 666 adhibendum
3784 619 3928 668 esse
3985 600 4364 682 candorem,
4424 604 4608 670 sicuti

2663 688 2878 753 solent
2919 686 3136 753 dextri
3171 693 3238 752 et
3269 685 3546 771 ingenui
3577 685 3989 770 interpretes,
4036 708 4166 752 non
4211 696 4434 754 autem
4468 686 4607 754 bar·

2665 773 2824 839 bara
2862 773 3124 851 ferocia,
3169 771 3342 857 quod
3385 770 3492 838 hic
3534 771 3705 850 facit,
3764 771 4136 855 quaerenda
4176 793 4322 838 esse
4363 772 4436 837 in
4478 774 4608 859 syl·

2662 857 2830 926 labis
2872 859 3164 942 aucupia.
3254 856 3469 923 Valde
3510 858 3854 923 invehitur
3886 858 3962 923 in
4004 878 4220 924 meam
4264 859 4606 940 inscitiam,

2665 945 2838 1029 quia,
2884 966 3085 1028 quum
3131 943 3212 1010 de
3257 944 3655 1009 affirmativa
3699 945 4134 1027 propositione
4176 944 4471 1028 quaestio
4512 967 4609 1012 es-

2663 1040 2782 1110 set,
2827 1031 3168 1116 negativas
3209 1029 3613 1113 protulerim.
3683 1027 3892 1110 Quasi
3927 1050 4081 1095 vero
4114 1030 4188 1094 in
4223 1030 4349 1095 hac
4382 1050 4612 1113 quaes-

2663 1116 2843 1182 tione
2887 1115 3241 1181 affirmatio
3285 1123 3401 1181 aut
3454 1116 3715 1198 negatio
3772 1114 4130 1199 spectanda
4184 1116 4273 1182 sit
4287 1166 4303 1196 ,
4360 1135 4438 1182 ac
4479 1137 4607 1182 non

2661 1203 2881 1286 potius
2927 1201 3042 1267 illa
3082 1201 3430 1285 particula:
3499 1209 3841 1284 quatenus.
3932 1201 4186 1268 Acerbe
4239 1201 4406 1267 mihi
4450 1203 4608 1269 iras-

2661 1289 2835 1354 citur
2892 1287 3067 1370 quod
3121 1288 3317 1352 rebus
3375 1285 3571 1352 claris
3626 1286 3867 1370 ubique
3933 1287 4236 1354 tenebras
4275 1285 4605 1354 obducam.
4631 1289 4648 1306 ‘

2664 1372 2872 1455 Quasi
2915 1382 3077 1441 vero
3117 1395 3251 1439 non
3292 1393 3521 1438 omnes
3579 1372 3756 1439 docti
3809 1372 4010 1440 simul
4065 1384 4134 1439 et
4175 1372 4422 1439 indocti
4463 1396 4608 1457 per-

2661 1459 3032 1542 spicuitatis
3076 1458 3337 1524 laudem
3380 1457 3546 1522 mihi
3589 1459 3903 1526 tribuant.
3968 1457 4104 1526 Sed
4147 1458 4305 1542 quid
4347 1459 4611 1545 singula

2662 1544 3057 1630 persequor?
3147 1544 3278 1611 Hic
3322 1551 3530 1610 status
3574 1553 3674 1608 est
3715 1546 4232 1612 controversiae:
4276 1544 4609 1629 Numquid

2661 1653 2816 1697 vere
2857 1631 2937 1696 de
2980 1630 3248 1698 Christo
3290 1630 3654 1714 praedicari
3688 1630 3900 1713 possit
3913 1682 3930 1710 ,
3986 1630 4224 1715 ipsum,
4328 1639 4609 1698 uatenus

2662 1719 2847 1783 Deus
2906 1728 3037 1793 est,
3105 1738 3247 1782 esse
3302 1738 3342 1782 a
3398 1736 3468 1782 se
3526 1716 3715 1799 ipso?
3819 1717 4037 1802 Negat
4091 1716 4219 1783 hoc
4360 1738 4609 1799 pancu-

2661 1803 2780 1868 ωε.
2895 1802 3071 1867 Cur?
3198 1801 3374 1883 Quia
3452 1800 3708 1867 Christi
3760 1823 4023 1876 ‚nomen
4107 1802 4466 1869 secundam
4541 1805 4609 1869 in

2661 1889 2806 1955 Deo
2876 1908 3226 1972 personam
3293 1886 3594 1972 designet
3671 1887 3778 1954 cui
3852 1889 4084 1954 relatio
4163 1899 4266 1954 est
4334 1888 4417 1954 ad
4500 1911 4608 1974 pa-

2661 1983 2849 2040 trem.
2952 1974 3226 2052 Fateor,
3286 1974 3344 2039 si
3389 1979 3724 2057 respectus
3781 1974 3866 2039 ad
3926 1994 4269 2057 personam
4310 1974 4608 2052 habetur,

2661 2082 2793 2126 non
2838 2061 2931 2125 ita
2974 2058 3375 2142 loquendum
3418 2080 3580 2125 esse.
3672 2058 3810 2125 Sed
3865 2058 4041 2137 dico,
4099 2059 4223 2125 hoc
4276 2082 4420 2127 esse
4479 2081 4610 2127 non

2660 2167 2979 2230 personae
3044 2145 3159 2211 sed
3217 2147 3537 2211 essentiae
3596 2145 3904 2230 elogium.
4003 2146 4236 2214 Habeo
4300 2146 4613 2213 idoneum

2663 2234 2858 2298 huius
2921 2232 3320 2315 loquutionis
3375 2242 3669 2297 autorem
3736 2232 4038 2315 spiritum
4105 2241 4435 2311 sanctum,
4504 2233 4613 2316 qui

2660 2318 3024 2384 sententias
3068 2337 3326 2395 omnes,
3379 2318 3617 2401 quibus
3672 2314 3949 2381 αὖτουσία
3995 2319 4120 2384 Dei
4177 2318 4611 2402 praedicatur,

2658 2402 2743 2469 ad
2788 2403 3132 2469 Christum
3172 2405 3389 2482 refert,
3437 2425 3637 2485 quum
3682 2402 3827 2470 aliis
3869 2402 4027 2470 locis
4063 2413 4203 2469 tum
4246 2405 4465 2488 primo
4508 2424 4611 2470 ca-

2659 2491 2794 2573 pite
2836 2489 2920 2554 ad
2963 2487 3319 2555 Hebraeos.
3408 2490 3715 2571 Denique
3768 2491 3927 2555 satis
3982 2491 4064 2555 de
4120 2512 4193 2555 re
4249 2490 4394 2572 ipsa
4439 2491 4611 2555 inter

2659 2596 2782 2641 nos
2817 2576 3140 2653 convenit,
3185 2575 3316 2640 nisi
3357 2574 3750 2640 insatiabilis
3793 2575 4056 2641 rixandi
4100 2574 4299 2641 libido
4346 2576 4454 2641 vel
4497 2595 4609 2659 po-

2657 2662 2792 2726 tius
2837 2661 3173 2726 muliebris
3213 2661 3600 2744 impotentia
3640 2660 3976 2727 hominem
4019 2661 4362 2745 abriperet.
4439 2662 4611 2729 Con-

2658 2747 2874 2812 tendit
2914 2746 3277 2824 Christum,
3325 2747 3482 2829 quia
3526 2748 3614 2811 sit
3658 2767 3755 2811 tex
3799 2748 4169 2813 substantia
4209 2750 4437 2830 patrie,
4483 2769 4610 2813 non

2660 2854 2699 2898 a
2743 2855 2812 2899 se
2867 2834 3009 2917 ipso
3068 2853 3244 2911 esse,
3318 2854 3521 2915 quum
3579 2831 3844 2898 aliunde
3943 2833 4293 2917 rincipium
4355 2832 4609 2899 habeat.

2657 2920 2842 2984 Haec
2885 2918 2982 2982 illi
3026 2916 3107 2982 de
3150 2939 3426 3000 persona
3461 2919 3794 2983 confiteor.
3863 2854 4038 2999 «fuid
4085 2919 4367 3003 amplius
4402 2917 4609 3002 petit?

2657 3006 2751 3070 Et
2793 3004 3008 3070 adhuc
3050 3005 3252 3069 iactat
3304 3004 3410 3070 hic
3468 3015 3752 3089 nugator
3807 3005 3932 3070 sibi
3991 3027 4106 3089 pro
4151 3005 4290 3070 sola
4334 3007 4613 3072 veritate

2658 3100 2990 3157 certamen
3013 3112 3172 3156 esse.
3242 3089 3452 3172 Quasi
3474 3113 3629 3156 vero
3664 3093 4011 3175 quisquam
4047 3093 4257 3176 magis
4299 3108 4613 3158 strenuus

2658 3176 2958 3261 magisve
3015 3177 3348 3242 animosus
3406 3177 3515 3242 vel
3570 3200 3719 3242 acer
3774 3178 4076 3247 veritatis,
4130 3178 4435 3244 defensor
4491 3200 4612 3244 un-

2659 3284 2853 3347 quam
2914 3263 3244 3327 exstiterit
3300 3285 3495 3345 quam
3541 3264 3809 3328 Paulus,
3913 3268 4005 3328 At
4065 3262 4369 3329 videmus
4413 3285 4611 3348 quam

2660 3370 2887 3415 severe
2945 3349 3135 3413 nobis
3185 3348 3626 3431 logomaehias
3681 3349 4049 3416 interdicat.
4139 3348 4334 3416 Unde
4389 3361 4611 3416 autem

2658 3435 2822 3500 mihi
2866 3435 3378 3500 controversiam
3422 3444 3680 3512 movet,
3739 3435 3869 3500 nisi
3915 3437 4068 3519 quia
4110 3457 4193 3501 ex
4240 3436 4380 3501 eius
4425 3456 4612 3519 prae·

2660 3522 2901 3603 scripto
2946 3540 3080 3584 non
3125 3518 3396 3601 loquar?
3485 3521 3566 3584 In
3611 3542 3684 3585 re
3720 3523 3917 3599 enim,
3976 3532 4052 3586 ut
4095 3521 4253 3601 dixi,
4300 3521 4473 3586 nihil
4518 3532 4612 3586 est

2660 3606 3097 3672 dissensionis.
3187 3604 3362 3685 Quid
3421 3606 3479 3669 si
3536 3608 3916 3689 contigisset
3969 3607 4161 3672 illum
4217 3627 4360 3672 esse
4404 3606 4612 3674 diser·

2661 3691 2851 3756 tum?
2941 3691 3244 3772 Qualem,
3291 3692 3472 3756 Deus
3516 3691 3702 3771 bone,
3749 3692 4165 3777 tyrannidem
4210 3696 4616 3760 exercuisset

2661 3779 2731 3843 in
2774 3777 3078 3859 loquendi
3122 3778 3395 3853 ratione,
3440 3798 3647 3859 quum
3689 3800 3866 3844 nunc
3909 3777 4139 3845 balbus
4174 3788 4241 3844 et
4274 3800 4479 3862 prope
4514 3780 4612 3843 in-

2660 3864 2806 3929 fans
2840 3862 3004 3928 velit
3037 3872 3262 3927 tamen
3296 3884 3415 3928 nos
3455 3862 3537 3927 ad
3561 3884 3716 3930 suas
3743 3862 4050 3947 loquendi
4085 3864 4266 3949 leges
4302 3863 4610 3948 adigere?

2834 3946 2971 4013 Sed
3029 3948 3113 4013 ad
3163 3970 3303 4013 rem
3361 3950 3572 4032 ipsam
3625 3948 3836 4016 redeo.
3926 3950 4171 4016 Fateor
4214 3951 4341 4015 Dei
4397 3951 4615 4016 filium

2663 4056 2803 4101 esse
2847 4057 2887 4099 a
2928 4044 3130 4117 patre.
3219 4035 3451 4117 Itaque
3494 4056 3696 4118 quum
3740 4056 4060 4118 personae
4100 4038 4266 4102 ratio
4307 4036 4611 4114 habetur,

2663 4120 2869 4186 fateor
2911 4141 3062 4184 eum
3105 4141 3243 4185 non
3284 4142 3425 4185 esse
3474 4140 3515 4185 a
3568 4142 3640 4187 se
3680 4122 3841 4204 ipso.
3932 4121 4157 4203 Quum
4198 4130 4419 4188 autem
4467 4123 4613 4189 abs·

2665 4228 2790 4290 que
2835 4227 3147 4289 personae
3184 4206 3427 4272 intuitu
3469 4205 3549 4271 de
3592 4206 3732 4274 eius
3773 4207 4147 4284 divinitate,
4211 4208 4315 4273 vel
4358 4208 4613 4294 simpli-

2665 4292 2828 4359 citer
2885 4291 2965 4357 de
3023 4292 3335 4372 essentia,
3395 4290 3566 4375 quod
3622 4291 3796 4359 idem
3851 4302 3979 4374 est,
4039 4294 4316 4360 habetur
4373 4316 4612 4373 sermo,

2665 4378 2808 4444 dico
2849 4376 2975 4443 hoc
3014 4398 3171 4444 vere
3213 4375 3294 4443 de
3335 4378 3480 4460 ipso
3514 4377 3878 4461 praedicari
3920 4377 4091 4463 quod
4130 4381 4219 4446 sit
4261 4403 4301 4446 a
4343 4402 4414 4447 se
4448 4382 4610 4465 ipso.

2668 4463 2836 4545 Quis
2878 4465 3056 4528 enim
3098 4463 3417 4531 hactenus
3471 4463 3594 4530 sub
3646 4466 3912 4531 nomine
3951 4466 4248 4532 Iehovah
4292 4466 4615 4532 contineri

2668 4549 3151 4632 expressionem
3208 4547 3517 4624 αὖτουσίας
3570 4550 3888 4635 negavit?
3974 4552 4102 4617 His
4145 4551 4364 4618 verbis
4408 4574 4613 4636 quum

2668 4634 2839 4700 nihil
2880 4636 2968 4701 sit
3019 4635 3262 4702 clarius
3276 4685 3294 4715 ,
3350 4635 3594 4720 duplici
3648 4638 4041 4704 obscuritate
4097 4638 4412 4722 perplexa
4468 4659 4613 4705 esse

2668 4723 2979 4806 queritur.
3067 4720 3348 4789 Dubitat
3404 4721 3583 4786 enim
3639 4744 3728 4788 an
3782 4724 4102 4789 essentiae
4157 4725 4468 4791 vocabulo
4514 4724 4612 4790 di-

2666 4809 2896 4873 vinam
2938 4807 3191 4874 Christi
3232 4817 3544 4872 naturam
3586 4808 3978 4892 significem,
4034 4830 4120 4875 an
4163 4809 4411 4894 aliquid
4455 4832 4611 4879 con-

2667 4894 2810 4959 fuse
2852 4915 2937 4959 ex
2988 4893 3242 4959 duabus
3295 4895 3549 4959 naturis
3604 4896 3977 4962 conflatum.
4078 4894 4184 4961 Ita
4225 4896 4612 4981 ingeniosus

2668 4980 2905 5045 artifex
2946 4989 3240 5045 monstra
3278 4979 3425 5062 ipsa
3467 4979 3592 5045 sibi
3635 4981 3829 5065 fingit
3874 4993 3950 5046 ut
3993 4981 4237 5064 aliquid
4281 4982 4610 5068 perplexi-

2667 5066 2826 5130 tatis
2867 5067 2938 5130 in
2979 5064 3179 5130 rebus
3220 5064 3435 5149 planis
3466 5066 3785 5131 inveniat.
3850 5066 3987 5133 Sed
4027 5076 4254 5151 postea
4296 5069 4401 5134 sui
4442 5067 4608 5133 obh-

2666 5158 2774 5218 tus
2809 5150 3036 5218 relicta
3068 5150 3354 5217 secunda
3385 5150 3780 5217 obscuritate
3814 5152 3944 5220 alio
3979 5154 4315 5220 transsilit.
4373 5156 4609 5238 Longo

2666 5237 3020 5304 verborum
3076 5235 3351 5303 circuitu
3401 5238 3722 5304 conficere
3773 5238 3897 5305 hoc
3952 5238 4204 5320 studet,
4264 5239 4609 5308 Christum

2665 5345 2800 5390 non
2842 5343 2985 5390 esse
3027 5344 3069 5389 a
3109 5343 3180 5389 se
3219 5322 3382 5406 ipso.
3445 5322 3681 5390 Plures
3723 5324 3793 5389 in
3835 5326 3975 5392 eius
4018 5326 4114 5392 rei
4156 5325 4609 5411 probationem
