4825 6175
195 454 303 517 513

188 648 365 724 atque
429 637 502 702 in
569 635 1047 704 Ber-nardinum
1110 637 1331 719 incidi,
1346 641 1405 712 ¹)
1472 641 1584 724 qui
1649 639 1917 707 dimidia
1978 641 2116 707 fere

187 726 337 792 hora
376 722 721 807 appulerat
762 732 1112 808 antequam
1148 724 1314 790 mihi
1346 725 1577 792 obvius
1620 728 1824 806 fieret,
1869 727 2114 793 saluta-

185 810 364 878 tionis
415 828 763 891 rerumque
827 810 1120 874 omnium
1183 810 1426 877 oblitus
1488 812 1568 878 de
1620 834 1767 878 meo
1820 812 2115 880 Mascula

184 895 489 964 sciscitari
545 894 804 978 incipio.
829 895 886 975 ⁸)
989 894 1386 979 Quanquam
1445 899 1539 966 sic
1593 897 1674 964 de
1727 909 1843 964 tua
1898 898 2111 965 salute

178 1003 278 1048 me
326 981 524 1046 fuisse
567 980 917 1047 sollicitum
985 981 1221 1060 fateor,
1289 993 1364 1047 ut
1426 983 1625 1049 simul
1691 983 2113 1050 vehementer

179 1076 528 1134 metuerem
571 1087 654 1131 ne
694 1067 1032 1131 ecclesiam
1092 1067 1426 1134 desereres
1481 1070 1550 1133 in
1608 1078 1793 1135 tanta
1834 1067 2113 1136 necessi·

180 1163 322 1230 tate,
366 1158 443 1217 ut
484 1152 627 1216 fieri
671 1151 837 1217 solet
879 1152 1074 1218 rebus
1118 1150 1476 1238 desperatis
1520 1174 1597 1218 ac
1640 1154 1911 1238 perditis
1928 1206 1945 1234 ,
2004 1154 2109 1222 vel

174 1239 401 1323 potius,
446 1245 758 1320 tanquam
804 1258 842 1302 a
878 1258 1079 1321 grege
1114 1237 1433 1318 desertus,
1479 1240 1606 1306 alio
1649 1249 1716 1306 te
1759 1240 2107 1307 conferres.

173 1322 450 1390 Difficile
509 1323 684 1389 enim
740 1330 845 1390 est
899 1323 968 1387 in
1038 1331 1174 1388 tam
1230 1324 1432 1390 densa
1495 1325 1775 1410 caligine
1842 1346 2110 1392 cernere

170 1408 317 1494 quid
361 1407 647 1474 maxime
683 1407 1001 1491 expediat.
1071 1408 1281 1485 Nunc,
1320 1410 1676 1492 quamlibet
1710 1411 1884 1478 acris
1910 1412 2111 1478 fuerit

170 1494 476 1579 probatio,
522 1494 884 1560 Dominum
927 1503 1149 1560 tamen
1184 1505 1251 1560 et
1291 1496 1412 1561 tibi
1456 1509 1525 1563 et
1566 1496 1831 1582 collegis
1873 1499 2105 1582 spiritu

167 1580 549 1665 prudentiae
607 1590 675 1645 et
725 1579 979 1645 consilii
1037 1580 1360 1658 illuxisse,
1421 1591 1795 1666 vestrosque
1852 1584 2107 1650 animos

165 1665 395 1750 spiritu
438 1664 837 1732 fortitudinis
877 1666 1271 1733 sustinuisse
1312 1667 1582 1752 gaudee,
1637 1667 1848 1751 quoad
1890 1670 1959 1734 in
2003 1692 2106 1735 re·

163 1752 276 1818 bus
320 1773 459 1818 non
495 1752 758 1836 optimis
793 1751 961 1817 licet.
1027 1749 1172 1817 Deo
1209 1753 1407 1819 etiam
1454 1754 1702 1838 gratias
1746 1774 1888 1839 ago,
1934 1756 2101 1839 quod

161 1836 351 1904 rebus
393 1845 722 1921 utcunque
765 1837 1086 1922 mitigatis
1142 1838 1621 1922 aliquantulum
1667 1839 1848 1906 vobis
1902 1842 2106 1923 respi-

160 1942 302 1988 rare
359 1920 587 1988 datum
650 1924 765 1998 sit,
834 1922 1039 1988 donec
1105 1923 1297 2007 plane
1362 1925 1722 2008 tranquilla
1788 1926 2106 1993 serenitas

159 2008 489 2095 affulgeat.
576 2008 852 2073 Interim
913 2031 1031 2074 nos
1087 2011 1534 2093 experimento
1577 2010 1826 2078 discere
1869 2033 2106 2079 conve-

157 2094 256 2159 nit
298 2093 474 2177 quod
517 2095 818 2161 omnibus
860 2095 1133 2161 saeculis
1175 2096 1492 2161 usitatum
1530 2097 1672 2172 fuit,
1718 2097 1938 2163 Deum
1984 2098 2105 2162 mi-

155 2180 471 2260 rabiliter,
517 2179 759 2263 absque
793 2180 1097 2245 humanis
1140 2179 1498 2263 praesidiis,
1543 2182 1880 2249 ecclesiam
1919 2202 2102 2248 suam

37 2277 38 2286 ’
155 2285 444 2331 servare.
529 2265 718 2331 Freti
761 2267 966 2351 igitur
1008 2265 1131 2334 hac
1187 2264 1421 2333 fiducia
1476 2288 1592 2351 per
1629 2269 1892 2350 quasvis
1935 2269 2104 2334 diffi-

37 2407 40 2436 „
153 2351 436 2417 cultates
476 2372 897 2436 perrumpere
950 2352 1269 2430 nitamur,
1329 2374 1449 2419 uec
1501 2373 1787 2436 unquam
1848 2352 2106 2420 deficia-

151 2458 297 2502 mus
360 2437 634 2516 animis,
691 2438 945 2504 etiamsi
1001 2459 1121 2504 nos
1175 2439 1395 2502 omnia
1447 2437 1824 2504 destituant.
1914 2439 2101 2518 Vale,

149 2521 358 2588 frater
404 2523 829 2607 integerrime
877 2531 946 2587 et
978 2523 1140 2588 mihi
1178 2543 1260 2588 ex
1306 2524 1525 2589 animo
1568 2524 1924 2602 carissime,
1972 2546 2104 2590 una

37 2637 38 2664 ι
149 2628 298 2673 cum
344 2608 738 2692 symmystis
781 2609 930 2687 tuis,
976 2630 1134 2691 quos
1176 2630 1402 2674 omnes
1443 2608 1755 2676 salutabis
1800 2631 1944 2676 meo
1985 2633 2101 2676 no-

145 2693 326 2759 mine
397 2702 834 2777 peramanter.
922 2692 1249 2759 Dominus
1291 2693 1478 2760 Iesus
1522 2695 1708 2760 vobis
1752 2693 1937 2773 adsit,
1983 2717 2102 2762 vos

236 2780 484 2845 bernet
536 2799 655 2844 suo
713 2781 949 2864 spiritu
967 2830 983 2859 ‚
1049 2782 1412 2862 vestrisque
1468 2781 1714 2847 sanctis
1769 2781 2103 2847 laboribus

222 2862 514 2931 nedicat.
605 2866 847 2930 Domui
892 2866 1089 2929 etiam
1133 2874 1284 2930 tuae
1327 2865 1676 2947 plurimam
1721 2886 1804 2932 ex
1848 2888 1955 2933 me
1998 2889 2101 2934 sa-

143 2950 350 3016 lutem
401 2949 597 3016 dices.
690 2950 1002 3017 Genevae
1049 2955 1146 3014 21.
1196 2950 1449 3034 Aprilis
1500 2956 1679 3016 1547.

1080 3087 1363 3153 Ioannes
1410 3085 1727 3156 Calvinus
1772 3098 1940 3157 tuus.

312 3258 636 3344 Collegae
681 3261 879 3325 etiam
923 3261 1050 3324 mei
1090 3280 1205 3326 vos
1240 3282 1467 3326 omnes
1511 3272 1888 3327 reverenter
1930 3264 2102 3328 salu-

139 3352 306 3410 tant.
430 3345 512 3412 Si
572 3344 832 3429 quando
901 3344 1164 3411 dabitur
1221 3348 1671 3430 opportunitas
1736 3349 1931 3414 facies
1998 3370 2101 3414 me

137 3429 213 3495 de
258 3431 478 3496 rebus
522 3433 655 3495 tuis
698 3433 1058 3498 certiorem.
1090 3433 1144 3511 ⁴)

1059 3959 1211 4029 900.

649 4112 1117 4181 OALVINUS
1164 4113 1616 4180 MYOONIO.

309 4283 701 4350 Michaelem
747 4284 978 4368 Copum
1033 4287 1410 4352 commendat
1453 4284 1785 4353 Basileam
1817 4287 2103 4370 proficis-

127 4378 386 4436 ceulam.

131 4542 238 4606 (Ex
289 4539 652 4663 autographo
699 4540 915 4594 Archiv.
963 4541 1139 4594 Turio.
1190 4542 1318 4596 olim
1357 4543 1493 4612 Epp.
1541 4542 1690 4624 [Pom.
1733 4543 1825 4597 Vl.
1878 4544 2022 4598 Part.
2059 4545 2100 4598 1.

221 4627 382 4664 nunc
476 4611 573 4662 lut.
612 4608 709 4662 VI.
748 4609 870 4662 Vol.
911 4608 1026 4675 111,
1074 4609 1164 4663 fol.
1203 4608 1353 4663 1437.
1407 4639 1466 4649 -—
1505 4610 1716 4667 Slmler.
1756 4612 1871 4665 Vol.
1910 4613 2016 4676 63.)

347 4880 411 4948 2)
465 4881 576 4950 Qui
607 4890 784 4938 tamen
818 4885 896 4940 an·
927 4901 1038 4938 non
1083 4885 1182 4938 diu
1218 4891 1577 4940 commoratus
1611 4893 1703 4951 est,
1751 4889 1816 4954 cs.
1874 4886 1948 4939 Ν.
1984 4884 2102 4956 888,

220 4990 235 5005 ο
315 4992 329 5003 ’
348 5019 418 5085 3)
467 5019 604 5075 Post
642 5021 919 5103 redditast
971 5024 1155 5077 urbem
1202 5025 1532 5106 timasium·
1555 5024 1635 5079 ibi
1680 5025 1940 5077 remansit
1983 5039 2101 5079 cum

123 5089 298 5212 ⁶⁰¹¹⁶⁹002
292 5087 484 5224 ffl-
507 5089 764 5213 αἶᾞῖ·
799 5090 1946 5232 fflmwatmzfflmaetw
1948 5099 2108 5215 '12:23-

129 5224 271 5280 1548
307 5226 586 5294 (Ructat
615 5228 738 5282 VII.
775 5227 881 5297 14).

345 5296 413 5361 4)
463 5297 751 5377 nyssaeus
784 5301 1106 5371 adsmpoit:
1143 5302 1294 5359 1547.
1330 5306 1378 5359 3.
1409 5306 1536 5359 maii
1560 5316 1667 5370 quo
1702 5300 1813 5355 oea.
1847 5299 1935 5353 ace
1968 5301 2102 5368 ⁶9⁶³·

124 5369 298 5422 telam
337 5374 580 5434 accepit.

351 5455 590 5512 calvini
620 5472 801 5526 opera.
882 5459 995 5514 Vol.
1033 5456 1180 5512 XII.

1793 455 1953 516 1547
1998 451 2592 521 APRIL.--MA1.

4040 462 4168 527 514

2218 639 2684 742 Ornat[issimo
2717 642 3024 795 υἰνοὲοῡ..
3051 641 3368 731 O[sualdo
3391 643 3707 733 Myconio]
3753 646 3958 746 Basili
3966 645 4170 747 [ensis

2215 727 2501 794 eccle-snae
2524 726 2803 816 pastori]
2944 736 3030 794 tn
3064 738 3131 795 et
3168 727 3592 818 [symmystae]
3624 730 4165 821 colend[‡sssm0.]

2387 861 2458 930 S.
2548 865 2681 930 Hic
2722 886 2895 932 unus
2933 873 3035 931 est
3086 886 3171 930 ex
3223 865 3490 950 collegis
3541 868 3815 947 nostris,
3873 869 4164 936 Michael

2218 946 2441 1100 Οιῖἔε,
2478 951 2583 1016 vir
2614 951 2895 1016 eximiae
2928 951 3194 1035 pietatis
3229 963 3296 1015 et
3331 950 3679 1031 doctrinae,
3717 953 3832 1018 sed
3867 956 3979 1037 qui
4058 954 4163 1021 lus

2215 1034 2303 1099 ha
2383 1043 2410 1099 t
2471 1036 2879 1101 reconditum
2939 1057 3135 1119 quam
3191 1037 3261 1100 in
3320 1037 3536 1102 fronte
3589 1039 3908 1105 ostendat.
4076 1060 4162 1106 ua

2215 1119 2296 1184 de
2329 1141 2533 1186 causa
2569 1122 2736 1188 istuc
2769 1123 3096 1205 profectus
3130 1122 3349 1198 fuerit,
3388 1123 3503 1187 tibi
3539 1123 3822 1190 breviter
3840 1136 4157 1208 exponet.

2214 1205 2290 1271 Si
2333 1206 2897 1274 commendatione
2953 1226 3117 1291 opus
3164 1207 3430 1282 habeat,
3490 1219 3638 1290 peto
3694 1209 3809 1275 abs
3852 1221 3919 1275 te
3975 1221 4051 1277 ut
4093 1221 4160 1275 te

2212 1291 2307 1356 illi
2354 1292 2718 1358 humanum
2762 1293 3148 1376 facilemque
3190 1291 3535 1376 praebeas,
3592 1297 3726 1361 imo
3770 1296 3962 1379 plane
4002 1298 4161 1362 ami-

2212 1398 2360 1443 cum
2421 1386 2489 1443 et
2540 1378 2813 1443 fratrem
2865 1389 3176 1461 praestes.
3266 1377 3450 1443 Nihil
3504 1391 3608 1445 est
3659 1381 3729 1445 in
3788 1383 4161 1466 praesentia

2212 1461 2382 1545 quod
2430 1465 2729 1530 scribam.
2828 1462 2933 1529 De
2988 1464 3182 1529 rebus
3241 1466 3483 1529 nostris
3539 1488 3620 1530 cx
3676 1487 3752 1531 ec
3805 1466 4153 1551 intelliges.

2209 1547 2380 1612 Vale
2424 1549 2662 1615 iterum
2714 1558 2906 1634 atque
2960 1550 3204 1614 iterum
3248 1570 3374 1614 una
3423 1571 3571 1616 cum
3618 1573 3836 1619 uxore.
3927 1553 4160 1618 Domi-

2209 1655 2337 1698 nus
2379 1634 2568 1701 Iesus
2613 1656 2732 1701 vos
2767 1643 2953 1719 regat
2990 1635 3225 1717 spiritu
3262 1655 3383 1699 suo
3428 1656 3504 1700 ac
3547 1637 3795 1703 virtute
3839 1659 3958 1704 sua
4001 1659 4155 1704 con-

2208 1727 2445 1784 servet.
2535 1720 2847 1786 Genevae
2891 1724 2990 1785 25.
3036 1719 3243 1802 April.
3299 1726 3479 1786 1547.

3129 1856 3411 1922 Ioannes
3458 1860 3774 1925 Calvinus
3818 1869 3989 1924 tuus.

3111 2332 3260 2402 9⁰1.

2699 2469 3170 2537 GALVINUS
3215 2468 3545 2536 MYOON
3549 2470 3667 2536 10.

2391 2642 2735 2707 Valerandi
2760 2640 3014 2708 Pollam·
3054 2643 3359 2726 neqotium
3392 2661 3532 2706 cum
3565 2640 3784 2723 puella
3826 2643 3897 2706 in
3931 2643 4152 2708 matri·

2204 2728 2487 2793 monium
2529 2728 2809 2794 ducenda
2851 2728 3054 2794 denuo
3096 2731 3334 2794 tractat.

2207 2899 2399 2959 (Manu
2435 2897 2643 2952 Calvini
2690 2897 2895 2967 scripta
2939 2913 3047 2951 nou
3094 2903 3290 2951 exstat.
3376 2896 3401 2949 1
3442 2912 3500 2948 se
3546 2895 3675 2950 Cod.
3713 2895 3846 2951 Gen.
3890 2896 4010 2962 106,
4060 2897 4155 2951 fol.

2213 2965 2310 3020 189
2346 2967 2569 3020 exhibet
2604 2983 2807 3035 apogra
2845 2966 2970 3019 hon.
3025 2967 3152 3018 Alia
3187 2966 3355 3017 habet
3434 2965 3520 3018 od.
3560 2963 3655 3015 111
3711 2965 3801 3018 sol.
3843 2963 3957 3032 166,
3996 2966 4153 3020 Beru.

2843 3033 2885 3087 1.
2922 3051 2973 3105 p.
3010 3031 3114 3089 822
3149 3039 3206 3087 et
3241 3033 3452 3089 Simlcr.
3489 3032 3614 3087 Vol.
3648 3004 3760 3093 434.)

2584 3035 2723 3105 Epp.

2207 3190 2788 3257 Praestantissimo
2837 3189 2974 3254 viro
3017 3189 3103 3253 D.
3142 3186 3435 3253 Osualdo
3480 3187 3788 3272 Myconio
3830 3188 4159 3253 Basilicu-

2208 3279 2297 3342 sis
2342 3275 2648 3343 ecclesiae
2690 3276 2938 3358 pastori
2978 3273 3365 3425 flgglggslilffig
3404 3280 3809 3357 symmystae
3852 3274 4156 3358 inprimis

2379 3496 2451 3563 S.
2540 3495 2755 3561 Valde
2803 3496 3079 3561 miratus
3136 3516 3282 3561 sum
3326 3515 3527 3578 quum
3584 3492 3805 3559 audivi
3847 3493 4031 3558 litem
4076 3494 4159 3560 il-

2208 3584 2357 3661 lam,
2386 3588 2434 3659 ¹)
2480 3603 2676 3665 quam
2716 3580 2918 3647 nobili
2957 3580 3210 3664 puellae
3260 3580 3671 3645 Wilerziacae
3690 3578 3746 3663 ²)
3791 3579 3997 3643 movit
4035 3578 4157 3647 Va-

2206 3671 2522 3748 lerandus‚
2566 3667 2781 3733 adhuc
2836 3668 2981 3732 istic
3026 3663 3325 3749 pendere.
3422 3665 3770 3747 Nunquam
3815 3666 3991 3730 enim
4033 3686 4157 3750 pu-

2207 3763 2450 3821 tassem
2491 3764 2629 3817 tam
2670 3753 2888 3837 longis
2919 3751 3301 3834 ambagibus
3346 3752 3490 3815 istic
3528 3750 3745 3816 locum
3783 3749 3942 3815 dari.
4011 3751 4069 3815 E

2205 3839 2472 3924 quidem
2515 3860 2649 3903 non
2692 3839 2922 3916 ausim,
2968 3858 3176 3919 neque
3219 3838 3414 3900 etiam
3452 3835 3684 3913 velim,
3740 3832 3821 3899 de
3876 3855 3949 3898 re
3991 3840 4081 3900 mi
4137 3837 4151 3850 “

2207 3924 2504 3992 nondum
2545 3924 2708 3989 satis
2750 3932 3081 4005 comperta
3121 3923 3567 4004 pronunciare.
3658 3919 3791 3986 Sed
3836 3930 4159 4004 quantum

2208 4035 2292 4076 ex
2336 4010 2591 4076 idoneis
2634 4010 2909 4074 testibus
2953 4008 3277 4092 intellige,
3335 4027 3441 4072 res
3485 4026 3614 4070 non
3658 4016 3760 4070 est
3803 4005 3964 4071 adeo
4006 4029 4155 4090 per-
4192 4068 4209 4095 2

2208 4098 2402 4181 plexa
2444 4096 2599 4179 quin
2641 4094 2846 4177 possit
2890 4092 3176 4159 breviter
3218 4092 3530 4176 expediri.
3620 4092 3733 4157 Me
3777 4092 3984 4175 ipsius
4036 4094 4157 4158 Va-

2207 4183 2456 4248 zerandi
2497 4181 2785 4259 miseret,
2837 4180 2919 4244 de
2960 4200 3086 4262 quo
3140 4178 3418 4243 antehac
3462 4176 3767 4242 nonnihil
3810 4179 3963 4243 boni
4008 4199 4156 4260 spe-

2207 4288 2527 4334 raveram.
2617 4265 2711 4333 Ut
2754 4276 2975 4330 tamen
3020 4285 3248 4328 vorum
3293 4266 3520 4340 fatear,
3581 4263 3816 4326 accidit
3858 4263 4025 4345 quod
4073 4266 4157 4328 ti-

2208 4355 2365 4431 mui,
2411 4373 2615 4437 quum
2661 4351 2853 4436 signa
2897 4349 2983 4415 ali
3029 4371 3115 4414 ua
3148 4369 3305 4414 suae
3342 4349 3629 4412 levitatis
3666 4349 3853 4413 bonis
3888 4369 3962 4414 ac
3997 4369 4155 4431 pru-

2206 4437 2510 4505 dentibus
2551 4437 2717 4502 viris
2760 4438 2941 4520 prius
3029 4434 3285 4500 edisset.
3377 4433 3767 4515 Quanquam
3809 4434 3881 4498 in
3924 4453 3999 4497 eo
4045 4432 4153 4497 de-

2209 4525 2376 4609 cepti
2434 4524 2681 4589 fuimus
2724 4543 2980 4598 omnes,
3041 4520 3210 4603 quod
3268 4541 3444 4585 nunc
3499 4518 3768 4601 perinde
3826 4538 3901 4581 ac
3959 4518 4153 4582 homo

2209 4610 2541 4695 prostituti
2587 4608 2852 4691 pudoris
2910 4606 3189 4672 ludibrio
3234 4625 3303 4669 se
3346 4604 3674 4687 propinat,
3736 4612 3811 4668 ut
3866 4603 4152 4686 puellam

2206 4716 2431 4762 secum
2474 4693 2765 4771 infamet,
2810 4712 2975 4776 quae
3009 4692 3282 4756 minime
3318 4689 3518 4775 digna
3545 4700 3687 4753 erat
3721 4689 3961 4755 talibus
3997 4708 4152 4755 con-

2209 4781 2514 4847 tumeliis.
2602 4780 2694 4844 Et
2751 4777 2904 4861 quid
2959 4776 3139 4842 aliud
3194 4777 3476 4859 proficit,
3539 4775 3664 4840 nisi
3720 4784 3797 4839 ut
3839 4782 4153 4858 tanquam

2241 4968 2380 5023 901.
2419 4966 2478 5033 1)
2524 4967 2747 5022 Videtur
2780 4980 2951 5020 causa
2981 4965 3223 5030 forensis
3255 4966 3451 5030 fuisse,
3497 4961 3787 5015 secundm
3831 4962 4004 5029 leynam
4037 4961 4153 5026 for·

2205 5053 2350 5091 mam
2407 5041 2533 5092 acta
2584 5050 2767 5089 coram
2819 5035 3142 5089 consistorio
3193 5032 3497 5086 Basiliensi
3550 5035 3649 5084 aut
3704 5029 3816 5082 alio
3868 5030 4150 5084 tribunali.

2217 5103 2353 5161 Viae
2381 5106 2407 5158 i
2471 5119 2555 5159 ra.
2966 5152 2973 5155 ,

2405 5104 2479 5235 ’2ης
2513 5173 2586 5225 In
2622 5172 2836 5227 nomine
2868 5170 3078 5226 codices
3111 5176 3160 5224 et
3194 5170 3308 5237 ipsi
3340 5171 3630 5235 scriptores
3675 5166 4021 5234 epistolarum
4055 5180 4152 5220 va·

2208 5248 2378 5297 riam.
2440 5242 2660 5296 Bonnet
2691 5240 2904 5311 quidem
2935 5240 3169 5306 formam
3192 5238 3431 5292 nominis
3455 5236 3691 5304 Wilcrgy
3723 5234 3984 5304 praefert,
4027 5233 4151 5289 Gal·

2208 5314 2327 5366 vini
2369 5326 2566 5365 manus
2612 5316 2792 5365 tamen
2833 5309 2985 5364 illam
3030 5324 3169 5379 quae
3214 5312 3265 5362 et
3306 5306 3395 5361 hic
3439 5307 3685 5359 occurrit.
3762 5303 4038 5357 Caeterum
4079 5320 4151 5358 σε

2208 5382 2348 5449 ips-‘s
2381 5380 2622 5448 epistolis
2653 5395 2767 5434 rem
2801 5379 2978 5447 ipsam
3013 5379 3107 5430 vix
3146 5382 3396 5431 accurate
3431 5374 3622 5428 disces.
