4825 6175
625 445 754 509 359

619 638 811 696 tuam
851 631 1274 699 laetissimam
1314 637 1700 696 matronam.
1780 628 2126 696 Anhelabo
2168 627 2253 694 ad
2293 627 2583 695 reditum

623 717 866 782 horum
909 718 1021 800 qui
1063 719 1187 784 tibi
1229 717 1351 782 1100
1392 716 1752 800 perferunt,
1798 723 1867 782 et
1900 724 2048 781 tuas
2090 715 2315 781 literas
2357 722 2430 780 et
2466 715 2585 780 sti-

625 802 846 868 mulos
911 803 1288 870 avidissime
1351 803 1761 887 exspectabo.
1870 801 2011 867 Fac
2067 800 2277 885 igitur
2338 822 2446 867 me
2501 801 2584 867 de

627 888 931 955 omnibus
972 909 1140 972 quae
1192 889 1439 973 poteris
1494 889 1859 955 certiorem.
1946 888 2209 952 Rursus
2268 886 2421 952 vale
2479 888 2587 952 vir

621 975 1056 1041 ornatissime.

1751 1060 1934 1124 'suus
1975 1078 2061 1123 ex
2104 1057 2326 1123 animo

1660 1143 1942 1210 Ioannes
1983 1142 2413 1228 Burgundus.

1411 1437 1819 1448 -ιι--α-

1517 1689 1674 1761 800.

1147 1842 1619 1913 GALVINUS
1664 1841 2038 1912 VIRE'PO.

793 2016 932 2083 Sibi
976 2017 1223 2084 videtur
1262 1981 1547 2099 aliquam
1597 2015 1910 2082 invenisse
1961 2015 2362 2082 lectissimam
2393 2015 2575 2097 puel-

614 2105 745 2171 lam
790 2124 981 2186 quam
1023 2105 1224 2169 amico
1264 2102 1611 2169 ducendam
1637 2120 1862 2183 presse
1904 2101 2295 2168 commendat.

614 2275 730 2343 (Ex
766 2280 993 2344 autogra
1030 2274 1103 2328 ho
1138 2273 1270 2329 Ood.
1305 2272 1509 2327 Gener.
1549 2271 1676 2338 106,
1723 2271 1816 2325 fol.
1854 2269 1969 2326 167.
2038 2270 2132 2324 1110
2203 2271 2380 2324 ximus
2414 2285 2574 2340 prae·

612 2350 772 2399 terea
807 2360 960 2397 exem
1022 2344 1137 2397 aria
1170 2342 1454 2397 lenvillaei
1497 2341 1628 2397 God.
1665 2339 1836 2404 111⁸,
1888 2339 1982 2398 fol.
2018 2338 2067 2406 7,
2256 2338 2392 2395 etini
2442 2340 2573 2395 Cod.

615 2412 736 2481 111,
770 2414 861 2467 fol.
898 2412 928 2465 1
1002 2453 1016 2479 ,
1053 2412 1328 2467 Bemense
1362 2412 1507 2481 Epp.
1555 2410 1683 2464 VII.
1720 2406 1823 2463 765
1868 2415 1926 2462 et
1961 2408 2177 2462 Simleri
2222 2408 2342 2463 Vol.
2378 2407 2466 2462 61.
2505 2437 2572 2448 —

1150 2480 1349 2535 Versio
1383 2479 1595 2549 anglica
1627 2479 1687 2532 Τ.
1722 2477 1799 2533 11.
1834 2494 1889 2547 p.
1926 2475 2043 2545 51.)

613 2651 1031 2719 Fidelissimo
1074 2650 1344 2718 Domini
1389 2649 1598 2716 nostri
1640 2648 1795 2714 Iesu
1838 2646 2092 2713 Christi
2131 2667 2326 2714 servo
2370 2648 2572 2714 Petro

784 2739 1015 2803 Vireto
1059 2735 1558 2803 Lausannensis
1601 2733 1912 2800 ecclesiae
1952 2734 2205 2817 pastori
2249 2733 2458 2800 amico
2504 2740 2574 2799 et

780 2825 974 2890 fratri
1017 2823 1370 2889 carissimo.

785 2957 858 3025 S.
904 2959 1006 3024 'I'u
1043 2957 1198 3042 quid
1240 2957 1535 3023 facturus
1569 2956 1661 3022 010
1694 2956 1929 3041 cogita,
1966 2961 2035 3021 et
2067 2954 2228 3039 quid
2262 2957 2572 3022 statueris

610 3064 770 3112 mox
833 3044 1136 3111 rescribe.
1240 3042 1389 3125 Quo
1441 3042 1590 3127 plus
1641 3041 2067 3126 inquirimus,
2129 3061 2208 3108 eo
2271 3041 2573 3127 pluribus

610 3130 1006 3196 testimoniis
1069 3137 1136 3196 et
1198 3129 1578 3196 melioribus
1641 3135 1918 3195 ornatur
1981 3129 2223 3213 puella.
2333 3129 2571 3213 Itaque

608 3238 787 3283 nunc
831 3217 1098 3301 exploro
1131 3217 1343 3299 patris
1377 3216 1803 3283 voluntatem.
1871 3212 2091 3281 Simul
2131 3236 2207 3281 00
2250 3216 2414 3281 certi
2449 3216 2570 3280 ali-

608 3302 766 3387 quid
810 3301 1235 3369 habuerimus
1291 3302 1410 3369 tibi
1463 3300 1782 3369 indicabo.
1884 3301 1988 3366 'l'u
2031 3300 2291 3366 interea
2325 3303 2436 3367 ‘fac
2478 3301 2570 3367 sis

606 3396 894 3473 paratus.
989 3387 1259 3455 Perrino
1303 3409 1434 3453 non
1488 3388 1705 3472 placet
1761 3387 1885 3453 hoc
1925 3387 2309 3472 coniugium
2324 3438 2341 3466 ‚
2394 3386 2569 3471 quod

602 3474 811 3541 filiam
837 3474 1070 3541 Ramei
1110 3474 1232 3539 tibi
1273 3473 1421 3542 vult
1461 3471 1828 3541 obtrudere.
1917 3471 1998 3537 Id
2040 3493 2147 3538 me
2182 3473 2394 3557 magis
2438 3473 2569 3539 001-

603 3560 815 3628 licitat
855 3568 933 3627 ut
975 3568 1234 3627 mature
1277 3580 1851 3645 praeoccupemus,
1895 3580 1980 3624 ne
2016 3559 2223 3625 simus
2266 3558 2567 3643 impediti

604 3645 997 3713 excusando.
1085 3645 1321 3724 Hodie,
1366 3652 1689 3730 quantum
1731 3644 2049 3728 intelligo,
2089 3665 2349 3711 mecum
2392 3653 2564 3730 aget.

600 3733 780 3799 Nam
836 3755 877 3798 a
923 3730 1157 3800 Gorneo
1200 3732 1463 3799 invitati
1519 3753 1749 3797 sumus
1803 3729 1994 3796 ambo
2051 3729 2136 3796 ad
2194 3750 2486 3798 coenam.
2514 3732 2565 3814 ¹)

602 3819 756 3905 Ego
778 3826 1038 3903 tempus
1083 3818 1428 3885 extraham
1452 3818 1630 3883 civili
1665 3824 2038 3902 praetextu.
2108 3816 2329 3902 Magis
2365 3838 2566 3901 expe-

602 3904 778 3971 diret
819 3906 874 3971 si
919 3905 1083 3970 mihi
1125 3907 1539 3989 permitteres
1576 3925 1722 3969 eam
1764 3910 2006 3986 petere.
2072 3903 2192 3969 Bis
2226 3923 2373 3970 eam
2409 3901 2564 3968 vidi.

607 3990 1103 4057 Modestissima
1168 4000 1269 4056 est
1330 3990 1524 4056 vultu
1542 4041 1559 4068 ,
1633 3996 1703 4055 et
1774 3997 1911 4053 toto
1982 3988 2274 4072 corporis
2334 3987 2565 4053 habitu

611 4077 778 4142 mire
825 4077 1078 4144 decoro.
1166 4078 1274 4143 De
1317 4076 1608 4141 moribus
1663 4076 1756 4139 ita
1794 4074 2160 4157 loquuntur
2200 4095 2432 4139 omnes
2497 4083 2573 4139 ut

601 4163 887 4229 Ioannes
934 4162 1261 4245 Parvus2)
1321 4162 1488 4227 mihi
1531 4182 1741 4244 nuper
1783 4159 2027 4225 dixerit
2070 4180 2143 4224 se
2186 4180 2330 4226 esse
2372 4161 2446 4225 in
2491 4180 2570 4226 ea

604 4257 885 4333 captum.
955 4249 1143 4315 Vale.
1230 4249 1556 4314 Dominus
1600 4256 1667 4312 te
1708 4245 1982 4311 consilio
2024 4252 2216 4329 regat
2258 4266 2336 4311 ac
2376 4246 2569 4312 nobis

602 4334 946 4402 benedicat
986 4335 1058 4401 in
1093 4335 1220 4402 hoc
1263 4335 1433 4399 tanti
1488 4332 1806 4399 momenti
1848 4331 2171 4397 instituto.
2267 4336 2364 4399 13.
2410 4332 2568 4397 Iulii

1530 4505 1813 4570 Ioannes
1858 4502 2182 4572 Calvinus
2226 4511 2399 4570 tuus.

629 4799 774 4854 809.
814 4797 870 4865 1)
909 4797 1067 4866 Eryo
1098 4797 1199 4851 hoc
1223 4802 1471 4864 tempore,
1504 4814 1617 4852 non
1641 4797 1886 4853 eostam
1907 4798 2225 4854 consistorii
2254 4797 2321 4853 de
2354 4798 2566 4854 chore-‘s

603 4884 781 4937 nuper
814 4868 1070 4949 institam
1104 4866 1471 4936 inquisitione,
1520 4865 1819 4921 Peru-inum
1850 4867 1996 4921 &ster
2029 4873 2080 4923 et
2119 4867 2389 4924 Nostrum
2424 4868 2566 4923 eatis

604 4938 736 4994 bem
767 4936 1213 5074 &Ummium
1242 5008 1303 5059 ut
1335 5003 1550 5059 vidam·
1583 5004 1652 5059 de
1683 5020 1791 5074 quo
1824 5002 1905 5061 N.
1941 5003 2061 5059 798.

2183 438 2713 508 EPISTOLAF.
2753 439 3095 507 sos—8¹2

4523 443 4621 505 360

3600 627 3754 702 810.

3220 781 3696 851 GALVINUS
3741 780 4115 849 VIRE'I'O.

2862 950 3046 1017 Idem
3086 951 3394 1035 neqobium
3436 957 3662 1018 &octat
3703 953 3841 1018 iam
3878 952 4015 1033 fere
4044 957 4395 1036 peractum,
4440 955 4503 1021 si
4538 954 4624 1020 ille

2688 1037 3036 1115 consentiat,
3093 1042 3150 1103 et
3189 1038 3328 1120 ipso
3381 1037 3590 1103 iudice
3629 1036 4008 1119 felicissime.
4101 1036 4506 1106 Commendat
4540 1042 4623 1106 iu·

2687 1143 2898 1189 venem
2942 1122 3187 1188 Italum
3227 1127 3284 1187 et
3322 1123 3514 1191 mittit
3554 1121 3797 1190 Buaeri
3837 1123 4175 1207 φίείοῖαηι.

2711 1295 2798 1349 Ex
2833 1299 2962 1349 auto
3029 1311 3062 1346 a
3100 1293 3173 1347 ho
3194 1293 3323 1348 Cod.
3342 1293 3545 1349 Gener.
3572 1292 3689 1360 106,
3726 1294 3817 1348 fol.
3846 1293 3960 1348 168.
4002 1322 4066 1334 -
4194 1295 4267 1349 ud
4287 1294 4623 1351 Ionvillaenm

2721 1363 2858 1427 11⁸,
2910 1364 2965 1417 fo
2990 1404 3001 1415 .
3037 1361 3074 1415 3
3142 1380 3214 1428 v.‚
3259 1363 3404 1432 apud
3439 1363 3787 1417 Turretinum
3821 1363 3857 1416 l.
3892 1364 3929 1416 l.
3976 1364 4073 1422 fol.
4106 1363 4136 1417 1
4220 1405 4234 1430 ‚
4281 1365 4340 1417 in
4378 1366 4627 1420 Rex-nomi

2708 1449 2794 1487 cx.
2830 1432 2958 1486 VII.
2995 1430 3116 1494 766,
3152 1431 3296 1501 apud
3332 1430 3620 1486 Simlerum
3657 1432 3784 1486 Vol.
3812 1430 3901 1488 61.
3939 1462 4003 1472 -
4041 1432 4272 1503 Anglice
4306 1434 4368 1488 Τ.
4402 1434 4479 1489 IL
4513 1433 4611 1501 51.)

2682 1618 2902 1686 Fideli
2920 1617 3194 1685 Domini
3226 1620 3438 1686 nostri
3475 1620 3628 1685 Iesu
3651 1617 3904 1685 Christi
3940 1639 4132 1686 servo
4163 1621 4370 1688 Petro
4404 1620 4624 1689 Vireto

2684 1704 3184 1772 Lausannensis
3227 1706 3540 1773 ecclesiae
3548 1706 3849 1877 &effi-mi,
3905 1704 4098 1771 fratri
4140 1715 4209 1771 et
4251 1709 4466 1776 amico
4508 1710 4625 1775 sin·

2854 1926 2923 1995 S.
2949 1973 2953 1984 ι
2984 1927 3243 1994 Nudius
3277 1929 3513 1994 tertius
3547 1928 3721 1994 facta
3764 1936 3866 1994 est
3908 1928 4032 1995 sub
4074 1931 4277 1996 finem
4322 1950 4563 1996 coenae
4582 1933 4626 2015 ¹)

2680 2015 2929 2079 mentio
2988 2014 3305 2099 coniugii,
3375 2012 3548 2097 quod
3616 2014 3739 2080 tibi
3808 2014 4105 2082 futurum
4161 2015 4624 2100 praedixeram.

2681 2098 2815 2166 Sed
2852 2100 3242 2166 Dominicus
3266 2100 3572 2177 Armine,
3594 2101 3652 2176 ²)
3695 2101 3884 2167 cuius
3918 2122 4118 2184 opera
4158 2122 4322 2168 usus
4365 2103 4625 2181 fueram,

2679 2206 3046 2252 sermonem
3112 2207 3270 2250 mox
3331 2186 3704 2269 interrupit.
3815 2187 4010 2252 Dixit
4065 2187 4242 2254 enim
4298 2209 4447 2254 rem
4501 2209 4629 2272 per·

2680 2281 2911 2337 actam.
3000 2271 3147 2338 Hoc
3190 2272 3393 2337 verbo
3436 2269 3658 2336 audito
3693 2280 3917 2338 noster
3935 2274 3994 2356 ⁸)
4032 2293 4116 2339 ex
4159 2295 4390 2340 mensa
4437 2275 4627 2358 proti-

2678 2378 2806 2422 nus
2852 2356 3125 2423 exsiluit
3166 2366 3233 2423 et
3278 2378 3458 2422 more
3516 2378 3635 2422 suo
3691 2356 3982 2424 habenas
4038 2359 4292 2425 laxavit
4331 2360 4626 2446 indigna-

2675 2444 2857 2508 tioni.
2925 2444 3165 2508 'Potum
3205 2444 3384 2509 enim
3426 2464 3663 2527 corpus
3700 2444 4025 2527 quatiens:
4072 2446 4358 2529 Ergone,
4404 2447 4626 2530 inquit,

2674 2528 2861 2593 illam
2903 2527 3098 2595 ducet
3139 2550 3222 2594 ex
3267 2550 3509 2613 genere
3552 2526 3900 2611 pudendo?
3988 2531 4233 2596 Annon
4275 2533 4503 2614 pot-uit
4538 2531 4627 2596 illi

2675 2616 2748 2679 in
2790 2613 2952 2680 urbe
2995 2636 3077 2680 ex
3121 2615 3393 2681 meliore
3426 2615 3674 2680 familia
3714 2615 4046 2681 inveniri?
4112 2614 4509 2702 Quicunque
4540 2616 4625 2681 illi

2677 2708 2940 2767 autores
2996 2700 3100 2767 vel
3157 2700 3488 2766 adiutores
3541 2701 3809 2766 suerunt
3863 2703 3932 2766 in
3990 2701 4114 2767 hoc
4158 2704 4427 2788 negotio
4447 2755 4463 2783 ,
4529 2722 4627 2769 eos

2674 2787 2982 2852 existimo
3025 2806 3307 2870 nequam
3351 2794 3419 2851 et
3452 2787 3819 2852 sceleratos.
3908 2785 4015 2853 De
4057 2788 4263 2854 fratre
4306 2797 4374 2855 et
4419 2809 4627 2856 sorore

2673 2873 2770 2937 ita
2813 2893 3008 2956 cogor
3045 2873 3297 2938 invitus
3331 2872 3529 2955 loqui.
3549 2876 3607 2952 ⁴)
3695 2873 3844 2958 Ego
3889 2894 4062 2952 vero,
4107 2875 4398 2957 inquam,
4449 2887 4631 2941 autor

2672 2958 2775 3022 illi
2816 2979 2960 3024 esse
3002 2980 3134 3023 non
3178 2965 3474 3041 poteram
3519 2958 3627 3024 cui
3669 2958 4005 3043 incognita
4038 2966 4181 3024 erat
4222 2960 4480 3044 puella:
4526 2958 4629 3025 ad-

2673 3044 2955 3110 iutorem
2997 3066 3104 3110 me
3147 3042 3353 3110 fuisse
3397 3045 3722 3127 profiteor,
3774 3053 3841 3110 et
3882 3044 4146 3128 quidem
4186 3045 4626 3132 praecipuum.

2674 3130 2810 3197 Sed
2854 3140 3094 3210 tamen,
3140 3129 3322 3213 quod·
3359 3130 3641 3196 asseruit
3675 3131 4069 3212 Dominicuc,
4113 3153 4259 3198 rem
4293 3154 4442 3200 esse
4485 3153 4626 3199 con·

2672 3216 2945 3294 fectam,
3005 3237 3139 3281 non
3203 3224 3307 3282 est
3347 3217 3472 3294 ita,
3528 3217 3659 3281 nisi
3701 3214 3876 3299 quod
3919 3237 3996 3283 00
4039 3239 4249 3301 usque
4293 3241 4445 3284 sum
4488 3240 4624 3303 pro-

2672 3324 2939 3387 gressus
2980 3309 3060 3367 ut
3100 3301 3528 3382 retrocedere,
3572 3301 3705 3368 nisi
3748 3300 4051 3385 turpiter,
4096 3325 4232 3369 non
4275 3304 4491 3372 liceat.
4552 3303 4623 3369 Id

2671 3409 2804 3453 non
2849 3396 2952 3454 est
2992 3409 3177 3454 meae
3221 3385 3672 3453 verecundiae.
3739 3387 3848 3452 Ita
3891 3388 4072 3454 furor
4106 3389 4181 3454 in
4225 3390 4439 3457 risum
4483 3411 4622 3458 con·

2671 3495 2907 3540 versus
2971 3482 3086 3540 est.
3218 3472 3475 3538 Verum
3542 3473 3754 3556 coepit
3827 3495 4096 3540 rursum
4160 3474 4623 3543 excandescere

2670 3558 2849 3643 quod
2891 3559 3008 3625 abs
3050 3569 3116 3623 te
3158 3559 3407 3625 celatus
3451 3568 3638 3625 esset.
3708 3557 3936 3625 Stulta
3975 3560 4329 3627 aemulatio
4460 3562 4597 3628 tissi

2670 3667 2855 3711 mum
2898 3644 3133 3710 urebat
3175 3645 3510 3710 hominem
3554 3644 3726 3727 quod
3767 3646 4106 3712 confessus
4150 3656 4295 3713 erat
4335 3583 4618 3726 ἄνευ,

2671 3751 2790 3797 vos
2834 3731 3078 3814 aliquid
3123 3732 3299 3796 inter
3344 3730 3768 3814 equitandum
3826 3731 4187 3798 contulisse
4245 3732 4328 3798 de
4372 3733 4499 3801 hac
4540 3755 4617 3798 re.

2669 3818 2864 3882 Itane
2879 3817 2911 3881 ⁸?
2961 3815 3216 3882 dicebat
3262 3815 3522 3884 Comae:
3560 3815 3704 3883 ideo
3748 3827 3965 3883 tecum
4006 3817 4231 3901 ipsum
4274 3820 4620 3886 comitabar

2670 3912 2747 3970 ut
2779 3903 3212 3988 ignominiose
3245 3924 3354 3968 me
3391 3901 3769 3968 excluderet
3803 3924 3843 3967 a
3881 3923 4004 3967 suo
4049 3903 4367 3970 consilio?
4417 3903 4615 3987 Quem

2670 3989 2873 4055 habet
2923 3989 2994 4054 in
3047 3987 3296 4055 mundo
3355 3987 3759 4053 fideliorem?
3849 3988 4083 4072 Ipsum
4123 3989 4409 4056 libenter
4448 4011 4620 4077 prae-

2670 4076 2913 4141 ferrem
2957 4075 3141 4140 mihi.
3230 4075 3512 4157 Excepi,
3568 4073 3740 4139 male
3777 4075 3999 4157 ipsum
4040 4074 4366 4160 colligere,
4427 4097 4616 4161 quum

2672 4182 2758 4227 ne
2801 4160 3056 4227 Farello
3111 4159 3372 4243 quidem
3431 4171 3722 4226 mentem
3779 4169 3966 4225 tuam
4010 4164 4365 4245 aperueris.
4456 4164 4616 4228 Rur-

2671 4268 2821 4313 sum
2865 4266 3023 4332 ergo
3066 4247 3359 4330 placatus
3399 4248 3545 4325 fuit,
3589 4247 3720 4313 nisi
3762 4245 3936 4329 quod
3983 4246 4066 4311 de
4102 4247 4353 4314 Remea
4396 4248 4614 4333 loquu-

2672 4345 2779 4399 tus
2818 4342 2938 4412 est,
2983 4353 3179 4416 quam
3223 4333 3410 4398 miris
3444 4331 3745 4398 laudibus
3788 4332 4044 4399 extulit.
4110 4334 4341 4399 Annui
4382 4335 4459 4400 in
4492 4355 4613 4400 om·

2671 4418 2890 4497 nibus,
2942 4426 3017 4484 ut
3066 4438 3401 4484 manerem
3461 4418 3545 4483 de
3603 4418 3815 4484 altera
3869 4419 3940 4483 in
4000 4420 4343 4502 proposito.
4436 4420 4610 4486 Nunc

2608 4526 2614 4557 ι
2672 4504 2918 4588 dispice
2983 4524 3070 4568 an
3135 4504 3442 4588 expediat
3494 4512 3561 4569 te
3620 4503 3693 4568 in
3752 4504 3982 4570 urbem
4040 4504 4320 4572 liberum
4378 4507 4607 4571 venire.

2670 4591 2825 4657 Erit
2867 4591 3048 4657 enim
3091 4589 3315 4657 odiosa
3358 4591 3696 4656 excusatio
3713 4641 3729 4669 ,
3790 4591 3846 4655 si
3905 4611 4055 4655 eam
4113 4589 4236 4656 tibi
4279 4590 4610 4657 obtrudere

2702 4830 2843 4888 810.
2878 4829 2936 4897 1)
2973 4829 3101 4886 vide
3142 4830 3563 4912 praecedunt».
3653 4828 3806 4898 Quae
3849 4846 4014 4912 quum
4066 4846 4119 4885 a.
4164 4831 4221 4886 d.
4276 4830 4398 4887 111.
4482 4830 4607 4886 lau

2672 4899 2815 4955 Iulis·
2845 4897 2983 4954 1546
3018 4900 3226 4968 scripta
3259 4904 3349 4963 snt,
3383 4900 3526 4955 hanc
3558 4905 3806 4957 nostram
3839 4898 4197 4969 tpeicldibue
4229 4900 4605 4971 ααίφιακάα

2669 4984 2785 5120 οεθῗ
2810 4974 3245 5104 pagt'Domeinc
3276 5036 3515 5092 d'Arlod
3544 5037 3768 5106 smptus·
3801 5036 4064 5107 syndicus
4112 5038 4259 5106 pro-⁸⁶
4259 5053 4347 5092 um
4380 5054 4434 5093 a.
4470 5034 4602 5103 154⁰,

2668 5123 2765 5178 qm
2876 5175 2940 5238 3)
2953 5103 3357 5229 aAssbeieim·
3385 5200 3391 5205 ·

2878 5243 2937 5313 4)
2979 5243 3103 5298 Sct'l.
3141 5259 3237 5311 eqo
3277 5243 3544 5298 Galama
3578 5243 3818 5298 Pon-ino
3859 5242 4199 5311 remon-dene
4241 5259 4400 5312 ocyor
4443 5244 4598 5298 duem

2670 5328 2849 5369 meum
2877 5313 3112 5375 fratrem
3145 5315 3365 5383 eiusque
3395 5327 3622 5367 uxorem
3919 5313 4313 5368 mendam
4346 5319 4439 5368 etc.
4497 5312 4595 5366 Διι-

2667 5384 2795 5454 9100
2829 5383 2962 5438 haec
2993 5384 3078 5437 ita
3107 5382 3375 5438 intellexit
3405 5388 3470 5438 ut
3500 5382 3665 5438 verba
3705 5381 3929 5437 Pom-ini
3959 5383 4088 5437 sint.
