4825 6175
617 441 702 504 43
2199 433 2663 503 EPISTLAE
2708 439 3045 504 620-622
4541 447 4613 512 44

614 627 880 693 frustra.
965 625 1076 692 Ita
1127 625 1295 691 mori
1350 623 1665 692 didicerat
1721 631 1798 690 ut
1851 624 2022 690 nihil
2065 623 2336 710 gladios,
2379 624 2569 689 flam-

613 734 759 779 mas
799 719 1207 779 tormentave
1249 718 1631 778 moraretur.
1719 711 1919 777 Illum
1972 731 2094 796 ego
2136 711 2377 778 vestris
2419 730 2571 794 pre·

619 800 801 866 cibus
855 797 1111 881 publice
1168 802 1237 863 et
1291 797 1605 881 privatim
1650 796 2051 876 commendo,
2110 803 2187 861 ut
2241 796 2570 862 Dominus

615 884 715 950 illi
760 884 947 963 adsit,
990 892 1084 963 ut,
1127 881 1303 967 quod
1346 904 1553 967 spero,
1599 905 1684 948 ex
1727 882 1906 949 illius
1940 882 2224 949 vinculis
2258 893 2326 947 et
2358 887 2572 946 morte

618 970 703 1038 ad
755 967 1025 1035 laudem
1080 979 1148 1034 et
1210 970 1484 1054 gloriam
1544 970 1646 1035 sui
1691 968 1977 1034 nominis
2021 978 2217 1052 atque
2260 966 2572 1033 ecclesiae

615 1077 775 1124 suae
842 1056 1324 1123 incrementum
1391 1055 1783 1138 perficiatur.
1889 1055 2054 1119 'Pota
2115 1053 2232 1118 illa
2295 1052 2571 1120 ecclesia

616 1142 805 1207 miris
848 1140 1061 1207 modis
1097 1141 1471 1220 afflictatur,
1514 1140 1972 1207 exsulantibus
2007 1138 2294 1223 undique
2328 1160 2571 1222 magno

615 1248 894 1294 numero
948 1227 1211 1310 optimis
1264 1227 1644 1310 quibusque.
1735 1224 2016 1309 Scripsit
2060 1224 2143 1290 ad
2186 1244 2294 1290 me
2339 1224 2420 1290 de
2463 1223 2570 1290 his

614 1315 702 1380 D.
726 1313 1122 1379 Eustathius
1165 1314 1582 1395 Quercetanus
1611 1313 1711 1391 ¹¹),
1748 1312 1870 1377 tibi
1906 1323 1979 1376 ut
2014 1321 2173 1394 puto
2208 1332 2341 1376 non
2377 1311 2568 1394 igno-

618 1408 749 1479 tus,
791 1413 968 1464 nunc
1011 1396 1188 1481 apud
1229 1398 1575 1463 Eburones
1619 1398 1824 1464 exsul.
1922 1398 2242 1462 Attamen
2286 1416 2420 1461 non
2466 1415 2574 1460 oo-

615 1485 920 1553 ciderunt
994 1484 1316 1549 hactenus
1391 1484 1518 1550 nisi
1580 1492 1744 1562 tres,
1827 1484 2275 1549 Tornaccnses
2341 1503 2569 1559 unum,

612 1571 824 1638 nostri
869 1569 1051 1649 duos,
1098 1590 1376 1652 quorum
1436 1569 1604 1636 alter
1661 1570 1932 1634 fratrem
1975 1569 2263 1652 perfosso
2307 1587 2570 1633 carcere

609 1657 1021 1723 liberaverat.
1111 1655 1313 1721 Hunc
1348 1656 1561 1738 capite
1597 1654 2015 1730 damnarunt,
2061 1653 2344 1718 alterum
2378 1654 2566 1718 flam-

612 1743 759 1808 mis.
850 1740 928 1808 Si
969 1761 1138 1824 quae
1183 1740 1265 1805 (16
1299 1741 1403 1806 ΠΙ.
1442 1740 1697 1807 06111116
1740 1761 1885 1805 11166
1926 1739 2151 1805 audivi
2193 1760 2352 1804 vera
2386 1747 2568 1818 sunt,

613 1849 805 1912 spero
848 1825 1136 1910 aliquam
1170 1826 1305 1891 illis
1349 1826 1909 1910 tranquillitatem.
2003 1824 2241 1891 Caesar
2282 1824 2567 1890 Bruxel-

614 1913 719 1979 lae
776 1912 990 1979 adhuc
1044 1921 1146 1977 est
1170 1915 1274 1990 ¹²),
1332 1934 1544 1995 neque
1587 1913 1659 1976 in
1703 1911 2041 1995 publicum
2084 1910 2333 1993 prodit,
2391 1910 2568 1975 unde

615 1999 919 2065 nonnulli
938 2007 1268 2064 mortuum
1294 1999 1726 2081 suspicantur.
1795 1998 1940 2081 Ego
1965 2006 2121 2080 puto
2145 1995 2454 2081 gallicum
2482 2000 2564 2070 ¹⁸)

616 2086 918 2151 morbum
987 2106 1149 2150 esse.
1252 2082 1388 2149 Sed
1452 2083 1797 2149 Granvella
1864 2083 2304 2148 Wormatiam
2364 2082 2565 2162 venit,

617 2172 758 2256 ipse
818 2177 1139 2235 venturus
1196 2189 1330 2233 non
1381 2178 1532 2235 61116
1588 2168 1849 2254 pascha.

786 2257 974 2321 Haec
1039 2264 1196 2320 sunt
1260 2276 1427 2338 quae
1485 2276 1616 2320 non
1670 2255 1935 2339 ingrata
1988 2255 2125 2319 fore
2181 2254 2445 2336 speravi
2503 2260 2570 2319 et

618 2362 785 2428 quae
843 2341 1207 2408 certissima
1262 2341 1568 2424 comperi.
1671 2339 1747 2406 Si
1804 2339 1963 2424 quid
2019 2340 2127 2406 1116
2171 2339 2298 2405 erit
2341 2339 2487 2406 vitii
2531 2362 2572 2405 a

618 2448 745 2508 me,
800 2437 991 2493 tuum
1048 2427 1176 2492 erit
1218 2426 1601 2492 condonare.
1688 2426 1865 2492 Nam
1908 2435 2279 2491 maturante
2322 2425 2570 2491 nuncio

621 2524 688 2580 et
754 2514 1039 2598 negotiis
1083 2512 1229 2578 aliis
1293 2513 1721 2578 obruentibus
1803 2534 1936 2577 non
1999 2519 2193 2578 vacat
2258 2510 2566 2595 relegere.

618 2599 757 2668 Oro
816 2621 920 2664 me
976 2620 1247 2664 excuses
1306 2597 1506 2663 nobili
1559 2598 1656 2662 illi
1701 2597 1949 2664 Christi
2010 2597 2184 2662 fideli
2239 2616 2280 2661 a
2326 2596 2392 2661 S.
2436 2596 2574 2662 An-

616 2687 789 2765 drea,
834 2683 919 2751 ad
962 2704 1157 2769 quem
1200 2685 1431 2750 lubens
1476 2684 1903 2767 scripsissem,
1948 2684 2006 2748 si
2050 2704 2183 2749 non
2211 2704 2318 2748 1116
2361 2683 2570 2766 impe·

616 2772 836 2837 direut
878 2770 1193 2853 temporis
1238 2769 1601 2854 angustiae.
1689 2771 1836 2855 Ego
1890 2768 2210 2834 nundinis
2249 2768 2573 2852 proximis

613 2879 735 2943 per
778 2859 1048 2922 fratrem
1094 2856 1392 2932 scribam,
1438 2877 1630 2939 quem
1667 2856 2018 2921 convenire
2053 2875 2243 2938 spero
2279 2854 2572 2920 Franco·

615 2944 798 3010 furti.
909 2940 1245 3008 Salutabis
1309 2942 1513 3025 igitur
1577 2943 1842 3006 nomine
1905 2961 2072 3020 meo,
2139 2961 2215 3007 66
2280 2948 2572 3007 caeteros

615 3049 841 3097 omnes
897 3029 1027 3094 mei
1087 3035 1385 3094 amantes
1434 3047 1582 3093 oum
1628 3029 1758 3095 tuis
1801 3028 2202 3115 symmystis.
2294 3025 2371 3093 Si
2415 3025 2572 3110 quid

615 3118 823 3182 nostri
870 3123 1173 3181 curatum
1219 3136 1338 3197 per
1379 3135 1487 3179 me
1532 3115 1755 3193 velint,
1814 3113 2059 3179 habent
2099 3115 2393 3192 fratrem,
2440 3115 2572 3178 imo

614 3201 953 3269 servulum
1020 3200 1104 3266 ad
1175 3201 1399 3264 omnia
1464 3201 1971 3282 paratissimum.
2088 3200 2234 3284 Ego
2286 3199 2573 3264 alterum

614 3286 1021 3366 fasciculum,
1078 3307 1271 3369 quem
1328 3307 1481 3352 cum
1536 3288 1669 3351 tuis
1728 3286 1938 3350 literis
1982 3304 2381 3368 acceperam,
2439 3293 2571 3350 sta-

616 3375 736 3438 tim
782 3372 1010 3439 curavi
1053 3370 1425 3436 Coloniam:
1474 3371 1651 3436 hunc
1686 3392 1941 3454 quoque
1985 3381 2394 3455 postremum
2437 3371 2572 3435 iam

616 3460 708 3525 ibi
751 3480 892 3525 6886
937 3464 1112 3541 111116.
1183 3456 1490 3523 Christus
1535 3466 1601 3521 te
1643 3458 1916 3540 sospitet
1959 3478 2036 3522 66
2079 3455 2191 3522 (1111
2235 3477 2389 3521 81166
2434 3478 2571 3522 861·-

617 3554 730 3610 vet
781 3543 1175 3610 incolumem
1235 3542 1563 3609 ecclesiae.
1662 3543 2081 3627 Rombergae
2123 3542 2296 3608 Non.
2342 3543 2572 3607 Martii

618 3632 806 3699 1545.

1018 3716 1090 3780 Τ.
1136 3735 1330 3798 quam
1373 3714 1992 3780 observantissimus
2038 3714 2213 3779 filius
2257 3735 2332 3779 ac
2376 3712 2568 3778 disci-

1027 3800 1225 3883 pulus
1287 3801 1357 3866 in
1413 3801 1700 3866 Domino
1755 3797 2174 3865 Valerandus
2227 3799 2566 3867 Pollanus.

792 3971 1004 4038 Valde
1048 3972 1321 4038 moleste
1365 3972 1487 4036 tuli
1529 3970 1701 4056 quod
1760 3972 1949 4036 illum

616 4059 932 4126 nuncium
975 4079 1110 4123 non
1152 4058 1306 4136 vidi,
1364 4057 1443 4123 de
1501 4079 1628 4142 quo
1682 4080 1785 4122 me
1831 4057 1949 4122 ali-

615 4145 772 4229 quid
816 4145 1035 4209 scitari
1078 4143 1364 4209 iubebas.
1455 4142 1530 4209 Si
1569 4142 1950 4229 dignaberis

611 4232 825 4298 facere
859 4231 1262 4314 participem,
1299 4231 1356 4295 si
1392 4228 1546 4313 quid
1582 4239 1685 4295 est
1718 4231 1786 4294 in
1809 4251 1950 4295 rem

611 4316 921 4383 ecclesiae
945 4326 1059 4380 aut
1081 4325 1283 4393 tuam,
1304 4335 1522 4380 meam
1546 4315 1740 4381 fidem
1757 4315 1948 4380 nosti.

612 4404 861 4469 Tacere
906 4422 1189 4484 possum,
1248 4410 1442 4484 atque
1500 4402 1553 4467 si
1599 4401 1756 4485 quid
1800 4403 1951 4467 obe·

612 4488 866 4554 undum
901 4496 1003 4551 est
1043 4486 1125 4552 ad
1161 4486 1438 4571 gloriam
1474 4487 1744 4566 Ohristi,
1781 4510 1951 4553 nun-

614 4596 812 4659 quam
866 4572 1200 4639 recusab0.
1290 4575 1374 4639 D.
1426 4572 1639 4639 Comes
1692 4584 1760 4639 te
1802 4574 1948 4657 plu·

611 4660 857 4726 rimum
892 4659 1150 4726 salvere
1184 4659 1384 4725 iubet.
1455 4659 1627 4724 Item
1664 4658 1750 4724 D.
1790 4660 1950 4725 Dio·

614 4747 841 4829 nysius
884 4742 1210 4828 quondam
1256 4752 1411 4810 tuus
1454 4744 1833 4828 discipulus.

788 4917 876 4980 11)
912 4919 1036 4972 vide
1068 4917 1146 4973 ad
1182 4916 1257 4971 N.
1293 4915 1411 4969 671.

789 4986 883 5047 12)
925 4986 1200 5042 Postridie
1233 4986 1444 5041 demum
1482 4985 1570 5039 Id.
1599 4984 1752 5039 Maii
1790 4984 2149 5041 Wormatiam
2184 4987 2331 5042 venit
2367 4986 2565 5053 (Sesea.

617 5055 705 5111 IL
740 5054 888 5191 θῖἒὶ)
916 5125 1263 5180 articnclarem
1298 5124 1434 5180 dicit
1470 5122 1633 5179 Sleid.
1668 5142 1723 5193 p.
1757 5123 1876 5178 373.

3576 626 3726 698 621.

3207 779 3615 849 VIRE'I'US
3656 782 4094 852 GALVINO.

2761 999 2766 1004 -
2849 954 3170 1019 Hectorem
3222 953 3495 1036 aliquem
3519 954 3850 1021 introducit
3889 956 4001 1037 qui
4032 955 4321 1038 psalmos
4363 961 4419 1022 et
4458 958 4608 1038 epie-

2670 1039 3168 1208 tocxlgsudpaczlffitas
3204 1042 3481 1106 carmine
3530 1040 3756 1124 qaaioo
3811 1041 4087 1108 reddidit
4142 1047 4201 1108 et
4254 1063 4299 1107 a
4347 1042 4613 1109 Girardo

2673 1296 2786 1363 (Ex
2834 1297 3170 1379 autographo
3216 1296 3346 1352 cod.
3397 1297 3600 1351 Genev.
3643 1295 3785 1364 111⁸,
3833 1298 3923 1352 fol.
3974 1297 4058 1380 61,
4108 1299 4261 1353 6111118
4280 1301 4617 1423 Vafiographa

2671 1382 2911 1435 reperies
2935 1366 3067 1421 Cod.
3104 1366 3308 1421 Genev.
3345 1364 3464 1432 116,
3497 1367 3589 1421 fol.
3625 1364 3710 1432 87,
3759 1368 3971 1422 Bsrnas
4006 1385 4060 1421 111
4101 1367 4241 1438 Epp.
4439 1387 4476 1440 p
4524 1367 4619 1424 656

3148 1443 3207 1489 et
3240 1436 3424 1488 Turioi
3457 1452 3542 1505 ap.
3579 1435 3869 1489 Simlerum
3905 1436 4031 1490 Vol.
4067 1435 4182 1504 56.)

2844 1623 3423 1690 Praestantissimo
3466 1623 3697 1688 Ioanni
3743 1623 4023 1691 Calvino
4079 1624 4266 1690 fratri
4309 1634 4378 1691 61
4421 1627 4619 1693 6111166

2673 1708 3091 1774 suavissimo.
4208 1711 4540 1777 Genevaec.

2760 1844 2832 1912 S.
2880 1841 3121 1924 Hector,
3168 1845 3249 1911 dc
3292 1867 3418 1929 quo
3462 1854 3526 1911 te
3571 1846 3734 1912 alias
3781 1847 4113 1914 audivisse
4155 1849 4405 1931 opinor,
4461 1848 4624 1915 istuc

2673 1932 3081 2015 profecturus
3126 1952 3232 1996 me
3275 1933 3493 1997 oravit
3534 1941 3613 1997 ut
3647 1931 3732 1998 ad
3766 1941 3835 1998 te
3870 1934 4225 2000 scriberem
4258 1955 4380 2001 sua
4415 1956 4625 2013 causa,

2672 2017 2842 2101 quod
2901 2039 3035 2083 non
3093 2019 3278 2101 potui
3332 2018 3713 2084 detrectare.
3802 2018 4089 2085 Causam
4132 2019 4455 2103 prolixius
4501 2043 4627 2086 non

2674 2125 3017 2187 exponam,
3054 2124 3213 2168 nam
3234 2104 3374 2187 ipse
3409 2125 3721 2187 praesens
3757 2106 4057 2171 narrabit
4089 2127 4164 2172 co
4211 2107 4430 2173 iosius.
4501 2107 4627 2172 La·

2673 2190 2933 2256 boravit
2992 2210 3202 2255 annos
3258 2189 3503 2255 multos
3556 2190 3629 2255 in
3673 2189 4022 2257 reddendis
4065 2213 4186 2276 psa
4280 2193 4338 2257 is
4382 2192 4630 2276 aliquot

2674 2282 2741 2341 61
2796 2274 3086 2358 6111816118
3150 2274 3437 2359 paulinis
3502 2276 3794 2342 carmine
3847 2277 4088 2360 gallico
4115 2281 4181 2359 ¹).
4283 2279 4459 2363 Legi
4516 2278 4628 2344 ali-

2676 2361 2938 2444 quando
2980 2361 3191 2426 obiter
3231 2360 3573 2444 quaedam,
3620 2382 3787 2445 quae
3829 2384 3960 2427 non
4013 2363 4327 2429 videntur
4366 2365 4629 2447 penitus

2674 2445 3172 2514 contemnenda.
3290 2446 3631 2513 Ooncessit
3694 2450 3864 2514 istuc
3929 2456 4005 2513 ut
4068 2470 4147 2514 ea
4212 2448 4293 2514 de
4349 2471 4423 2517 re
4486 2470 4632 2517 cum

2681 2533 2965 2599 Gimrdo
3020 2533 3376 2610 conferret,
3451 2534 3506 2597 si
3563 2533 3729 2598 forte
3788 2534 4110 2601 excudere
4174 2534 4396 2601 vellet.
4505 2534 4635 2601 Sed

2674 2618 2988 2698 inveniet,
3048 2618 3302 2701 opinor,
3362 2618 3536 2702 quod
3580 2620 3640 2684 ei
3684 2619 4001 2702 praedixi.
4088 2620 4154 2685 N
4154 2641 4263 2685 am
4320 2623 4510 2706 cupit
4552 2621 4634 2688 si-

2675 2704 2817 2769 mul
2860 2705 3146 2771 musicas
3186 2713 3377 2770 notas
3433 2726 3597 2787 quas
3638 2703 3890 2770 addidit
3931 2706 4238 2789 imprimi,
4297 2706 4477 2790 quod
4520 2708 4634 2773 vix

2675 2790 2916 2874 poterit
2973 2790 3301 2857 Girardus
3315 2841 3332 2869 ,
3386 2791 3646 2855 etiamsi
3702 2790 3944 2874 alioqui
4002 2791 4247 2858 librum
4306 2793 4632 2861 excudere

2675 2885 2951 2959 pararet.
3014 2876 3164 2940 Hoc
3199 2876 3411 2942 solum
3457 2877 3573 2942 abs
3617 2884 3683 2942 te
3723 2879 3904 2960 cupit
3943 2878 4390 2961 impetratum,
4433 2880 4636 2964 idque

2675 2971 2754 3026 ut
2797 2974 2862 3027 te
2906 2982 3226 3045 rogarem,
3272 2961 3513 3027 obnixe
3549 2962 3954 3047 efflagitavit,
4003 2973 4077 3028 ut
4117 2965 4366 3031 scilicet
4408 2968 4477 3031 ei
4523 2966 4637 3030 ali-

2676 3048 2833 3131 quid
2874 3048 3264 3133 gratificeris
3325 3049 3394 3113 in
3442 3048 3589 3114 libri
3636 3047 3955 3116 examine.
4045 3050 4189 3117 Scit
4242 3054 4418 3117 enim
4470 3051 4638 3117 1111111

2676 3135 2825 3199 18116
2881 3133 3117 3200 excudi
3173 3135 3300 3200 nisi
3359 3135 3545 3218 prius
3603 3156 3643 3200 a
3685 3135 3872 3201 vobis
3929 3138 4399 3203 examinatum.
4494 3138 4633 3204 Ad-

2676 3222 2903 3285 monui
2944 3230 3208 3286 tuarum
3253 3222 3772 3303 occupationum,
3828 3243 3935 3286 res
3980 3220 4262 3306 ondique
4320 3224 4443 3291 tibi
4503 3244 4637 3289 non

2676 3307 2871 3372 licere
2927 3327 3045 3389 per
3111 3308 3375 3390 negotia
3433 3326 3662 3372 vacare
3730 3307 3919 3391 legen
3968 3310 4022 3372 is
4081 3307 4264 3374 libris
4319 3311 4432 3393 qui
4492 3311 4636 3375 istic

2677 3392 3170 3476 imprimuntur.
3261 3390 3397 3457 Sed
3440 3400 3515 3455 ut
3556 3391 3892 3476 intelligas
3927 3394 4080 3476 quid
4135 3394 4316 3473 velit,
4375 3397 4520 3462 sive
4564 3405 4636 3460 tu

2676 3477 2858 3561 legas
2875 3529 2891 3555 ,
2959 3478 3099 3542 sive
3157 3476 3423 3560 collegis
3483 3479 3619 3541 tuis
3684 3479 4150 3558 committatur,
4217 3489 4281 3545 te
4347 3492 4500 3547 orat
4564 3494 4637 3545 ut

2674 3583 2872 3646 quam
2915 3562 3137 3628 licebit
3171 3561 3555 3629 brevissime
3598 3562 4000 3645 expediatur.
4069 3565 4241 3631 Nam
4276 3567 4420 3649 ipse
4456 3567 4638 3651 cupit

2675 3670 2986 3732 praesens
3032 3648 3258 3713 adesse
3301 3658 3370 3713 et
3411 3649 3791 3734 praelegere
3837 3650 3919 3716 iis
3981 3654 4089 3735 qui
4131 3652 4631 3729 examinabunt,

2674 3744 2751 3800 ut
2792 3735 2921 3819 ipsi
2962 3734 3267 3799 leventur
3309 3733 3540 3814 taedi0,
3587 3746 3655 3800 61
3698 3748 4040 3819 propterea
4090 3737 4262 3821 quod
4302 3760 4439 3803 non
4487 3738 4636 3806 vult

2674 3841 2867 3887 suum
2910 3820 3249 3905 exemplar
3290 3841 3330 3884 a
3372 3841 3443 3886 se
3487 3820 3818 3887 dimittere
3853 3822 4060 3889 donec
4103 3823 4487 3892 excudatur.
4561 3823 4635 3891 Si

2672 3906 2743 3971 id
2786 3908 2930 3972 fieri
2984 3928 3119 3971 non
3163 3907 3385 3990 possit,
3445 3907 3643 3972 vellet
3696 3929 3839 3973 rem
3894 3910 4056 3974 mihi
4108 3910 4462 3975 committi:
4514 3932 4635 3996 ego

2673 4015 2832 4059 vero
2871 3991 3102 4057 lubens
3146 3991 3397 4071 carebo,
3441 4014 3563 4059 1166
3607 3994 3738 4059 8616
3774 4015 3860 4058 611
3896 3995 4059 4060 86118
4096 3993 4423 4080 expediat.
4493 3996 4635 4062 Da-

2672 4078 2773 4143 bis
2818 4087 3040 4143 tamen
3083 4098 3347 4159 operam
3392 4086 3468 4143 ut
3509 4079 3845 4163 intelligat
3897 4101 4005 4145 me
4048 4081 4172 4147 1166
4215 4080 4297 4147 (16
4339 4104 4414 4148 16
4460 4083 4635 4149 serio

2674 4164 2756 4230 ad
2803 4173 2866 4229 16
2911 4164 3266 4246 scripsisse.
3356 4164 3528 4228 Nam
3573 4166 3630 4229 si
3680 4166 4005 4232 Girardus
4062 4167 4232 4233 nolit
4282 4168 4632 4248 excudere,

2674 4250 2842 4316 nihil
2885 4251 3011 4314 erit
3054 4250 3175 4316 hoc
3218 4249 3441 4315 labore
3485 4271 3666 4335 opus.

2849 4337 2950 4401 De
2994 4336 3189 4402 rebus
3229 4338 3469 4402 nostris
3492 4337 3660 4401 nihil
3704 4337 3787 4403 ad
3832 4346 3898 4403 te
3939 4337 4166 4404 scribo.
4237 4339 4408 4404 Nam
4456 4341 4633 4406 malo

2675 4422 2844 4487 nihil
2887 4443 3082 4505 quam
3126 4442 3335 4507 pauca
3377 4423 3678 4489 scribere.
3768 4424 3985 4490 Nimis
4041 4425 4250 4491 multa
4293 4424 4508 4492 habeo
4556 4426 4634 4491 de

2674 4509 2911 4591 quibus
2969 4508 3168 4573 velim
3225 4519 3445 4575 tecum
3501 4509 3796 4593 colloqui.
3901 4511 4153 4576 Differo
4207 4534 4366 4597 ergo
4410 4515 4636 4579 omnia

2675 4595 2741 4658 in
2786 4615 3006 4659 meum
3052 4594 3134 4659 ad
3187 4617 3309 4660 vos
3352 4594 3731 4662 adventum.
3819 4598 4150 4681 Exspecto
4198 4598 4530 4664 Farellum
4564 4600 4635 4663 in

2675 4679 2832 4758 dies,
2877 4682 3185 4763 quoniam
3231 4680 3428 4746 audio
3472 4682 3646 4765 apud
3682 4704 3800 4748 vos
3836 4705 3996 4750 6886.
4060 4685 4120 4749 N
4124 4706 4211 4750 on
4246 4686 4423 4751 6111111
4470 4696 4636 4769 puto

2674 4766 3039 4831 rediturum
3097 4766 3259 4850 quin
3314 4767 3437 4833 hac
3491 4770 3616 4832 iter
3669 4768 3896 4835 faciat:
3967 4769 4206 4853 alioqui
4273 4793 4379 4837 me
4438 4772 4635 4838 valde

2673 4852 3032 4918 offenderet
3089 4853 3160 4916 in
3205 4855 3408 4919 tantis
3458 4855 3622 4919 meis
3665 4854 4004 4938 angustiis.
4097 4854 4173 4921 Si
4220 4856 4436 4923 adbuc
4482 4859 4634 4923 istic

2673 4946 2792 5015 est,
2838 4948 2912 5003 ut
2955 4937 3163 5019 credo,
3209 4940 3424 5005 saluta
3466 4962 3616 5004 eum
3661 4940 3824 5006 meis
3866 4940 4105 5020 verbis,
4165 4951 4231 5007 et
4276 4943 4631 5010 admoneto

4519 5235 4630 5291 Bo-

4514 5320 4631 5360 η-

2703 5228 2843 5283 621.
2881 5229 2939 5296 1)
2963 5228 3068 5310 ‘De
3104 5228 3192 5282 hie
3226 5229 3464 5300 adeoque
3495 5231 3615 5311 ipso
3660 5236 3851 5286 autore
3884 5232 4023 5288 alibi
4063 5233 4215 5287 nuria.
4289 5232 4351 5289 N

2671 5304 2968 5422 6616εᾶ65191
3002 5313 3179 5366 nuper
3211 5301 3676 5382 exoptatissimus·
3712 5300 3908 5355 librum
3944 5301 4009 5355 de
4031 5301 4263 5370 paulinis
4283 5321 4320 5373 y
4412 5304 4423 5316 ⁶

2671 5381 2752 5420 m
2785 5383 2813 5421 e
2912 5376 2972 5436 tt,
3007 5382 3240 5436 usquam
3276 5368 3408 5423 haec
3437 5374 3677 5438 atium.
