4825 6175
678 390 801 453 123

983 573 1100 640 (Ex
1135 574 1475 646 autographo
1510 575 1642 629 Ood.
1679 576 1883 631 Genev‘.
1921 574 2041 645 110,
2079 577 2170 632 fol.
2204 576 2322 646 48.)

843 765 908 830 A
951 763 1295 831 Monsieur
1337 765 1678 830 Monsieur
1719 765 2101 849 Despeville
2322 853 2384 918 L

2238 874 2278 917 a
2387 876 2543 939 yon.

846 986 918 1053 S.
978 987 1053 1053 P.
1162 987 1488 1069 Equidem
1554 985 1863 1064 verebar,
1946 986 2318 1056 doctissime
2391 988 2628 1069 carole,

668 1074 971 1159 pluribus
1007 1072 1300 1157 epistolis
1333 1081 1399 1137 te
1434 1069 1795 1137 obtundere
1829 1080 1946 1138 aut
1979 1077 2313 1153 remorari,
2360 1098 2446 1140 ne
2479 1090 2630 1159 pee-

670 1180 892 1228 carem
935 1160 1004 1224 in
1049 1158 1311 1242 publica
1352 1157 1720 1224 commoda:
1781 1157 1897 1223 sed
1941 1160 2189 1227 amicus
2233 1161 2340 1227 his
2386 1169 2627 1239 noster,

670 1247 784 1330 qui
862 1265 1085 1310 morae
1163 1251 1426 1309 nostrae
1490 1244 1842 1327 impatiens
1905 1265 2329 1328 praecurrere
2393 1247 2625 1326 voluit,

671 1330 943 1397 omnino
1022 1330 1414 1414 efflagitavit
1487 1330 1904 1396 circumferre
1989 1351 2263 1397 manum
2329 1343 2625 1398 nostram

669 1418 995 1485 comitem.
1071 1414 1255 1481 Civis
1291 1422 1395 1480 est
1436 1423 1503 1479 et
1537 1416 1785 1480 amicus
1821 1415 2166 1483 familiaris
2190 1418 2272 1483 D.
2298 1418 2627 1484 Eusthatii

674 1524 874 1588 quem
928 1502 1120 1566 nosti.
1151 1504 1201 1576 ¹)
1289 1501 1398 1565 Ex
1452 1520 1581 1583 quo
1626 1501 1793 1565 scire
1837 1504 2081 1584 poteris
2117 1502 2272 1585 quid
2318 1503 2428 1569 hic
2470 1524 2624 1587 aga-

668 1597 800 1654 tur.
889 1588 1132 1652 Noster
1172 1586 1282 1651 ille
1328 1585 1702 1652 FYaminius
1714 1588 1771 1663 ²)
1817 1589 1955 1653 sive
1992 1588 2362 1655 Antiochus
2405 1590 2624 1655 neseio

669 1673 827 1758 quid
870 1681 1125 1739 mussat
1163 1672 1588 1737 Wormatiae.
1675 1671 2006 1739 Veremur
2059 1696 2143 1740 ne
2198 1696 2361 1758 quos
2411 1676 2626 1759 primo

668 1761 919 1844 inipetu
963 1758 1271 1843 frangere
1315 1778 1448 1823 non
1489 1758 1708 1840 potuit
1749 1760 2165 1825 cunctatione
2204 1761 2405 1825 fallat.
2502 1762 2626 1826 Est

669 1848 848 1914 enim
912 1852 1169 1910 astutus
1224 1850 1566 1910 cunctator
1631 1853 1697 1908 et
1752 1842 2201 1910 dissimulator
2266 1846 2625 1929 improbuS,

669 1939 738 1999 et
777 1930 978 1997 habet
1015 1927 1400 2014 praestigias
1440 1928 1676 2012 quibus
1720 1930 1997 1995 fascinet
2030 1952 2107 1997 ac
2151 1932 2628 1998 circumveniat

668 2015 950 2084 eandida
1002 2029 1070 2082 et
1121 2014 1386 2081 heroica
1447 2023 1730 2097 pectora.
1845 2014 1981 2081 Sed
2039 2017 2209 2081 vivit
2264 2027 2332 2083 et
2388 2018 2627 2101 vigilat

667 2103 1000 2169 Dominus
1054 2103 1166 2184 qui
1222 2100 1565 2183 dissipabit
1616 2100 1887 2167 consilia
1938 2102 2308 2185 impiorum,
2365 2112 2432 2168 et
2492 2103 2624 2168 dis-

672 2189 1014 2273 persiones
1035 2181 1300 2253 Israelis
1344 2185 1696 2268 aliquando
1738 2187 2163 2272 congregabit
2205 2206 2273 2254 et.
2318 2190 2623 2267 tuebitur,

667 2277 909 2341 fremat
952 2273 1106 2339 licet
1139 2294 1214 2337 ac
1248 2272 1697 2337 tumultuetur
1738 2273 2014 2338 insanus
2056 2274 2249 2340 orbis.
2331 2276 2625 2358 Exspec-

666 2367 770 2426 tat
789 2368 1014 2425 noster
1036 2357 1432 2442 Bmyundus
1447 2356 1504 2440 ⁸)
1528 2379 1718 2423 suam
1739 2359 2140 2425 uxorculam.
2210 2360 2347 2425 Nos
2371 2371 2624 2426 utrum-

669 2467 813 2531 que.
902 2445 1169 2510 Interea
1210 2443 1377 2508 mihi
1410 2442 1602 2508 tarda
1632 2445 1850 2508 fluunt
1885 2444 2275 2529 ingrataque
2310 2456 2625 2529 tempora,

668 2551 837 2616 quae
881 2552 1064 2614 spem
1124 2528 1599 2612 consiliumque
1654 2537 1998 2595 morantur
2037 2532 2275 2615 agendi
2317 2533 2625 2614 gnaviter

667 2617 735 2683 id
791 2616 965 2700 quod
1030 2623 1151 2682 etc.
1170 2618 1231 2697 ⁴)
1345 2613 1543 2680 Certe
1597 2616 1845 2680 amanti
1909 2616 2015 2682 vel
2086 2619 2230 2701 ipsa
2289 2618 2625 2683 festinatio

667 2724 856 2768 mora
909 2709 1024 2768 est.
1126 2700 1416 2766 Omnino
1473 2701 1651 2765 enim
1708 2701 1858 2767 istie
1873 2752 1890 2780 ‚
1946 2722 2079 2767 non
2133 2703 2261 2781 hic,
2317 2712 2624 2770 versatur

667 2791 931 2855 animus
989 2788 1134 2853 sine
1192 2806 1462 2869 corpore
1517 2786 1730 2864 velox,
1788 2798 1857 2852 et
1899 2795 2089 2853 noete
2133 2787 2366 2872 dieque
2408 2790 2622 2873 suspi-

666 2882 774 2940 rat
814 2882 1070 2941 vestros
1113 2880 1334 2938 coetus
1376 2892 1652 2956 quorum
1712 2892 1823 2936 ma
1917 2893 1956 2937 o
2021 2874 2359 2957 perculsus
2401 2896 2623 2940 amore

665 2967 925 3025 tantum
971 2980 1107 3023 non
1151 2956 1564 3024 contabescit.
1654 2957 1803 3039 Quo
1883 2959 1940 3022 si
1975 2980 2080 3024 me
2122 2958 2457 3026 Dominus
2502 2960 2621 3026 ali-

666 3043 927 3132 quando
971 3044 1075 3110 his
1119 3044 1386 3109 tandem
1430 3043 1719 3110 coetibus
1764 3045 2027 3124 inserat,
2091 3046 2347 3112 sublimi
2385 3048 2623 3129 feriam

665 3133 881 3200 sidera
933 3132 1175 3197 vertice.
1276 3130 1546 3194 Vicinos
1591 3150 1818 3196 omnes
1881 3141 2045 3209 tuos,
2094 3133 2290 3197 etiam
2335 3133 2415 3197 de
2461 3134 2622 3199 facie

665 3220 887 3284 minus
932 3228 1139 3293 notos,
1197 3217 1541 3298 ipsumque
1598 3216 1761 3281 adeo
1818 3216 2119 3299 inprimis
2164 3230 2351 3282 tuum
2396 3219 2619 3283 'Pimo-

665 3305 900 3370 theum
961 3301 1293 3384 Salyceum
1313 3303 1371 3376 ὃ)
1430 3322 1549 3366 nec
1604 3323 1735 3366 non
1802 3311 2006 3367 totam
2072 3303 2410 3369 ecclesiam
2473 3305 2620 3387 plu-

665 3391 909 3459 rimum
946 3388 1200 3453 salvere
1233 3387 1444 3456 iube0.
1525 3387 1844 3452 Vestrum
1882 3398 2103 3452 autem
2149 3402 2452 3455 sanctum
2496 3390 2620 3453 mi-

664 3476 1012 3541 nisterium
1048 3472 1325 3538 assiduis
1358 3472 1662 3554 precibus
1684 3472 1973 3539 Domino
1999 3473 2618 3553 commendabimus,

664 3570 744 3626 ut
785 3559 997 3643 magis
1051 3559 1390 3642 magisque
1444 3568 1681 3643 pergat
1734 3561 1970 3623 vestris
2014 3561 2320 3626 manibus
2366 3563 2619 3644 erigere

666 3666 863 3711 suum
918 3665 1194 3729 regnum
1263 3654 1330 3708 ot
1393 3642 1681 3709 Satanae
1747 3664 2132 3710 concussam
2199 3647 2618 3729 tyrannidem

658 3742 971 3797 evertere.
1060 3730 1263 3794 Furit
1306 3750 1482 3794 nunc
1524 3728 1730 3795 hostis
1747 3732 1805 3810 ⁶)
1839 3732 2029 3812 quasi
2074 3731 2144 3795 in
2180 3752 2440 3797 summa
2474 3754 2614 3799 cer·

658 3815 925 3881 taminis
982 3817 1233 3898 epitasi,
1292 3824 1357 3879 et
1414 3814 1739 3879 contrahit
1803 3816 2119 3899 quidquid
2179 3818 2318 3884 sive
2376 3819 2616 3885 animis

659 3902 800 3969 sive
856 3911 995 3966 arte
1054 3901 1257 3965 valet:
1312 3901 1427 3966 sed
1484 3921 1602 3983 par
1660 3909 1762 3966 est
1814 3922 1957 3982 p1os
2012 3910 2239 3967 contra
2297 3903 2504 3969 obniti
2549 3914 2616 3970 et

660 3986 917 4053 devotis
961 3987 1195 4052 animis
1239 3986 1425 4053 velut
1460 3989 1721 4069 agmine
1755 3987 1926 4052 facto
1959 3998 2376 4069 prosternere
2409 3991 2615 4054 funda

659 4073 921 4139 coelesti
980 4072 1334 4155 superbum
1408 4073 1583 4138 hunc
1640 4072 1930 4138 Goliath.
2045 4074 2247 4139 Aliud
2311 4074 2612 4141 fortassis

878 4247 1070 4255 -..ψ-

687 4344 821 4399 671.
862 4345 915 4409 l)
956 4342 1231 4398 Eustache
1266 4345 1343 4397 du
1381 4344 1635 4414 Quesnoy
1672 4344 2097 4414 (quercetanus)
2140 4346 2226 4399 Sr.
2275 4348 2343 4400 de
2377 4348 2609 4403 Boscbe'·

657 4415 808 4469 nard
842 4420 890 4467 et
925 4412 991 4466 de
1025 4412 1079 4466 la
1120 4410 1395 4479 Me'tairie,
1431 4413 1741 4467 Insulanua
1758 4414 2067 4477 Flaadrus,
2110 4415 2256 4468 Med.
2296 4415 2369 4469 D.
2407 4424 2460 4471 et
2487 4418 2607 4485 phi-

656 4481 928 4550 Iosephus,
970 4489 1161 4549 postea
1196 4482 1377 4536 Betae
1418 4486 1479 4535 in
1526 4483 1710 4537 schola
1754 4483 2153 4537 Lau-saunensi
2194 4485 2409 4553 collega,
2459 4487 2611 4554 (inde

658 4552 802 4607 aba.
824 4547 961 4602 1548
981 4564 1082 4602 see.
1112 4550 1294 4618 Haaq.
1334 4550 1442 4604 IV.
1466 4549 1587 4612 478,
1622 4554 1717 4605 vel.
1762 4550 1912 4613 1551.
1947 4570 2050 4606 sec.
2078 4552 2310 4608 Rudiae.
2349 4555 2460 4608 IV.
2483 4553 2606 4619 436)

654 4620 755 4674 ubi
795 4619 1194 4687 philosopktam
1237 4619 1461 4673 docebat
1505 4634 1675 4689 usque
1721 4621 1798 4673 ad
1843 4637 1894 4673 a.
1944 4618 2094 4673 1557.
2177 4620 2262 4688 C'f.
2313 4623 2379 4676 de
2425 4623 2607 4677 eodem

659 4688 881 4742 Fabric.
919 4689 981 4739 in
1014 4687 1164 4754 Biya
1199 4701 1341 4756 resp.
1372 4705 1426 4757 p.
1467 4686 1580 4741 145.
1655 4689 1843 4743 Etiam
1881 4689 2107 4744 Pollam'
2133 4691 2437 4756 familiaris
2471 4699 2603 4758 erat,

656 4759 726 4823 cf.
767 4756 840 4811 N.
877 4753 995 4818 620,
1032 4753 1150 4821 729,
1187 4754 1304 4810 736.

862 4823 918 4890 2)
962 4823 1035 4877 Ν.
1071 4823 1173 4877 663
1208 4830 1316 4880 not.
1350 4824 1402 4878 3.

861 4892 922 4957 3)
964 4892 1109 4946 Ibid.
1142 4899 1254 4947 not.
1289 4894 1336 4945 2.

860 4960 917 5027 4)
956 4960 1045 5014 De
1078 4962 1197 5015 eius
1231 4962 1431 5016 studiis
1464 4968 1516 5015 et
1548 4964 1779 5030 neqotiis
1812 4964 2007 5032 quibus
2042 4965 2135 5017 illo
2169 4970 2402 5033 tempore
2438 4967 2602 5021 Lute-

656 5033 768 5086 tiae
802 5030 1139 5085 incumbebat
1173 5047 1221 5083 v.
1259 5030 1391 5085 thid.
1428 5037 1538 5084 not.
1574 5030 1609 5085 5
1644 5038 1693 5084 et
1730 5031 1778 5083 7.

860 5097 922 5160 5)
962 5097 1107 5152 Ibid.
1142 5105 1251 5152 not.
1288 5098 1335 5152 7.

861 5166 893 5219 6
958 5166 1091 5221 Non
1135 5168 1307 5221 solum
1355 5169 1417 5221 in
1465 5168 1767 5222 Provincia
1817 5169 1914 5222 sed
1961 5172 2123 5223 etiam
2169 5171 2229 5222 in
2290 5169 2463 5233 Urbe,
2509 5172 2604 5226 ubi

652 5250 831 5289 nense
936 5237 1082 5290 artio
1119 5239 1308 5305 plures
1356 5238 1627 5305 supplicio
1674 5240 1856 5302 affecti
1897 5237 2127 5302 fuerant
2173 5245 2221 5290 et
2263 5240 2447 5305 pridie
2486 5240 2600 5294 Cal.

652 5304 794 5373 Apr.
828 5303 1055 5359 edictum
1087 5307 1419 5375 parlamenti
1449 5311 1640 5361 contra
1675 5306 2124 5373 blasphematores
2152 5307 2454 5376 prodierat.

2219 389 2751 462 EPISOEOLAE
2797 398 3139 464 671-678

4554 413 4647 480 114

2740 591 3004 667 tempus
3076 587 3491 669 permitteret
3551 591 3622 655 in
3689 589 3983 659 hibernis
4045 592 4274 661 ludere
4335 602 4405 662 et
4467 600 4629 667 otiari

2738 691 2917 737 nunc
2959 677 3063 737 est
3101 692 3370 740 necesse
3403 695 3632 741 omnes
3652 676 4008 745 instructos
4027 680 4150 746 sub
4169 680 4452 765 pellibus
4472 705 4649 769 agere,

2736 764 2806 820 et
2842 755 2912 820 in
2947 758 3287 841 procinctu
3330 770 3506 827 stare
3548 763 3932 830 coniunctos
3988 766 4357 834 arctissimo
4398 768 4510 843 illo
4545 771 4652 839 foe-

2737 838 2892 907 dere
2970 850 3039 908 et
3105 854 3516 912 sacramento
3577 850 3698 912 τῶν
3761 851 4393 930 συναποθνῃσκόντων.
4502 856 4654 924 Bene

2736 926 2904 1007 vale,
2970 925 3192 996 Carole
3241 931 3744 1011 humanissime,
3806 946 3875 1000 et
3916 935 4389 1020 dispersionem
4433 942 4657 1025 piorum

2734 1013 2868 1078 tuis
2924 1016 3170 1081 sanetis
3223 1019 3523 1100 precibus
3566 1020 3853 1088 Domino
3903 1023 4307 1091 commenda.
4395 1027 4504 1092 Ex
4540 1029 4659 1095 Me-

2735 1099 3019 1181 galopoli
3060 1102 3275 1183 pridie
3319 1103 3591 1171 Oalend.
3639 1107 3929 1191 Augusti
3977 1114 4159 1175 1545.

3583 1225 3768 1292 Tuus
3806 1226 4048 1294 Petrus
4091 1229 4389 1298 Rochius
4435 1233 4513 1299 B.

3508 1519 3920 1531 ———

3636 1737 3783 1808 672.

3224 1871 3698 1941 OALVINUS
3746 1876 4210 1945 FARELLO.

2901 2042 3063 2126 Agit
3115 2043 3190 2108 de
3248 2045 3388 2110 eius
3442 2047 3757 2113 vocatione
3814 2068 4008 2131 quam
4053 2070 4259 2132 paene
4300 2054 4439 2119 iam
4482 2060 4673 2122 ratam

2724 2124 2961 2206 factam
3001 2129 3169 2208 dicit,
3215 2130 3407 2212 deque
3447 2151 3795 2198 successore
3828 2134 4233 2202 Neooomensi
4265 2140 4563 2207 ecclesiae
4587 2141 4675 2207 de·

2723 2211 3429 2380 ᾜῃοῶεέἷῑίἵενεα
3506 2218 3582 2283 de
3656 2218 3861 2284 libello
3919 2240 4034 2287 suo
4111 2226 4323 2288 contra
4387 2224 4675 2293 Gar-olum

2729 2468 2839 2535 (Ex
2874 2472 3212 2540 autographo
3260 2473 3379 2526 cod.
3428 2472 3634 2528 Genev.
3680 2473 3801 2542 106,
3849 2476 3941 2531 fol.
3990 2476 4105 2544 135,
4153 2486 4375 2548 praeter
4410 2484 4568 2552 quod
4600 2499 4679 2537 ex·

2728 2542 2878 2591 stant
2924 2541 3257 2610 exemplaria
3291 2542 3569 2596 Turretini
3605 2544 3736 2598 Cod.
3775 2543 3892 2613 111,
3928 2546 4019 2600 fol.
4061 2546 4177 2615 114,
4223 2550 4514 2607 Ber-nense
4549 2552 4680 2621 Epp-

3241 2610 3357 2664 Vn.
3394 2609 3511 2678 709,
3550 2617 3608 2666 et
3642 2614 3863 2668 Simleri
3902 2614 4027 2670 Vol.
4063 2614 4174 2684 57.)

2727 2793 3147 2862 Fidelissimo
3190 2796 3444 2864 Christi
3486 2799 3760 2867 Domini
3806 2804 4017 2868 nostri
4052 2826 4243 2872 servo
4292 2806 4377 2873 G.
4418 2807 4682 2876 Farello

2943 2881 3139 2947 fratri
3179 2882 3345 2950 mihi
3386 2887 3723 2953 carissimo
3764 2898 3831 2954 et
3872 2889 4081 2957 amieo
4124 2892 4473 2977 singulari.

2897 3018 2992 3083 'Pe
3027 3019 3307 3104 singulis
3343 3021 3525 3089 horis
3562 3024 3692 3089 iam
3728 3034 4050 3110 exspecto,
4117 3025 4471 3110 Quantum
4510 3032 4682 3098 enim

2726 3128 2811 3171 ex
2851 3105 3051 3171 Vireti
3094 3106 3300 3172 literis
3345 3109 3645 3175 intellexi
3683 3133 3788 3178 res
3824 3114 4118 3179 confecta
4151 3129 4311 3182 erat.
4345 3124 4390 3196 ¹)
4466 3124 4683 3202 Atque
4803 3122 4804 3131 ’

2724 3190 2847 3256 hoe
2889 3190 3023 3255 iam
3067 3191 3381 3259 fratribus
3424 3208 3527 3261 est
3567 3218 3975 3279 persuasum.
4033 3199 4113 3264 In
4154 3213 4389 3268 senatu
4428 3205 4688 3288 publice
4803 3224 4806 3287 J

2725 3275 3021 3342 nondum
3065 3278 3268 3344 verba
3309 3280 3450 3358 feci,
3496 3282 3668 3362 quod
3708 3283 3979 3350 verebar
4022 3306 4107 3349 ne
4148 3291 4558 3357 temeritatis
4600 3310 4689 3355 ar-
4803 3292 4804 3303 ’

2723 3382 2962 3445 guerer
3004 3362 3061 3427 si
3104 3362 3261 3445 quid
3305 3378 3459 3430 ante
3503 3376 3761 3450 tempus
3795 3390 4174 3437 assererem.
4265 3373 4692 3455 Quibusdam

2723 3447 3047 3512 duntaxat
3096 3469 3279 3531 spem
3321 3450 3532 3516 inieci.
3622 3454 3727 3519 De
3779 3455 4055 3522 Tossano
4108 3458 4365 3525 haereo.
4465 3461 4692 3528 Eccle-

2724 3534 2888 3597 siam
2932 3544 3161 3615 sponte
3205 3535 3578 3619 relinquere
3625 3539 3916 3605 alienum
3974 3552 4075 3607 est
4120 3566 4160 3608 a
4201 3547 4340 3611 veri
4389 3546 4694 3614 ministri
4803 3584 4804 3589 κ

2723 3620 3107 3684 constantia.
3130 3620 3189 3702 ²)
3278 3621 3531 3687 Verum
3575 3625 3632 3689 si
3677 3628 4009 3708 proposita
4041 3630 4420 3697 conditione
4473 3633 4691 3718 repul-

2720 3725 2860 3769 sam
2916 3705 3101 3781 ferat,
3161 3727 3291 3770 non
3346 3716 3506 3789 puto
3560 3709 3918 3776 absurdum
3971 3714 4109 3779 fore
4129 3767 4144 3792 ,
4210 3717 4270 3782 si
4334 3716 4691 3801 tyrannidi

2721 3797 2878 3854 tunc
2923 3791 3209 3856 cesserit.
3301 3792 3554 3858 Verum
3610 3799 4005 3862 sententiam
4066 3822 4279 3866 meam
4340 3825 4433 3868 ex
4485 3806 4691 3871 literis
4803 3858 4804 3877 1

2720 3873 2803 3939 ad
2839 3896 2987 3939 eum
3026 3876 3288 3958 scriptis
3325 3879 3564 3945 melius
3600 3883 3967 3965 perspicies.
4054 3885 4349 3953 Carolum
4383 3891 4452 3955 si
4494 3891 4689 3976 probe

2719 3970 3072 4026 tractatum
3120 3962 3319 4028 fuisse
3364 3986 3402 4028 a
3447 3965 3631 4032 nobis
3675 3968 4014 4048 indicabis,
4064 3993 4221 4055 ages
4267 3975 4592 4046 Galla-sio
4633 3986 4693 4042 et

2717 4046 2879 4110 mihi
2920 4047 3166 4130 gratias
3209 4048 3351 4114 cius
3394 4053 3677 4118 nomine.
3766 4055 4018 4121 Parum
4064 4059 4275 4123 abfuit
4318 4065 4493 4141 quin
4545 4084 4688 4129 eum

2715 4133 2987 4213 impune
3029 4132 3271 4197 latrare
3314 4135 3618 4213 sinerem,
3664 4139 3838 4221 quod
3874 4142 4153 4208 verebar
4192 4167 4275 4209 nc
4312 4168 4550 4229 genus
4597 4169 4690 4211 ar·

2715 4217 3013 4295 gumenti
3050 4220 3386 4286 nonnullis
3429 4224 3805 4305 suspicandi
3856 4230 4262 4295 occasionem
4306 4235 4687 4314 praeberet.

2713 4303 2776 4366 N
2781 4324 2909 4368 unc
2964 4304 3139 4369 iacta
3190 4314 3293 4370 est
3347 4306 3506 4385 alea,
3566 4309 3742 4391 quod
3797 4311 3980 4379 nobis
4033 4316 4198 4382 bene
4244 4326 4494 4385 vertat.
4594 4319 4694 4384 Ita

2713 4388 2877 4453 benc
2921 4388 3321 4455 incalueram
3365 4413 3568 4473 quum
3613 4399 3832 4461 exorsi
3878 4420 4130 4479 sumus,
4185 4412 4261 4467 ut
4317 4405 4525 4471 nullo
4581 4426 4691 4469 ne-

2712 4475 2888 4557 gotio
2932 4475 3475 4542 transvolaverim
3523 4502 3727 4563 usque
3764 4483 3844 4547 ad
3885 4500 4144 4552 metam.
4206 4487 4472 4555 Verukn
4529 4492 4694 4557 haee

2712 4580 2847 4623 una
2909 4562 3107 4625 etiam
3177 4562 3511 4629 facilitatis
3580 4587 3773 4633 causa
3838 4570 3980 4649 fuit,
4048 4571 4221 4656 quod
4277 4573 4576 4641 liberius
4628 4585 4691 4639 et

2711 4646 2895 4727 quasi
2942 4645 3280 4712 exsultans
3325 4649 3446 4714 sub
3491 4650 3703 4717 alieno
3763 4656 4032 4722 nomine
4078 4657 4399 4726 ludebam.
4511 4659 4694 4728 Vide

2711 4740 2931 4795 tamen
3007 4742 3324 4814 quantum
3402 4735 3567 4800 mihi
3631 4738 3940 4821 placeam.
4051 4743 4309 4826 Operae
4375 4751 4693 4830 pretium

2707 4816 2872 4880 mihi
2919 4817 3145 4882 fecisse
3185 4817 3428 4884 videor.

2881 4901 3110 4968 Unum
3156 4904 3318 4968 mihi
3363 4907 3709 4975 exciderat.
3817 4911 4067 4979 Viretus
4119 4935 4225 4979 me
4284 4921 4578 5002 rogavit
4626 4932 4694 4985 ut

2734 5172 2877 5255 672.
2915 5173 2973 5233 1)
2999 5176 3262 5258 ’Minima
3297 5196 3467 5250 neque
3415 5189 3686 5304 δδέοειεᾳ
3718 5184 3845 5246 fuit.
3922 5187 4199 5241 Caeterum
4235 5190 4304 5244 de
4325 5191 4572 5251 Fau-ean·
4597 5211 4692 5254 οο-
4807 5212 4808 5217 ’

2703 5245 3079 5376 cottone23>ulive
3107 5249 3379 5372 Ξειιόηιηοὶὲ.
3401 5318 3449 5372 1·
3552 5258 3603 5306 et
3637 5254 3792 5318 unfra
3819 5253 4027 5322 plures.
