4825 6175
635 438 762 503 267

633 624 1027 693 veteratorie
1061 629 1217 707 agat
1242 622 1478 686 omnia.
1525 620 1774 686 Parum
1810 620 2023 686 abfuit
2058 621 2217 703 quin
2250 619 2351 685 bis
2387 624 2594 684 totam

680 711 896 777 lebem
939 708 1311 775 convocarit
1344 727 1463 790 pro
1500 706 1830 772 evocando
1866 706 2239 785 Marcurtio,
2258 710 2317 783 ⁸)
2360 706 2431 769 in
2468 724 2596 788 quo

705 796 990 873 boravit,
1050 814 1186 860 non
1243 792 1316 858 in
1375 795 1653 876 gratiam
1708 792 2059 858 Marcurtii
2077 843 2092 870 ,
2157 811 2368 875 neque
2422 789 2595 874 quod

633 883 829 950 illum
870 888 1048 946 amet
1086 888 1203 946 aut
1244 878 1302 944 ei
1342 878 1511 943 bene
1561 877 1750 954 velit,
1796 878 1913 944 sed
1957 885 2216 943 tantum
2257 884 2334 943 ut
2375 877 2597 942 omnia

636 967 1018 1036 confundat.
1063 967 1346 1032 Prooare
1381 962 1746 1029 Dominum
1781 972 1859 1028 ut
1892 963 2080 1030 nobis
2115 962 2285 1029 adsit
2320 969 2387 1027 et
2425 961 2597 1028 hano

636 1054 927 1140 vulpem,
971 1059 1051 1119 ut
1083 1052 1285 1136 digna
1320 1058 1441 1129 est,
1483 1051 1861 1133 exemplum
1902 1050 2260 1117 constituat
2293 1046 2597 1114 omnibus

639 1142 755 1226 qui
808 1142 883 1205 in
939 1138 1287 1206 Christum
1340 1137 1729 1221 insurgunt,
1786 1142 1855 1201 et
1916 1136 2071 1203 huic
2134 1134 2313 1219 plebi
2376 1133 2598 1199 oculos

641 1227 913 1312 aperiat,
959 1224 1198 1309 detque
1238 1222 1517 1289 meliora
1558 1222 1760 1306 sequi.

811 1311 987 1378 Mihi
1042 1309 1338 1376 nondum
1404 1318 1507 1375 est
1571 1308 1762 1374 datus
1824 1305 2104 1392 collega:
2165 1306 2246 1372 de
2297 1305 2382 1370 iis
2440 1325 2600 1387 quos

637 1398 968 1485 praefecto
1003 1404 1071 1462 et
1103 1394 1364 1462 senatui
1401 1394 1776 1473 obtulimus,
1819 1413 2015 1458 nemo
2050 1400 2352 1476 acceptus
2385 1412 2600 1474 neque

640 1483 982 1550 admissus.
1072 1479 1251 1563 Quid
1315 1479 1584 1546 tandem
1636 1480 1773 1545 sint
1825 1478 2066 1546 dicturi
2127 1486 2597 1561 exspectamus.

642 1568 891 1652 Quales
943 1569 1195 1633 fuerint
1245 1567 1359 1650 qui
1418 1566 1710 1633 defuncti
1761 1565 1897 1630 iam
1949 1570 2107 1631 sunt
2161 1568 2434 1629 munere
2477 1584 2599 1646 pu-

642 1655 815 1722 blico
828 1706 845 1734 ,
904 1674 1041 1720 non
1097 1660 1199 1720 est
1253 1651 1427 1736 quod
1490 1653 1800 1718 referam:
1870 1651 2158 1717 referent
2211 1649 2339 1734 ipsi
2398 1648 2600 1732 digna

641 1743 831 1809 factis
884 1740 1194 1825 praemia.
1284 1736 1423 1820 Qui
1489 1758 1669 1805 nunc
1736 1745 2052 1821 praesunt
2101 1736 2395 1802 melioris
2449 1742 2603 1799 sunt

640 1828 801 1913 spei.
858 1826 1030 1893 Inde
1063 1826 1313 1892 factum
1356 1830 1457 1890 est
1497 1823 1670 1908 quod
1713 1821 1837 1888 sub
1876 1823 2024 1888 aliis
2067 1845 2201 1888 non
2242 1822 2431 1887 licuit
2463 1833 2601 1885 tam

641 1934 881 1998 urgere
945 1933 1143 1997 quam
1206 1911 1632 1996 oportuisset,
1686 1929 1890 1992 quum
1953 1910 2026 1973 in
2081 1910 2345 1973 ruinam
2411 1905 2602 1990 regni

642 1999 901 2067 Christi
967 1997 1192 2064 omnia
1255 1996 1642 2064 viderentur
1704 1995 1937 2061 facere.
2040 1994 2469 2059 Insanierunt
2528 1992 2600 2056 in

648 2084 1044 2163 Gordcrv'um,
1112 2084 1401 2148 riserunt
1454 2081 1832 2161 Domum,
1898 2087 1966 2145 et
2028 2100 2223 2163 quem
2283 2078 2600 2144 habemus

647 2172 824 2237 male
902 2170 1259 2235 voluerunt
1335 2167 1769 2232 introducere.
1862 2164 2214 2249 Quumque
2281 2164 2602 2230 Erasmus

645 2256 823 2341 apud
878 2278 997 2321 nos
1051 2264 1233 2338 agat,
1292 2263 1360 2317 et
1404 2261 1478 2317 ut
1520 2273 1710 2335 spero
1754 2252 2175 2337 gymnasium
2218 2251 2454 2316 melius
2495 2251 2599 2314 in-

645 2343 953 2418 stituerit,
1001 2341 1219 2406 visum
1260 2340 1385 2403 fuit
1427 2346 1494 2403 et
1536 2338 1698 2402 mihi
1737 2346 1804 2403 et
1840 2336 2049 2402 Vircto
2092 2358 2224 2402 una
2266 2357 2420 2402 cum
2462 2336 2599 2401 filio

653 2427 1023 2504 sseobaldi,
1077 2425 1192 2509 qui
1245 2446 1364 2508 pro
1420 2432 1633 2490 aetate
1673 2445 1804 2489 non
1847 2422 2110 2490 videtur
2150 2443 2415 2506 prorsus
2460 2422 2600 2486 sine

651 2535 852 2580 sensu
896 2533 1070 2589 esse,
1116 2518 1191 2576 ut
1231 2511 1472 2576 iterum
1514 2509 1623 2575 hic
1664 2510 1837 2575 istuc
1878 2506 2150 2586 rediret,
2211 2529 2338 2591 quo
2394 2508 2602 2591 possit

647 2622 770 2667 sua
813 2598 1032 2663 studia
1074 2597 1332 2662 felicius
1375 2596 1701 2679 prosequi.
1997 2620 2004 2625 ·

820 2682 1016 2766 Quod
1071 2684 1307 2747 attinet
1361 2681 1446 2747 ad
1501 2703 1580 2746 ea
1622 2701 1789 2764 quae
1845 2680 1991 2747 istic
2007 2679 2064 2765 ⁴)
2124 2690 2270 2746 acta
2311 2679 2600 2759 fuerunt,

647 2777 794 2836 tum
839 2768 923 2834 ab
965 2770 1108 2834 istis
1153 2776 1292 2833 tum
1339 2767 1421 2833 ab
1465 2766 1713 2844 amicis,
1759 2767 1939 2833 varie
1982 2767 2205 2831 omnia
2235 2766 2602 2831 refereban-

647 2862 788 2921 tur:
845 2855 961 2920 sed
1019 2853 1286 2919 tandem
1339 2853 1561 2919 omnia
1616 2853 1686 2916 in
1729 2852 1986 2917 fumum
2043 2851 2373 2918 abierunt:
2434 2849 2602 2916 nihil

648 2950 770 3009 aut
809 2961 1047 3024 parum
1091 2937 1372 3004 auditur.
1433 2938 1707 3005 Utinam
1748 2938 1858 3003 isti
1903 2938 2264 3005 consultius
2306 2944 2598 3022 agerent.

646 3026 784 3095 Sed
830 3026 1166 3094 communi
1209 3026 1511 3093 laborant
1564 3023 1790 3090 morbo
1834 3044 1962 3108 quo
2004 3024 2214 3108 inepti
2256 3042 2486 3089 omnes
2527 3031 2604 3090 et

642 3114 1079 3197 impudentes.
1167 3110 1433 3192 Quanto
1489 3132 1651 3194 opus
1704 3111 2000 3178 efficiunt
2052 3111 2165 3177 lon
2211 3132 2248 3176 e
2292 3109 2598 3189 deterius,

644 3207 831 3266 tanto
873 3198 1088 3283 magis
1131 3198 1408 3281 cupiunt
1451 3198 1661 3264 vitare
1706 3219 1788 3263 ne
1831 3198 1977 3280 quis
2008 3198 2149 3262 inte
2204 3196 2340 3281 ‘gat
2373 3217 2601 3262 eorum

644 3284 886 3370 agendi
919 3285 1257 3349 rationem.
1306 3282 1443 3349 Sed
1477 3282 1742 3349 tandem
1775 3305 2006 3349 vereor
2037 3304 2122 3349 ne
2157 3302 2276 3348 suo
2310 3284 2602 3365 ipsorum

644 3391 888 3456 magno
929 3369 1106 3435 malo
1165 3369 1422 3437 discant
1463 3369 1821 3435 consultius
1878 3389 2104 3453 agere,
2164 3376 2233 3433 et
2274 3389 2442 3451 quae
2485 3390 2603 3453 per

645 3480 719 3525 se
763 3478 899 3521 non
941 3463 1218 3539 possunt
1258 3477 1377 3539 per
1419 3455 1580 3520 alios
1625 3475 1874 3523 curare.
1937 3453 2242 3521 Christus
2285 3455 2445 3538 ipsis
2486 3454 2602 3520 ad-

645 3544 735 3610 sit
776 3548 844 3609 et
882 3541 1222 3607 meliorem
1264 3541 1375 3606 det
1414 3549 1723 3607 mentem.

819 3627 1069 3692 Mirum
1127 3626 1300 3709 quod
1342 3626 1424 3691 de
1466 3626 1776 3693 fratribus
1830 3626 1996 3691 meis
2049 3625 2220 3692 nihil
2274 3625 2598 3692 audiatur.

646 3713 828 3794 Quid
872 3713 997 3778 sibi
1038 3712 1266 3792 velint,
1313 3713 1549 3778 nescio.
1632 3711 2078 3797 Sperabamus
2119 3734 2271 3778 eum
2312 3714 2428 3796 qui
2469 3712 2602 3779 huc

645 3806 924 3865 venerat
963 3819 1084 3881 pro
1128 3798 1391 3863 officina
1433 3798 1655 3864 fratris
1699 3808 2086 3865 venturum:
2143 3798 2258 3865 sed
2302 3809 2378 3865 ut
2421 3799 2602 3865 vide-

643 3904 795 3950 mus
848 3883 1087 3967 aliquis
1145 3905 1293 3950 eum
1348 3883 1709 3966 impedivit.
1797 3884 1908 3949 Ita
1961 3884 2281 3951 habemus
2338 3886 2599 3950 amicos.

661 3971 930 4050 Vin-m,
974 3969 1130 4037 licet
1173 3970 1350 4036 domi
1390 3969 1542 4053 plus
1586 3970 1746 4036 satis
1766 3969 2039 4036 haberet
2070 3969 2340 4055 negotii,
2374 3977 2605 4036 tamen

646 4056 965 4123 sustinuit
1029 4076 1149 4123 nos
1211 4056 1513 4121 invisere.
1601 4055 1764 4121 Fuit
1814 4053 2169 4122 admodum
2221 4057 2401 4122 utilis
2458 4058 2601 4123 eius

646 4140 973 4209 adventus
1029 4149 1096 4207 et
1150 4163 1255 4207 me
1311 4163 1514 4224 supra
1571 4142 1842 4208 modum
1884 4143 2223 4208 recreavit.
2315 4141 2393 4209 Si
2433 4143 2602 4210 istuc

644 4229 935 4305 venerit,
989 4228 1197 4293 fusius
1252 4229 1476 4293 omnia
1528 4227 1878 4313 intelliges.
1969 4226 2196 4310 Quum
2242 4250 2349 4295 res
2391 4229 2488 4294 ita
2531 4229 2601 4294 in

647 4313 1002 4380 discrimen
1065 4321 1413 4392 vocentur,
1479 4324 1546 4378 et
1610 4323 1800 4379 tanta
1864 4315 1955 4379 sit
2010 4317 2399 4381 veteratoris
2452 4336 2603 4382 cum

645 4400 894 4482 iniquis
981 4400 1407 4483 conspiratio,
1497 4409 1860 4484 agaturque
1939 4400 2021 4466 de
2100 4401 2602 4466 exterminando

643 4506 919 4571 prorsus
969 4486 1365 4562 ministerio,
1434 4486 1756 4551 nonnulla
1808 4485 2092 4552 suadent
2144 4487 2374 4554 foedus
2431 4488 2601 4552 inire

645 4593 798 4639 cum
843 4572 925 4638 iis
971 4592 1087 4654 per
1130 4592 1288 4655 quos
1332 4571 1622 4637 hostium
1666 4573 2050 4655 improbitas
2107 4573 2411 4656 impediri
2454 4594 2602 4657 pos-

646 4657 764 4734 sit,
813 4667 879 4722 et
919 4658 1020 4723 ius
1063 4667 1363 4721 nostrum
1419 4657 1604 4723 nobis
1648 4658 1905 4725 salvum
1949 4667 2263 4724 maneret.
2346 4659 2430 4724 Id
2471 4659 2603 4725 scio

644 4743 880 4809 multis
922 4764 1056 4808 non
1100 4741 1450 4808 admodum
1492 4743 1843 4826 probatum
1883 4744 2001 4823 iri,
2047 4765 2257 4828 neque
2300 4746 2604 4812 omnibus

645 4828 756 4892 hic
789 4837 1082 4913 gratum:
1130 4836 1354 4894 tamen
1386 4851 1592 4911 quum
1633 4849 1869 4915 urgere
1903 4851 2025 4895 nos
2061 4831 2419 4896 necessitas
2452 4831 2603 4914 plus

645 4916 808 4980 satis
863 4923 1121 4998 pergat,
1180 4922 1247 4979 et
1287 4913 1459 4979 hanc
1500 4913 1691 4981 nobis
1735 4914 2065 4981 Dominus
2108 4919 2284 4982 viam
2329 4918 2601 4999 aperiat,

644 5021 785 5064 non
849 4999 1116 5066 videtur
1174 5000 1588 5084 negligenda.
1677 5002 1931 5066 Tamen
1998 5010 2192 5067 tuum
2252 5002 2599 5068 consilium

643 5083 881 5152 lubens
925 5084 1236 5152 audirem.

851 5289 912 5356 3)
949 5292 1010 5345 in
1044 5290 1217 5345 locum
1257 5292 1568 5361 Gapuncule‘
1597 5308 1777 5363 nuper
1812 5292 2070 5360 defuncti.

851 5360 911 5427 4)
948 5359 1184 5416 Rornae.

2083 496 2088 502 ,
2185 422 2711 498 ΕΡῙΒΤΟΙιΔΕ
2759 432 3096 496 759-762

4507 433 4601 499 268

2868 618 2975 684 De
3008 639 3085 683 eo
3121 618 3232 701 qui
3265 616 3349 683 ob
3382 618 3803 702 evangelium
3835 619 4059 684 omnia
4092 619 4332 699 amisit,
4373 626 4443 685 et
4459 622 4604 705 prin-

2697 724 2849 787 ceps
2902 711 3138 788 rogatu
3188 704 3501 787 praefecti
3562 714 3630 768 et
3685 712 3957 771 senatus
4013 704 4263 789 aliquid
4303 704 4603 789 impertiit,

2697 789 2790 854 sic
2833 798 3056 855 tamen
3096 796 3204 869 ut,
3247 790 3305 855 si
3347 789 3867 856 abominationes
3907 791 4251 868 redierint,
4295 792 4353 858 is
4394 813 4609 877 quoque

2699 876 2921 940 omnia
2985 876 3387 942 restitueret:
3454 875 3627 959 quod
3682 884 3906 941 tamen
3961 877 4030 941 in
4084 876 4296 943 literis
4353 877 4609 946 additum

2701 968 2801 1026 est
2863 961 3017 1044 quia
3082 961 3274 1027 aliter
3348 962 3649 1046 princeps
3727 984 3862 1027 non
3925 969 4185 1046 poterat
4249 964 4393 1030 sine
4456 966 4611 1048 gravi

2701 1047 3102 1113 discrimine:
3174 1058 3243 1112 et
3339 1047 3488 1112 lura
3554 1048 3842 1115 dedisset
3889 1059 3958 1112 et
4012 1049 4241 1132 purius
4304 1048 4437 1116 nisi
4492 1071 4614 1116 suos

2700 1133 3057 1212 timuisset,
3127 1133 3243 1217 qui
3290 1133 3563 1218 1ndigne
3620 1133 3922 1200 ferebant
3970 1136 4233 1217 captivo
4289 1135 4373 1201 ob
4431 1136 4617 1203 me‘

2701 1218 3065 1284 doctrinam
3100 1226 3169 1284 et
3203 1218 3402 1304 digno
3435 1219 3736 1286 incendio
3771 1220 3914 1285 dari
3947 1240 4115 1303 quae
4146 1222 4415 1286 fuerant
4447 1222 4618 1288 eccle-

2702 1305 2855 1370 siae.
2915 1302 3146 1386 Quum
3188 1306 3245 1371 is
3279 1306 3626 1373 consilium
3668 1307 3949 1372 fratrum
3989 1307 4258 1390 petierit
4298 1315 4367 1371 et
4411 1314 4475 1371 te
4512 1307 4619 1373 fra·

2700 1397 2836 1456 tres
2879 1392 3194 1475 rogarint,
3260 1391 3376 1457 ubi
3439 1390 3705 1457 dabitur
3768 1392 3888 1457 otii
3950 1393 4193 1476 ahquid
4253 1394 4623 1459 sententiam

2703 1484 2884 1542 tuam
2941 1477 3188 1543 scribes
3206 1527 3222 1555 ,
3311 1477 3441 1543 uod
3485 1487 3553 1543 te
3593 1478 3843 1544 dudum
3885 1478 4211 1547 vexabam
4265 1485 4341 1544 ut
4383 1480 4620 1544 faceres.

2871 1563 3228 1629 Praeterea
3306 1585 3344 1629 e
3378 1564 3690 1631 electione
3725 1572 3795 1630 et
3818 1565 4284 1632 constitutione
4318 1572 4627 1648 pastorum

2700 1650 2891 1715 nobis
2954 1650 3199 1715 iterum
3261 1650 3535 1716 facesset
3598 1651 3938 1735 negotium
4002 1648 4362 1717 Marcurtio
4428 1659 4628 1716 autore

2703 1734 3019 1801 Herodes.
3106 1734 3345 1802 Nescio
3399 1756 3487 1801 an
3532 1735 3857 1803 Ricardus
3869 1738 3930 1811 ⁵)
3985 1756 4128 1803 sese
4172 1736 4514 1820 adiungat:
4564 1735 4631 1801 de

2705 1819 3019 1887 Morando
3034 1820 3090 1906 ⁶)
3150 1821 3317 1886 nihil
3372 1831 3476 1889 est
3516 1822 4013 1888 controversiae.
4102 1822 4341 1889 Paucis
4386 1825 4444 1888 si
4486 1821 4632 1887 iudi-

2704 1909 2879 1974 cium
2935 1915 3128 1972 tuum
3181 1908 3504 1992 proferres
3559 1930 3697 1974 non
3738 1917 3910 1975 esset
3950 1908 4200 1975 inutile.
4294 1908 4537 1992 Vulpes
4572 1908 4635 1972 in

2704 1993 2830 2060 hoc
2886 2003 2986 2059 est
3039 2001 3113 2059 ut
3167 1993 3481 2077 quidquid
3536 2001 3832 2078 pastores
3888 1994 4143 2079 eligunt
4185 2001 4255 2060 et
4295 1992 4637 2061 decernunt

2700 2079 2773 2143 in
2816 2100 3066 2145 vanum
3117 2081 3237 2146 fiat
3291 2090 3358 2145 et
3413 2081 3708 2164 ipsorum
3761 2080 4097 2165 suffragiis
4164 2079 4407 2165 populo
4463 2080 4638 2146 liceat

2703 2164 2948 2250 eligere
2983 2174 3052 2231 et
3067 2164 3416 2232 instituere
3449 2187 3610 2249 quos
3630 2165 3829 2232 volet.
3874 2165 3983 2231 Ita
4004 2166 4386 2232 decreverat
4406 2165 4641 2250 pridem

2703 2249 3132 2316 Mar-curtim
3166 2252 3476 2319 ecclesiae
3496 2253 3605 2319 cui
3637 2259 3901 2336 praeest
3926 2252 4174 2334 Gaspar
4188 2254 4241 2332 7)
4284 2251 4639 2330 obtrudere,

2703 2345 2771 2402 et
2802 2336 2850 2401 h
2882 2338 3034 2403 uim
3050 2337 3149 2402 rei
3163 2336 3407 2425 qratia]
3427 2337 3487 2423 ⁸)
3521 2345 3919 2405 conventum
3955 2346 4219 2404 curarat
4249 2339 4401 2405 fieri
4434 2357 4643 2405 eorum

2702 2426 2813 2506 qui
2924 2422 3257 2488 ombardis
3318 2424 3754 2503 eiaculantur,
3821 2426 4178 2490 constituto
4233 2425 4526 2508 praemio
4573 2424 4642 2488 iis

2705 2510 2818 2592 qui
2872 2510 3243 2587 vincerent,
3301 2517 3376 2575 ut
3428 2509 3552 2576 hac
3610 2510 3720 2578 via
3774 2510 3819 2576 ii
3874 2531 4038 2594 quos
4094 2511 4425 2595 selegerat
4487 2507 4645 2594 apud

2702 2594 2957 2679 plebem
2995 2595 3336 2662 efficerent
3367 2617 3495 2678 quo
3518 2594 3918 2663 Mamm-tius
3951 2597 4320 2681 eligeretur,
4344 2610 4417 2663 et
4449 2614 4647 2680 nuper

2706 2680 2814 2747 hio
2858 2680 3035 2746 idem
3078 2682 3361 2747 tentavit
3402 2689 3468 2746 et
3509 2683 3879 2749 vaferrime.
3945 2683 4133 2747 Nihil
4174 2703 4307 2748 non
4348 2684 4432 2748 fit
4475 2689 4541 2747 et
4576 2678 4648 2745 ab

2705 2765 2829 2833 hoc
2872 2773 2941 2832 et
2981 2766 3303 2834 similibus
3344 2768 3421 2833 in
3461 2770 3723 2833 ruinam
3768 2768 4094 2834 ecclesiae.

2877 2850 3072 2934 Quod
3124 2860 3311 2938 optas
3366 2861 3445 2919 ut
3486 2854 3951 2938 colloquamur,
4008 2870 4129 2937 ego
4185 2854 4346 2919 item
4405 2857 4648 2936 exopto.

2705 2936 2842 3005 Sed
2877 2959 3000 3024 ego
3035 2961 3172 3005 non
3209 2960 3480 3023 possum
3512 2939 3747 3024 pedem
3783 2960 4047 3006 movere
4081 2940 4153 3004 in
4188 2939 4316 3005 hac
4349 2937 4651 3005 ecclesiae

2703 3024 2886 3106 facie,
2951 3046 3158 3110 quum
3222 3026 3386 3093 mihi
3451 3026 3700 3112 collega
3751 3046 3884 3092 non
3936 3026 4039 3091 sit.
4127 3024 4229 3092 'Pu
4283 3044 4427 3090 non
4482 3030 4654 3109 potos

2706 3112 2836 3177 nisi
2876 3133 3122 3198 magno
3165 3112 3598 3180 incommodo.
3656 3112 3798 3180 Soli
3829 3113 4040 3178 Vireto
4074 3112 4223 3196 plus
4257 3111 4434 3191 licet,
4481 3110 4655 3175 cuius

2705 3198 3015 3265 Christus
3078 3199 3389 3266 misertus
3452 3208 3569 3265 est.
3669 3198 3851 3266 Sane
3913 3198 3984 3263 id
4047 3198 4240 3265 valde
4305 3196 4655 3282 expediret.

2705 3284 2911 3350 Faxit
2946 3285 3256 3352 Christus
3299 3295 3374 3351 ut
3405 3292 3722 3368 quantum
3758 3283 3924 3350 mihi
3959 3284 4025 3349 id
4060 3295 4162 3350 est
4193 3284 4652 3359 necessarium,

2704 3378 2971 3436 tantum
3003 3371 3073 3436 id
3095 3369 3209 3436 det
3228 3379 3295 3436 et
3314 3371 3462 3437 cito.
3507 3373 3603 3437 At
3624 3371 3883 3456 longior
3904 3393 4068 3438 sum.
4116 3369 4303 3435 Vale.
4347 3369 4654 3436 Christus

2707 3457 2902 3523 uxori
2943 3464 3096 3523 tuae
3139 3464 3207 3522 et
3250 3457 3373 3523 tibi
3413 3458 3741 3541 integram
3784 3457 4096 3523 restituat
4137 3463 4204 3522 et
4237 3458 4511 3521 firmam
4549 3475 4654 3520 va·

2706 3541 3072 3609 letudinem
3088 3593 3104 3620 ‚
3150 3552 3217 3609 et
3270 3545 3461 3608 uxori
3520 3543 3735 3609 Vireti.
3825 3542 4038 3626 Cupio
4086 3541 4384 3625 Goppum,
4438 3539 4652 3608 Galla-

2705 3628 2893 3708 sium,
2930 3627 3224 3694 Abellam
3258 3649 3409 3694 oum
3442 3629 3827 3714 coniugibus
3862 3629 4136 3709 salvere,
4172 3641 4363 3693 tuum
4387 3628 4655 3694 fratrem

2707 3737 2856 3781 cum
2898 3715 3092 3780 istius
3136 3734 3358 3781 socero
3400 3723 3466 3780 et
3503 3715 3755 3781 familia
3796 3723 3952 3780 tota.
4020 3713 4249 3780 Nostri
4291 3723 4359 3780 te
4403 3714 4655 3780 salvum

2707 3822 2849 3867 esse
2892 3808 3140 3885 optant.
3229 3801 3562 3881 Neocomi,
3607 3809 3666 3867 4.
3711 3801 4057 3868 Februarii
4107 3803 4287 3867 1546.

3746 3938 4052 4006 Farellus
4095 3949 4247 4005 tuus
4290 3944 4494 4004 totus.

2982 4029 3119 4036 ——-—--

2913 4143 2975 4210 5)
3017 4144 3319 4199 Ricardum
3353 4145 3499 4199 hunc
3532 4147 3593 4199 in
3627 4161 3762 4214 aqro
3787 4145 4144 4201 Neocomensi
4172 4145 4418 4213 sortasse
4451 4142 4654 4215 quaesi·

2708 4214 2866 4268 veris.
2942 4213 3024 4278 cf.
3062 4219 3241 4267 tamen
3277 4214 3353 4267 Ν.
3389 4213 3509 4282 638,
3547 4220 3656 4269 not.
3692 4214 3745 4272 2.

2913 4280 2972 4348 6)
3010 4282 3096 4336 Io.
3134 4282 3477 4337 Mon-andum
3521 4285 3744 4352 saepius
3784 4285 3897 4338 iam
3941 4284 4314 4352 superioribus
4357 4282 4537 4336 annis
4577 4278 4654 4333 ob-

3224 4350 3335 4419 Qui
3365 4359 3536 4406 natus
3565 4355 3628 4407 in
3662 4353 3866 4421 oppido
3912 4353 4142 4407 Ver-vius
4176 4351 4501 4417 Piceo-aiae,
4540 4347 4654 4402 Sor·

2707 4421 2879 4474 bonae
2912 4419 3115 4488 doctor,
3150 4423 3397 4544 &kmi
3415 4421 3803 4475 Ambianemis
3834 4423 4096 4489 vicarim,
4130 4437 4185 4475 a.
4208 4418 4346 4474 1534
4379 4421 4447 4474 in
4483 4419 4654 4496 haer-q-

2706 4503 2828 4543 seos
2858 4491 3222 4556 suspicionem
3376 4505 3511 4558 psus
3540 4495 3671 4544 teste
3692 4490 4045 4560 d'Arqentress
4082 4506 4295 4545 errores
4325 4488 4656 4551 retractam,

2707 4558 2806 4612 sed
2849 4559 3086 4612 triennio
3124 4563 3257 4627 post
3298 4559 3361 4611 in
3400 4558 3701 4613 Helvetium
3747 4574 3803 4612 sc
3836 4561 4037 4629 recepit
4072 4561 4170 4614 ubi
4199 4561 4442 4627 primum
4474 4563 4657 4626 pastor

2706 4628 2769 4680 in
2821 4625 2977 4697 C'ully
3019 4629 3081 4681 in
3129 4641 3265 4696 ayro
3312 4626 3553 4682 Vadenoe·
3601 4630 3926 4682 constitutus
3974 4645 4099 4683 mox·
4150 4629 4376 4696 expulso
4437 4625 4656 4702 calm

2713 4695 2961 4751 Gcncvae
2994 4696 3298 4750 ministerio
3329 4695 3555 4761 functus
3588 4704 3668 4751 est
3701 4697 3778 4752 ad
3801 4696 3952 4750 1540.
4003 4697 4129 4751 Iam
4164 4696 4381 4751 videtur
4414 4695 4482 4748 in
4506 4707 4655 4749 com·-

2708 4769 2829 4820 tatu
2864 4764 3228 4900 Άζῗῗοῧὲιεηειὲ
3254 4765 3461 4902 agabi
3492 4767 3708 4821 verbum
3740 4766 4089 4835 praedicasse
4122 4765 4190 4834 cf.
4231 4765 4308 4819 N.
4344 4760 4468 4818 685.

3095 4850 3208 4888 rme
3343 4877 3356 4888 .
4290 4864 4323 4892 o

2913 4901 2974 4969 8)
3018 4903 3224 4959 Charta
3405 4904 3418 4917 “

2707 4352 2858 4405 vium
2889 4351 3146 4406 habuisti.
