4825 6175
663 409 786 468 719

662 596 859 663 dendi
902 606 968 660 et
1096 596 1246 662 endi
1306 616 1568 663 oausam
1631 612 1921 677 nostram
1967 598 2147 665 locus
2198 598 2607 678 concedatur,

661 696 727 750 et
771 704 1027 768 purgan
1076 681 1090 697 ⁶
1131 703 1252 751 nes
1288 681 1602 748 adversus
1642 683 2001 749 horrendas
2034 684 2182 751 illas
2224 685 2607 765 calumnias,

662 770 894 854 quibus
938 768 1183 852 passim
1245 767 1527 834 traducti
1572 770 1831 834 fuimus.
1931 770 2009 835 Id
2071 792 2228 836 voro
2285 772 2608 854 quomodo

659 877 792 921 non
837 876 1246 938 speraremus
1289 875 1328 918 a
1371 861 1506 920 tam
1551 855 1893 939 prudente,
1941 856 2110 921 iusto
2155 866 2222 921 et
2264 877 2471 940 aequo
2512 879 2611 924 se·

658 954 838 1019 natu,
885 950 1151 1023 tamque
1193 940 1580 1018 christiane,
1641 941 1812 1023 quod
1855 940 1978 1006 sub
2022 941 2303 1009 ethnicis
2347 964 2607 1026 quoque

656 1026 1060 1112 principibus
1118 1046 1241 1090 non
1301 1026 1425 1091 fuit
1473 1025 1626 1090 olim
1674 1026 1878 1092 Paule
1923 1027 2332 1113 denegatum.
2424 1026 2608 1095 Satis

657 1124 757 1178 est
801 1113 881 1178 ad
927 1111 1375 1178 defensionem
1420 1132 1652 1178 causae
1697 1122 1955 1177 nostrae
1990 1113 2269 1197 simplex
2305 1116 2606 1180 verit-atis

655 1200 861 1264 oratio
918 1209 984 1263 et
1039 1198 1135 1263 rei
1193 1206 1416 1283 gestae
1474 1199 1793 1263 narratio:
1870 1220 2066 1281 quam
2119 1199 2484 1283 aliquande,
2545 1202 2599 1266 si

657 1283 908 1350 dederit
953 1283 1300 1361 Dominus,
1344 1281 1602 1367 plenius
1647 1305 1686 1348 a
1729 1305 1834 1348 me
1881 1284 2226 1370 intelliges,
2273 1284 2468 1368 idque
2513 1286 2604 1352 ci-

655 1378 760 1435 tra
812 1371 1034 1437 fucum
1083 1390 1343 1434 omnem
1402 1385 1469 1433 et
1525 1368 2006 1434 simulationem
2064 1380 2180 1435 aut
2234 1371 2605 1437 dissimula-

656 1457 919 1522 tionem.
1009 1456 1238 1538 Neque
1287 1454 1512 1520 dubito
1569 1455 1726 1538 quin
1776 1457 2020 1521 sinceri·
2072 1478 2291 1523 coram
2341 1459 2483 1523 Deo
2539 1465 2607 1521 et

654 1543 972 1609 benorum
1014 1541 1423 1608 conscientiis
1467 1541 1718 1608 Christi
1761 1542 2046 1607 ministri
2066 1594 2079 1615 ‚
2131 1544 2324 1609 sicuti
2382 1544 2606 1608 hacte-

656 1648 798 1703 nuS,
844 1630 939 1692 ita
981 1636 1050 1692 et
1105 1624 1408 1709 deinceps
1467 1629 1914 1703 inveniamur,
1971 1628 2280 1711 quidquid
2340 1630 2605 1712 quidam

654 1713 969 1779 adversus
1014 1733 1134 1778 nes
1177 1714 1598 1778 mentiantur.

826 1799 1010 1865 Haec
1055 1797 1235 1864 volui
1273 1798 1594 1864 duntaxat
1646 1799 1855 1865 obiter
1900 1812 1966 1864 et
2008 1801 2080 1864 in
2136 1821 2376 1884 genere
2422 1799 2607 1865 velut

652 1884 957 1958 indicare,
997 1892 1072 1950 ut
1112 1883 1509 1970 intelligeres
1547 1907 1667 1951 nes
1702 1906 1836 1950 non
1873 1906 2014 1951 esse
2050 1896 2185 1951 tam
2221 1885 2606 1951 monstresis

654 1970 1069 2054 opinionibus
1112 1991 1305 2054 quam
1350 1971 1623 2037 fortasse
1663 1969 1926 2054 quidam
1974 1971 2156 2037 vobis
2214 1970 2606 2055 persuadere

652 2055 870 2124 eonati
914 2064 1100 2133 sunt,
1156 2056 1392 2138 quibus
1444 2057 1633 2123 facile
1687 2056 1811 2122 fuit
1854 2068 2146 2124 mortuos
2198 2059 2268 2122 in
2313 2056 2603 2123 tenebris

651 2142 969 2227 iugulare.
1059 2141 1192 2208 Sed
1260 2145 1315 2208 si
1382 2142 1732 2227 aliquando
1796 2145 2137 2228 contingat
2200 2144 2471 2228 propius
2538 2151 2605 2208 et

651 2226 1106 2312 praesentibus
1160 2228 1497 2313 congredi,
1559 2237 1718 2293 tunc
1774 2231 2039 2313 patefiet
2094 2237 2189 2293 tot
2245 2229 2602 2295 mendaciis

652 2326 718 2379 et
762 2314 1108 2381 calumniis
1152 2335 1462 2398 oppressa
1505 2316 1763 2380 veritas.

828 2400 930 2465 De
971 2400 1373 2466 scholasticis
1412 2401 1656 2466 nostris
1693 2399 2256 2484 disputationibuS,
2303 2398 2383 2464 de
2428 2401 2595 2464 iure-

651 2485 927 2550 iurando
948 2486 1005 2566 3)
1050 2496 1117 2550 et
1157 2486 1238 2551 iis
1284 2485 1363 2551 de
1408 2486 1646 2570 quibus
1703 2486 1783 2550 ad
1843 2507 1948 2551 me
2007 2486 2326 2569 scripsisti
2383 2485 2600 2568 suspi-

651 2571 964 2650 cionibus,
1008 2571 1176 2635 nihil
1218 2593 1412 2656 agere
1454 2572 1525 2635 in
1569 2572 1940 2655 praesentia
1996 2571 2340 2647 constitui,
2397 2571 2602 2636 denec

651 2679 721 2723 se
765 2659 997 2723 efferat
1050 2658 1300 2723 occasio
1396 2679 1484 2722 ua
1538 2678 1673 2721 rem
1731 2678 1990 2722 omnem
2047 2657 2244 2722 altius
2301 2669 2601 2741 repetere

650 2753 718 2807 et
760 2742 1013 2827 plenius
1052 2764 1323 2808 narrare
1390 2735 1578 2810 iceat.'
1662 2743 1810 2809 Hoc
1852 2743 2061 2809 solum
2109 2742 2428 2820 adiiciam,
2475 2740 2599 2808 Sa-

651 2838 875 2894 tanam
921 2829 1109 2893 nobis
1151 2828 1465 2896 invidisse
1509 2848 1654 2894 eam
1697 2851 1893 2913 quam
1940 2830 2309 2895 ferebamus
2352 2826 2598 2894 studio-

644 2934 792 2980 rum
855 2914 1426 2998 tranquillitatem,
1503 2923 1569 2980 et
1624 2914 1994 2982 scholarum
2061 2934 2465 2988 successum,
2533 2922 2601 2977 et

644 2999 921 3085 gloriam
978 3022 1146 3084 quae
1212 3001 1365 3066 inde
1422 3001 1504 3066 ad
1559 3003 1697 3084 pies
1755 3009 2012 3067 nostros
2067 3001 2401 3084 principes
2459 3008 2601 3065 erat

642 3086 965 3163 reditura,
1027 3095 1092 3153 et
1144 3087 1213 3152 in
1275 3108 1503 3154 omnes
1547 3087 1849 3154 ecclesias
1892 3086 2299 3154 uberrimum
2341 3084 2596 3172 profec-

643 3185 815 3249 tum,
877 3173 957 3237 ad
1005 3194 1165 3256 quas
1209 3175 1407 3240 huius
1450 3174 1711 3239 scholae
1756 3175 2006 3239 fructus
2061 3175 2408 3259 pervenire
2452 3181 2597 3256 pot-

642 3271 802 3324 erat.
894 3260 1067 3324 Nam
1115 3260 1379 3325 videtur
1435 3259 1625 3325 benis
1681 3260 1916 3325 studiis
1970 3259 2214 3325 bellum
2260 3258 2595 3324 indixisse.

644 3345 778 3412 Sed
838 3346 1168 3411 Dominus
1239 3367 1386 3410 eum
1447 3345 1795 3429 aliquando
1849 3345 1970 3411 sub
2028 3345 2302 3428 pedibus
2354 3344 2598 3410 nostris

641 3441 955 3499 conteret.
1043 3513 1048 3518 .

817 3516 1011 3599 Quod
1047 3517 1126 3583 ad
1164 3519 1427 3583 affinem
1463 3527 1652 3583 tuum
1687 3518 1940 3593 attinet,
1986 3516 2236 3601 gaudee
2275 3516 2597 3598 hospitem

644 3616 711 3668 et
806 3614 1247 3688 raeceptorem
1308 3613 1440 3668 tam
1496 3602 1802 3668 idoneum
1862 3612 2125 3669 nactum
2185 3622 2344 3667 esse.
2449 3601 2595 3685 Ego

644 3624 959 3773 quidquid
1036 3698 1265 3773 potero
1343 3699 1672 3773 praestare
1748 3690 1941 3755 officii
2020 3710 2152 3753 non
2238 3687 2592 3771 denegabo.

644 3774 814 3839 Mihi
858 3776 1141 3859 optimae
1185 3776 1324 3859 spei
1370 3784 1436 3841 et
1476 3775 1717 3840 indolis
1761 3795 1905 3840 esse
1949 3773 2229 3839 videtur.
2318 3771 2393 3838 Si
2439 3772 2595 3854 quid

642 3881 802 3926 vero
846 3871 948 3927 est
989 3863 1058 3925 in
1102 3883 1230 3944 quo
1274 3862 1394 3928 tibi
1429 3882 1660 3946 queam
1698 3860 2070 3945 gratificari,
2117 3859 2439 3943 persuade
2474 3858 2595 3923 tibi

641 3966 750 4012 me
794 3954 862 4014 et
903 3968 1050 4012 mea
1101 3949 1322 4014 omnia
1376 3969 1510 4013 non
1566 3970 1751 4013 secus
1806 3961 1923 4012 tua
1977 3967 2118 4011 esse
2172 3965 2367 4029 quam
2425 3964 2589 4008 mea.

644 4034 911 4098 Interea
953 4043 1020 4098 te
1063 4055 1182 4118 per
1221 4033 1562 4099 Christum
1622 4034 1910 4098 obtestor
1927 4085 1942 4110 ,
1997 4045 2074 4097 ut
2130 4029 2445 4115 quidquid
2502 4033 2593 4095 si-

643 4120 836 4184 nistri
881 4118 962 4185 de
1006 4119 1190 4185 nobis
1235 4120 1491 4198 audias,
1550 4143 1588 4183 a
1641 4117 2134 4202 quibuscunque
2193 4129 2260 4182 et
2315 4127 2591 4200 quanta-

643 4226 899 4288 cunque
967 4205 1318 4269 autoritate
1385 4205 1715 4288 praeditis,
1798 4203 2068 4270 alteram
2108 4204 2297 4270 nobis
2362 4222 2589 4266 aurem

643 4312 907 4356 servare
950 4292 1341 4356 memineris.
1430 4289 1622 4371 Quod
1678 4292 1734 4356 si
1791 4287 2053 4374 quidam
2104 4290 2429 4365 fecissent,
2485 4310 2589 4354 ee-

641 4377 876 4442 clesiae
921 4385 1181 4442 nestrae
1225 4377 1350 4441 iam
1393 4377 1464 4442 in
1508 4398 1585 4442 ee
1626 4397 1761 4441 non
1806 4383 2227 4441 versarentur
2269 4396 2399 4459 quo
2434 4383 2593 4438 sunt

642 4462 1038 4528 discrimine.
1127 4460 1264 4527 Sed
1308 4463 1596 4546 prodibit
1651 4463 1720 4527 in
1774 4462 2070 4546 apricum
2123 4482 2239 4526 suo
2294 4473 2591 4543 tempere

641 4550 904 4624 veritae,
950 4568 1118 4631 quae
1153 4570 1379 4614 omnes
1414 4549 1914 4626 calumniarum,
1956 4549 2470 4632 imposturarum
2523 4551 2591 4611 et

641 4636 1058 4700 sinistrarum
1102 4636 1543 4719 suspicionum
1586 4635 1856 4700 nebulas
1901 4633 2232 4706 discutiet,
2292 4634 2415 4697 etsi
2459 4633 2590 4697 fer-

641 4731 816 4785 tasse
875 4720 956 4784 ad
1017 4733 1275 4803 tempus
1343 4742 1486 4787 eam
1548 4719 1874 4785 Dominus
1943 4720 2222 4802 opprimi
2283 4717 2588 4782 veluerit.

532 4805 538 4810 ’
642 4804 953 4871 Salutant
1006 4817 1071 4870 te
1123 4807 1330 4871 nostri
1399 4827 1643 4871 omnes.
1744 4805 2008 4882 Saluta,
2064 4804 2360 4881 ebsecro,
2428 4803 2592 4867 meis

640 4999 916 5008 --—--.--—-*
943 5001 954 5005 -
985 4999 1050 5005 fl.-

849 5131 905 5196 3)
946 5132 1087 5186 Cave
1132 5132 1308 5200 leque.-
1352 5132 1812 5201 disputationibus
1860 5131 1926 5185 de
1973 5131 2318 5185 iureiurando
2390 5128 2592 5199 absque

642 5200 1019 5267 distinction&
1049 5217 1179 5254 nam
1201 5200 1268 5255 de
1293 5200 1653 5256 iureiurando
1673 5218 1784 5255 nrm
1801 5200 2138 5269 disputatum
2161 5205 2256 5255 eet.
2308 5170 2594 5255 &aeta-uu·

642 5270 766 5325 vide
805 5268 1093 5323 Guaztloen·
1119 5285 1197 5337 ep.
1236 5268 1313 5322 ad
1345 5285 1510 5340 quam
1543 5270 1674 5325 haec
1707 5269 2009 5338 respondet.
2066 5269 2413 5339 Saopzdoneo
2448 5283 2590 5331 vero,

642 5355 779 5408 quoae
814 5339 950 5393 dicit
980 5338 1068 5393 hic
1101 5344 1297 5405 noster,
1332 5339 1624 5394 articulum
1659 5339 1726 5394 de
1758 5354 1927 5394 coena
1961 5339 2289 5406 spectabant.

2192 409 2716 481 EPISTULAE
2767 418 3009 483 1034-
3025 419 3183 481 1037

4422 427 4621 490 ’720

2714 600 2933 668 verbis
2975 601 3059 668 D.
3106 602 3552 690 Bullinymm
3569 654 3586 685 ,
3649 604 4067 687 maiomam,
4124 607 4563 676 Rimas-dm
4577 615 4626 689 ⁴)

2713 699 2781 752 et
2844 688 3127 772 reliquos
3202 691 3438 757 fratres
3513 700 3582 757 et
3645 706 4047 779 symmystas
4126 705 4271 760 tues
4336 695 4514 762 nobis
4569 698 4629 763 in

2713 772 2978 840 Christo
3033 774 3391 858 plurimum
3437 776 3895 845 observandos.
3995 777 4295 847 Scribam
4339 792 4405 847 et
4442 781 4519 846 ad
4556 781 4627 847 D.

2712 857 3160 944 Bullinum-um
3205 863 3504 945 proxime
3560 885 3815 948 quoque
3872 874 4194 949 tempore,
4251 869 4308 932 si
4363 888 4432 932 se
4484 867 4632 933 fidus

2711 945 2948 1095 pgegat‘
3022 948 3417 1014 tabellarius.
3528 949 3713 1015 Vale.
3824 951 4219 1017 Lausannae
4314 952 4403 1017 18.
4474 952 4633 1018 Iunii

3635 1121 3817 1188 Tuus
3859 1124 4101 1188 Petrus
4143 1124 4434 1190 Viretus.

3484 1381 3892 1391 ῃ

3584 1579 3777 1652 1035.

3204 1734 3676 1805 OALVINUS
3720 1735 4166 1804 SULZERO.

2886 1905 3137 1972 Narrat
3177 1908 3323 1987 quis
3364 1908 3614 1975 itineris
3640 1910 4006 1974 Turicensis
4047 1912 4206 1992 quod
4247 1930 4389 1977 cum
4413 1910 4642 1980 quo

2709 1989 3605 2154 gwwzmnmtromm
3637 2014 3833 2061 causa
3866 2002 4219 2077 &acceperat
4247 1997 4493 2078 fruetus
4520 1999 4641 2080 fuo-

2709 2249 2821 2314 (Ex
2857 2248 3040 2302 codice
3087 2247 3459 2303 Bibliothecae
3494 2249 3922 2305 Trenchinianae
3967 2252 4059 2305 fol.
4095 2250 4180 2305 4⁷.
4250 2251 4466 2307 Oalvini
4500 2272 4640 2309 manu

2707 2317 3133 2440 εαροιζεοηέἒῖειιῳ
3170 2324 3283 2371 est:
3338 2316 3555 2398 Optimo
3589 2320 3773 2399 fratri
3816 2335 3931 2374 meo
3967 2320 4134 2376 Petro
4184 2321 4366 2402 Vp‘reto
4400 2323 4638 2378 Lanam

2706 2401 2893 2439 ’‘m‘'
2929 2401 2957 2438 ⁶
3063 2387 4408 2526 “Ymfflw'r‘affissss‘ffisstpssznff‘m
4442 2391 4518 2446 ⁰³
4536 2392 4637 2446 ⁸⁸*

2879 2625 3103 2708 Quum
3162 2626 3386 2692 Berna
3444 2648 3744 2692 reversus
3809 2639 3983 2694 esset
4056 2629 4303 2695 Viretus
4367 2651 4443 2697 ac
4485 2631 4634 2696 indi·

2705 2726 2921 2811 casset
2964 2711 3217 2777 nullam
3260 2711 3396 2778 illic
3439 2734 3582 2778 esse
3626 2732 3838 2812 spem,
3892 2714 4217 2816 reliquum
4275 2715 4450 2780 nihil
4492 2718 4633 2782 mihi

2704 2797 4409 2983 Hssffmffissssfflssffliassfflffffifflffffissffd
4432 2823 4633 2954 ⁰3¹&

2702 2968 3237 3123 fgmffiifflliniglhc
3270 2970 3557 3037 inveniri
3600 2980 3841 3055 posset.
3908 2971 4238 3038 Veniebat
4270 2973 4451 3039 enim
4491 2972 4634 3040 illud

2942 3174 3157 3228 Vulnus
3190 3174 3436 3257 Achilleo
3471 3193 3610 3257 quae
3686 3177 3921 3232 nondam
3954 3177 4159 3231 fecerat
4192 3178 4359 3249 hosti,

3080 3243 3340 3297 Vulneris
3376 3246 3632 3299 auxilium
3716 3246 3848 3300 elias
3883 3245 4042 3299 hasta
4077 3246 4219 3299 tulit.

2699 3366 2839 3430 Iter
2891 3365 3018 3430 feci
3075 3364 3140 3430 N
3140 3384 3405 3431 eecemo
3461 3363 3640 3431 unde
3698 3364 3995 3433 Farelbue
4046 3388 4117 3433 se
4174 3368 4481 3436 comitem
4532 3367 4628 3435 ad·

2700 3450 2935 3516 iunxit.
3024 3449 3226 3515 Initio
3269 3470 3505 3533 parum
3548 3450 3704 3516 laeti
3747 3452 3987 3518 vultus.
4079 3453 4347 3538 Alioqui
4392 3454 4623 3521 honeri-

2698 3537 2819 3603 fiee
2858 3546 2930 3602 et
2970 3536 3177 3602 amice
3219 3557 3446 3603 sumus
3489 3537 3752 3621 accepti.
3823 3537 4051 3604 Unum
4092 3538 4387 3607 maxime
4428 3539 4619 3624 displi-

2697 3624 2832 3689 cuit
2873 3620 3076 3705 quod,
3136 3622 3219 3688 de
3272 3643 3469 3688 causa
3521 3623 3575 3688 si
3634 3624 3911 3689 verbum
3955 3624 4170 3703 fieret,
4225 3628 4458 3693 testati
4492 3635 4623 3691 sunt

2698 3706 2821 3773 sibi
2864 3709 3001 3773 fere
3163 3727 3250 3772 ve
3284 3708 3573 3790 adeoque
3609 3730 3739 3774 nen
3773 3729 4100 3792 passuros.
4167 3711 4396 3778 Pauca
4428 3724 4625 3778 tamen

2701 3792 2900 3859 verba
2939 3794 3231 3872 fecimus,
3275 3792 3391 3860 sed
3432 3802 3507 3859 ut
3549 3815 3668 3859 nos
3702 3794 3788 3860 ad
3821 3795 4060 3861 seriam
4099 3795 4626 3880 colloquutionem

2699 3878 3127 3945 admitterent
3167 3880 3506 3962 impetrari
3549 3900 3683 3945 non
3726 3883 3970 3964 potuit:
4025 3902 4148 3948 nec
4193 3891 4422 3950 tamen
4501 3884 4560 3948 ui

2696 3986 2893 4050 quam
2937 3966 3494 4049 praetermisimus
3535 3966 3707 4048 quod
3742 3966 3826 4032 ad
3859 3967 4337 4034 conciliandam
4380 3904 4625 4036 audien-

2696 4051 2858 4117 tiam
2900 4052 3158 4118 faceret.
3248 4049 3623 4116 Identidem
3665 4051 3831 4118 illud
3874 4073 4262 4137 responsum
4306 4052 4623 4129 volitabat.

2695 4138 2854 4203 satis
2919 4158 3063 4203 esse
3127 4137 3472 4219 aequitatis
3535 4135 3648 4201 ubi
3724 4138 4019 4223 legitima
4095 4152 4267 4206 esset
4337 4140 4622 4226 cognitio.

2692 4223 3006 4288 Diximus
3061 4221 3234 4306 quod
3285 4231 3549 4306 tempus
3605 4223 3871 4289 ferebat.
3972 4224 4194 4307 Quum
4250 4247 4441 4310 opem
4496 4235 4625 4291 tau-

2693 4329 2891 4391 quam
2936 4329 2976 4373 a
3017 4307 3332 4375 fratribus
3376 4327 3788 4391 posceremus
3802 4362 3818 4387 ,
3878 4319 4203 4394 negarunt
4256 4332 4327 4377 se
4384 4321 4626 4378 tantum

2693 4396 2922 4459 fecisse
2956 4403 3276 4478 quantum
3320 4409 3727 4478 putaremus:
3773 4395 3898 4462 sibi
3930 4397 4079 4479 plus
4115 4397 4277 4462 satis
4311 4418 4457 4464 esse
4487 4417 4626 4462 one-

2695 4482 2788 4545 ris
2833 4480 3027 4557 domi,
3086 4491 3160 4544 ut
3202 4478 3436 4544 alienis
3480 4481 3759 4565 negotiis
3814 4502 3887 4547 se
3942 4503 4071 4548 nen
4128 4484 4623 4567 interponerent,

2697 4586 2817 4631 nec
2858 4573 3120 4631 tantum
3162 4586 3233 4631 se
3280 4565 3494 4632 valere
3538 4567 3796 4632 Bernae
3840 4568 3963 4634 hoc
4008 4577 4082 4634 ut
4114 4567 4451 4636 auderent.
4515 4567 4627 4633 De·

2696 4653 2895 4735 nique
2938 4652 3197 4734 experti
3241 4672 3468 4718 sumus
3512 4652 3679 4717 nihil
3712 4674 3854 4718 esse
3887 4653 4233 4720 levationis
4267 4654 4351 4722 ab
4388 4675 4465 4720 eo
4499 4654 4622 4719 foen

2696 4736 3231 4820 exspectandum,
3275 4759 3398 4805 nec
3440 4736 3620 4803 aliud
3653 4739 3727 4803 in
3761 4741 4128 4822 praesentia
4162 4751 4411 4808 restare
4452 4738 4622 4805 nohis

2771 5048 2775 5052 .
2899 4992 3955 5059 4)Posthocnomenah⁷udin00d.
4003 4991 4623 5066 Turia-equitum

2691 5064 2948 5145 &cauum
2981 5064 3134 5119 locat.
3208 5061 3527 5117 &madunt
3572 5062 3951 5131 scribet-emus,
4000 5065 4117 5118 nist·
4157 5066 4271 5119 ian
4306 5063 4621 5119 Pellaeum

2692 5138 3297 5269 mmssmssoeemplar
3319 5198 3568 5256 Goeaevae
3597 5201 3817 5269 praebet
3856 5199 3932 5255 15.
3958 5200 4131 5257 lunii.
4378 5200 4620 5267 facium

2690 5269 2957 5408 ww.
3015 5269 3138 5326 Hoc
3173 5268 3288 5322 scil.
3323 5267 3412 5323 die
3459 5269 3673 5324 Vir-etus
3705 5285 3786 5337 ep.
3820 5271 4075 5339 concepit,
4110 5269 4164 5325 d.
4231 5269 4281 5325 8.
4319 5269 4619 5338 descripta-
