4825 6175
196 4702 948 4828 ‘gruffhtlfflrchidiaconum
979 4774 1243 4837 fecerunt.
1318 4772 1510 4827 Verum
1544 4787 1658 4826 non
1701 4772 1783 4825 ita
1815 4772 1982 4827 multo
2119 4779 2140 4826 t

73 4877 74 4898 2
198 4839 247 4893 ἀ.
280 4840 326 4894 9.
363 4839 509 4897 Now.
549 4840 856 4897 Beruenses
903 4842 1011 4896 eibi
1051 4857 1171 4896 eum
1222 4841 1575 4909 expetierunt.
1656 4838 1749 4894 Sic
1792 4847 1975 4896 noster
2010 4788 2135 4895 m.

77 5019 80 5080 l

178 417 302 480 617

175 600 350 668 dunt
385 601 517 668 nisi
558 601 804 668 insonti
865 602 984 669 fiat
1023 602 1274 669 iniura:
1341 602 1515 687 quod
1569 602 1848 670 minime
1893 604 2143 670 obtine-

174 686 364 753 bunt.
450 685 706 754 Vereor
747 698 972 753 tamen
1015 708 1101 754 ne
1149 697 1303 754 ante
1343 690 1545 755 finem
1603 689 1981 775 tragoediae
2039 689 2141 756 ul-

173 780 287 838 tra
327 784 632 856 erumpet
672 772 938 843 malum.
1028 774 1367 873 Imprimis
1418 784 1663 860 urgent
1714 776 1977 841 comitia
2030 796 2144 857 po-

171 856 337 942 puli,
382 856 561 924 unde
602 858 870 925 sinistra
903 860 1188 943 suspicio
1225 858 1418 925 bonis
1459 860 1689 926 oritur.
1771 860 1970 927 Nunc
2007 860 2144 927 Du-

174 944 351 1009 centi
416 943 816 1010 consultant.
925 945 1043 1012 Sic
1168 944 1340 1011 ndeo
1406 947 1896 1029 exspectatione
1940 953 2018 1011 ut
2069 947 2143 1011 in

174 1027 545 1094 Dominum
589 1029 985 1096 recumbam.
1130 1031 1153 1095 i
1199 1030 1487 1097 Domino
1544 1032 1795 1098 servire
1841 1031 2143 1098 volumus

176 1111 352 1180 bona
394 1116 812 1194 conscientia,
866 1137 1206 1198 nunquam
1261 1115 1654 1200 effugiemus
1756 1118 1870 1183 uin
1916 1115 2144 1184 adver-

177 1219 327 1266 sum
368 1219 493 1267 nos
532 1201 871 1267 insaniant
891 1201 1005 1285 qui
1025 1202 1301 1284 eupiunt
1332 1203 1556 1268 omnia
1589 1221 1672 1286 pe
1759 1203 1866 1268 'ta.
1934 1201 2143 1285 Atqui

174 1283 344 1351 haec
398 1283 589 1351 nobis
639 1287 768 1351 erit
812 1308 933 1351 arx
989 1287 1242 1353 invicta
1294 1286 1467 1370 quod
1524 1288 1814 1353 Domino
1869 1298 2139 1353 stamus.

353 1369 549 1452 Quod
593 1370 678 1437 ad
723 1370 996 1438 Fumaei
1051 1391 1316 1439 causam
1375 1373 1648 1452 attinet,
1706 1393 1938 1439 rursus
1992 1383 2140 1438 ten-

177 1455 457 1522 tandum
523 1476 666 1522 esse
730 1457 1093 1522 remedium
1152 1465 1332 1540 puto.
1433 1459 1624 1523 Nosti
1675 1459 2142 1540 incompositos

183 1540 404 1626 Nequi
464 1551 700 1608 motus.
804 1541 990 1607 Fieri
1061 1544 1306 1626 poterit
1369 1552 1445 1608 ut
1508 1565 1662 1609 eum
1727 1542 2144 1610 demulceant

178 1633 334 1692 tuae
387 1626 634 1693 literae.
733 1628 1024 1694 Accedet
1078 1638 1348 1694 senatus
1407 1630 1618 1695 nostri
1674 1628 2139 1695 testimonium.

180 1710 331 1794 Quo
373 1712 776 1795 praeiudicio
817 1714 1106 1779 maxime
1139 1735 1290 1779 eum
1327 1713 1662 1798 gravabat,
1706 1713 1774 1778 id
1817 1713 2141 1794 nonnihil,

177 1805 255 1862 ut
295 1817 510 1881 spero,
556 1797 641 1864 ad
683 1798 1168 1865 sublevandum
1217 1797 1502 1865 eundem
1547 1797 1808 1867 valebit.
1896 1800 2141 1865 Peten-

179 1883 340 1948 dum
382 1883 591 1968 igitur
631 1904 867 1950 censeo
909 1894 983 1949 ut
1024 1884 1519 1950 matrimonium
1576 1882 1749 1969 quod
1806 1885 1935 1948 iam
1984 1904 2139 1951 con-

176 1969 392 2034 traxit
445 1971 861 2053 approbetur.
978 1970 1175 2035 Esset
1230 1971 1407 2035 enim
1462 1989 1779 2053 perquam
1835 1969 2139 2052 iniquum

175 2052 438 2119 irritam
483 2055 629 2119 fieri
680 2074 882 2139 quam
934 2054 1062 2121 sibi
1115 2074 1338 2122 coram
1381 2054 1529 2120 Deo
1582 2064 1650 2121 et
1689 2054 1821 2139 piis
1861 2056 2141 2121 testibus

174 2148 410 2206 mutuo
455 2139 651 2205 fidem
695 2139 1038 2205 dederunt.
1125 2143 1363 2223 Atque,
1405 2149 1486 2205 ut
1525 2141 1736 2222 video,
1796 2160 2140 2224 nunquam

178 2245 249 2290 se
292 2224 380 2290 ad
426 2226 597 2291 hanc
641 2223 1079 2292 conditionem
1124 2228 1410 2309 patietur
1445 2223 1698 2291 adduci.
1765 2225 1845 2289 Id
1890 2226 1949 2292 si
1994 2223 2141 2291 des-

178 2331 375 2394 peras
428 2311 854 2394 impetratum
912 2311 1040 2390 iri,¹
1085 2322 1161 2375 ut
1217 2312 1347 2377 huc
1399 2332 1471 2377 se
1528 2312 1805 2394 recipiat
1846 2310 2137 2378 consulo.

351 2395 638 2462 Sultmo
681 2396 839 2479 quid
883 2396 1062 2461 aliud
1105 2395 1501 2479 respondeas
1543 2417 1679 2462 non
1724 2396 1943 2474 video,
2010 2395 2143 2462 nisi

173 2490 252 2546 ut
291 2502 335 2547 a
369 2489 607 2548 senatu
641 2489 875 2564 petant
907 2481 1083 2563 quod
1116 2481 1584 2565 aequissimum
1618 2489 1739 2561 est,
1784 2489 2140 2564 antequam

175 2568 534 2650 recipiatur
557 2567 946 2645 Hauerus,²)
991 2578 1069 2631 ut
1110 2565 1234 2631 sibi
1276 2568 1393 2632 fiat
1435 2568 1621 2652 copia
1662 2566 2140 2632 examinandae

177 2654 319 2719 eius
366 2652 721 2718 doctrinae.
789 2652 866 2718 si
910 2653 1088 2717 iusta
1131 2661 1306 2717 esset
1347 2652 1692 2718 recusandi
1734 2674 1951 2729 causa,
1996 2661 2139 2716 ten-

174 2739 381 2804 tanda
424 2740 643 2821 potius
682 2746 860 2803 esset
899 2736 1018 2803 illa
1060 2738 1249 2817 ratio,
1285 2738 1485 2803 etiam
1520 2740 1577 2804 si
1620 2739 1869 2803 ftustra
1902 2737 2141 2802 facturi

177 2832 418 2890 essent.
508 2824 764 2890 Verum
806 2824 879 2887 in
924 2822 1125 2889 rebus
1169 2822 1332 2889 adeo
1377 2823 1659 2889 turbatis
1699 2831 1769 2889 te
1811 2822 1912 2887 illi
1955 2832 2140 2888 auto-

176 2930 318 2976 rem
387 2930 531 2976 esse
585 2908 791 2975 nolim
850 2908 1127 2974 ulterius
1181 2907 1666 2993 progrediendi.
1766 2907 2140 2974 Oonsilium

177 2994 301 3060 hoc
345 2995 486 3061 tuis
529 2995 856 3060 coloribus
901 2994 1210 3075 ornabis,
1262 3015 1347 3060 ne
1400 3005 1466 3059 te
1509 2994 1631 3060 sibi
1682 2994 1901 3059 minus
1945 3013 2140 3075 quam

179 3089 439 3165 oportet
490 3081 713 3147 favere
770 3089 978 3164 putet.
1077 3078 1285 3147 Forte
1349 3080 1503 3165 plus
1566 3093 1741 3145 esset
1794 3079 2142 3164 aequitatis

179 3167 250 3231 in
293 3166 559 3236 Halzero
601 3187 798 3250 quam
844 3166 918 3230 in
962 3166 1216 3246 Iudaeo,
1261 3186 1337 3232 ac
1381 3167 1770 3250 praesertim
1815 3167 1870 3232 si
1930 3165 2142 3231 amico

180 3252 569 3336 placidoque
611 3251 934 3335 colloquio
977 3254 1342 3317 certamina
1385 3252 1868 3336 praevenirent.
1958 3251 2143 3317 Iodo-

180 3356 318 3404 cum
377 3339 557 3403 enim
613 3339 896 3403 ferocem
954 3359 1031 3403 ac
1086 3338 1523 3421 praefractum
1583 3335 1804 3402 reddit
1859 3336 2137 3402 inscitia.

346 3423 460 3489 De
501 3433 614 3488 tuo
655 3421 880 3488 libello
894 3426 952 3501 ⁸)
995 3423 1339 3489 sinistrum
1387 3423 1604 3489 nescio
1649 3422 1808 3506 quid
1851 3423 2143 3486 evomuit

186 3508 469 3594 Nequus.
555 3507 813 3574 Verum
856 3508 914 3573 si
968 3509 1450 3575 contemnimus
1495 3506 1820 3576 Satanam
1862 3528 1995 3572 non
2040 3515 2144 3573 est

183 3594 350 3677 quod
399 3615 519 3660 nos
563 3602 857 3659 terreant
896 3593 1102 3677 ipsius
1146 3594 1607 3660 instrumenta.
1676 3593 1873 3659 Mitto
1913 3592 2143 3657 literas

183 3679 484 3745 Baduelzi
499 3681 558 3756 ⁴)
593 3701 679 3745 ex
722 3677 960 3763 quibus
1002 3679 1332 3763 intelliges
1377 3700 1575 3762 quam
1629 3678 1853 3762 cupiat
1895 3679 2027 3744 huc
2069 3700 2141 3743 se

184 3766 492 3852 recipere,
538 3765 598 3831 si
638 3786 762 3849 qua
817 3775 993 3830 esset
1032 3764 1338 3831 conditio.
1430 3764 1766 3848 Respondi
1809 3763 1982 3846 quod
2025 3763 2141 3829 de·

187 3850 328 3916 bui:
384 3872 521 3917 non
575 3872 716 3917 esse
774 3850 963 3916 nobis
1026 3849 1434 3916 conditiones
1491 3850 1575 3916 ad
1627 3871 1934 3930 manum;
1999 3849 2140 3916 falli

189 3957 335 4002 eum
377 3947 447 4003 et
489 3936 792 4019 reliquos,
837 3936 891 4001 si
939 3956 1253 4021 magnum
1296 3935 1404 4001 hic
1452 3935 1866 4019 splendorem
1913 3955 2029 4019 spe
2072 3942 2142 4001 et

188 4024 398 4088 animo
441 4030 888 4106 praesumant.
978 4022 1177 4088 Nolui
1220 4031 1445 4094 tamen
1480 4021 1656 4088 hunc
1702 4020 2035 4087 hominem
2069 4030 2139 4085 te

185 4105 401 4187 latere,
470 4108 581 4188 qui
625 4107 1037 4173 eruditorum
1093 4106 1334 4172 iudicio
1386 4106 1669 4172 eximius
1726 4108 1799 4170 in
1858 4125 1977 4171 suo
2031 4126 2141 4191 ge-

187 4214 339 4259 nere
383 4191 696 4272 habetur,
758 4201 833 4257 ut
884 4194 940 4259 si
961 4276 974 4285 ⁸
997 4190 1154 4274 quid
1212 4192 1591 4276 contigerit,
1651 4199 1957 4275 paratum
2000 4191 2140 4257 fore

189 4297 366 4346 scias.

389 4497 450 4568 2)
488 4498 737 4554 Joannss
769 4498 1033 4553 Halteras
1069 4497 1334 4565 (Ioannis
1362 4497 1516 4566 filim
1547 4497 1793 4552 ministri
1812 4497 2140 4553 Bulacensis

193 4566 251 4620 ἀι
392 4584 426 4622 ο
484 4566 771 4622 Mecum·
810 4569 909 4637 qai
951 4583 1069 4621 cam
1116 4566 1386 4637 Zwinqlio
1428 4568 1490 4621 in
1532 4565 1741 4635 proelio
1793 4565 2142 4635 Gappellensi

194 4651 221 4688 c
285 4635 296 4648 ⁸
332 4642 477 4692 erat)
531 4638 577 4689 A
655 4643 811 4690 ustae
858 4635 1257 4690 veneticorum
1303 4636 1609 4690 ministerio
1640 4634 1977 4703 sumebatur
2009 4635 2139 4690 inde

657 4711 742 4759 ost
774 4704 966 4758 bellum
1005 4702 1423 4759 Sunalcazaieum
1469 4703 1792 4757 strictus&
1836 4720 1954 4757 enm
1988 4714 2138 4758 revo-

200 4908 259 4963 de
300 4912 417 4965 eius
461 4911 765 4979 receptione
817 4910 1051 4965 mutere
1087 4912 1286 4978 potuit.
1370 4908 1538 4977 Qum
1581 4914 1763 4964 tamen
1820 4908 2139 4965 mma

199 4977 340 5032 abire
372 4985 487 5033 tum
521 4995 633 5033 non
666 4978 826 5047 panni
856 4977 1068 5033 mum
1100 4994 1251 5033 anno
1352 4980 1535 5032 oaeimo
1568 4994 1643 5034 m.
1681 4976 1841 5033 Maio
1876 4978 1954 5033 ad
1987 4979 2133 5032 bien-

199 5048 340 5102 nium
375 5046 750 5103 Bonnensibus
782 5053 1174 5103 concesserunt.
1242 5046 1266 5115 (
1329 5047 1492 5101 uehat
1527 5046 1596 5099 V.
1630 5044 1736 5100 329
1771 5062 1845 5102 ss.
1901 5041 2142 5103 Hella-'s

200 5113 373 5171 Leben
404 5117 467 5170 in
505 5115 794 5171 &amori
829 5115 1065 5171 Mausol.
1103 5115 1271 5170 Bm.
1312 5115 1383 5170 11.
1418 5113 1522 5169 471
1556 5116 1725 5185 seqq.)

395 5183 456 5248 8)
498 5185 609 5254 Qui
638 5200 768 5254 erae
801 5190 932 5239 tune
959 5185 1260 5254 prodierat.

271 5287 282 5299 .
390 5251 452 5317 4)
489 5255 575 5309 Ab
627 5270 775 5310 anno
828 5251 967 5307 1540
1008 5254 1235 5309 ream-io
1284 5252 1498 5323 concy&
1531 5251 1951 5320 Nemausensis,
1994 5251 2141 5308 unde

201 5322 459 5378 omaus·
490 5328 623 5378 orat.
1267 5376 1282 5384 -

1885 419 2050 481 154⁷
2096 414 2163 482 N
2164 414 2515 483 OVEMB.

4083 424 4208 486 618

2418 602 2525 669 De
2582 605 2884 688 coniugio
2939 603 3135 671 Beati
3191 603 3355 670 nihil
3411 604 3622 671 scribo
3682 606 3755 669 in
3810 607 4206 689 praesentia,

2244 690 2557 773 quoniam
2617 689 2944 756 Textorem
2999 692 3355 755 convenire
3415 711 3550 755 non
3610 689 3815 756 licuit.
3912 691 4209 759 Uxorem

2245 774 2484 841 melius
2529 772 2772 842 babere
2814 776 3038 860 cupio:
3095 776 3156 841 ei
3198 775 3551 859 plurimam
3609 797 3651 841 a
3694 776 3885 842 nobis
3927 777 4209 843 salutem

2245 860 2439 927 dices.
2556 858 2886 926 Dominus
2952 882 3071 927 vos
3135 869 3403 926 tueatur
3466 882 3543 927 ac
3608 873 3798 946 regat
3872 870 4206 947 perpetuo.

2245 945 2520 1012 Fratres
2564 947 2763 1011 etiam
2809 946 3119 1012 salutabis
3162 946 3512 1032 diligenter
3545 968 3692 1012 meo
3728 949 4011 1014 nomine.
4079 948 4211 1015 Ge-

2245 1052 2455 1099 nevae
2509 1036 2602 1097 19.
2650 1031 2964 1098 Novemb.
3020 1037 3200 1096 1547.

3171 1169 3460 1234 Ioannes
3503 1168 3827 1235 Calvinus
3869 1179 4042 1235 tuus.

3024 1461 3432 1471 ———-—

3151 1693 3303 1764 967.

2632 1849 2989 1916 OALVIN
3032 1852 3094 1915 A
3141 1849 3235 1914 M.
3281 1848 3410 1914 DE
3453 1850 3819 1917 FALAIS.

2418 2021 2520 2089 De
2564 2021 2983 2102 Pimpression
3023 2021 3100 2086 de
3141 2020 3506 2104 l'Apoloyie.

2242 2190 2420 2260 (Orig.
2471 2198 2703 2258 autogra
2740 2189 2827 2244 he.
2877 2190 3040 2255 ‚BibL
3088 2191 3158 2244 de
3206 2156 3445 2244 Geneve.
3521 2191 3647 2245 Vol.
3686 2190 3815 2262 194,
3860 2193 3896 2245 f.
3946 2192 4029 2262 70.
4103 2180 4206 2249 Ed.

2297 2260 2529 2314 d'Amst.
2568 2276 2618 2329 p.
2658 2260 2687 2312 1
2727 2257 2778 2311 2.
2851 2258 2955 2312 Ed.
2990 2260 3209 2313 Bonnet
3241 2258 3282 2312 1.
3321 2258 3438 2313 229.
3510 2261 3668 2314 Trad.
3704 2262 3849 2330 angl.
3886 2262 3957 2316 Il.
3999 2262 4139 2330 136.)
4198 2280 4203 2285 ·

2527 2431 2590 2494 Α
2634 2429 3112 2514 Monseigneur
3155 2430 3497 2496 Monsieur
3541 2430 3622 2496 de
3663 2431 3914 2498 Fallez.

2418 2566 2907 2649 Monseigneur‚
2950 2566 3014 2630 ie
3057 2586 3141 2631 ne
3185 2571 3352 2632 'vous
3396 2567 3581 2652 feray
3622 2589 3789 2651 pour
3832 2568 3893 2633 le
3938 2576 4207 2652 present

2244 2652 2519 2735 longues
2588 2650 2815 2716 lettres
2871 2671 3113 2734 pource
3171 2673 3299 2735 que
3375 2653 3439 2717 ie
3496 2655 3744 2718 nestois
3802 2675 3920 2737 pas
3978 2653 4207 2720 advise

2245 2757 2372 2821 que
2415 2737 2478 2802 le
2522 2757 2858 2819 messager
2912 2735 3069 2801 deut
3124 2737 3181 2801 si
3236 2746 3370 2801 tost
3429 2738 3656 2820 partir.
3747 2738 3908 2805 Cest
3948 2761 4044 2804 un
4090 2761 4205 2805 en·-

2246 2843 2560 2906 graveur,
2630 2822 2844 2905 lequel
2899 2823 3092 2887 estoit
3147 2830 3345 2908 party
3399 2823 3678 2887 environ
3735 2824 3939 2889 deux·
3965 2824 4207 2891 heures

2246 2908 2491 2973 devant
2561 2929 2686 2990 que
2763 2909 2827 2972 ie
2886 2907 3178 2990 parlasse
3244 2929 3284 2973 a
3344 2916 3567 2974 nostre
3610 2908 4016 2992 imprimeur.
4106 2909 4208 2976 Or

2243 3001 2497 3078 voyant
2540 3013 2665 3076 que
2705 3013 2829 3058 voz
2886 2993 3229 3058 armoiries
3287 3014 3455 3076 pour
3505 2992 3573 3058 la
3625 2993 3835 3059 forme
3890 2995 3981 3060 du
4036 2996 4207 3062 livre

2244 3087 2563 3146 neussent
2618 3101 2761 3163 pas*
2792 3089 2933 3145 este
2991 3089 3141 3163 trop
3194 3079 3342 3145 bien
3400 3089 3691 3159 seantes‚
3750 3081 4057 3167 ienvoiay
4101 3082 4205 3147 in-

2246 3166 2586 3231 continent
2628 3186 2849 3248 apres,
2902 3175 2971 3230 et
3015 3165 3108 3231 les
3153 3188 3193 3230 a
3235 3165 3466 3232 faictes
3513 3187 3599 3230 en
3640 3167 3896 3249 plomb,
3954 3188 4206 3233 comme

2246 3271 2410 3318 vous
2468 3271 2693 3317 verrez
2752 3271 2873 3334 par
2925 3250 3288 3335 lespreuve.
3393 3251 3469 3317 Ie
3531 3273 3638 3317 me
3691 3253 3984 3337 confioys
4051 3252 4205 3318 bien

2243 3357 2370 3421 que
2413 3357 2582 3402 vous
2623 3357 2710 3400 ne
2753 3337 2958 3401 seriez
3001 3358 3123 3420 pas
3162 3357 3385 3423 marry
3442 3358 3627 3420 quun
3685 3356 3837 3402 escu
3880 3339 4015 3403 fust
4058 3338 4206 3404 des-

2244 3421 2465 3506 pendu
2509 3440 2678 3505 pour
2719 3422 2881 3486 faire
2915 3421 2981 3485 la.
3015 3421 3211 3488 chose
3246 3423 3398 3488 bien
3435 3444 3475 3487 a
3511 3422 3753 3507 poinct.
3783 3421 3832 3507 ¹)
3898 3423 4000 3488 Le
4033 3422 4205 3488 livre

2242 3516 2396 3573 nest
2437 3528 2558 3592 pas
2601 3528 2835 3573 encore
2877 3526 3250 3573 commence
3306 3507 3725 3591 dimprimer,
3781 3527 4022 3590 pource
4066 3508 4206 3591 quil

2242 3592 2457 3659 falloit
2498 3593 2660 3658 faire
2706 3592 3012 3657 refondre
3055 3593 3368 3675 quelques
3413 3593 3641 3658 lettres
3676 3592 3764 3657 du
3808 3593 4204 3671 charactere,

2244 3680 2359 3761 qui
2402 3689 2505 3744 est
2548 3678 2764 3762 celluy
2823 3678 2986 3743 dont
3043 3699 3127 3742 on
3186 3679 3494 3761 imprima
3552 3680 3618 3744 la
3670 3678 4123 3762 supplication,
4145 3679 4205 3763 ²)

2246 3764 2400 3830 bien
2446 3763 2659 3830 lisible
2713 3773 2780 3827 et
2833 3762 2913 3827 de
2975 3763 3142 3828 belle
3197 3773 3505 3829 monstre.
3607 3762 3717 3829 On
3772 3787 3816 3849 y
3872 3785 4201 3830 commen-

2245 3871 2396 3917 cera
2441 3858 2615 3915 ceste
2658 3850 3019 3931 sepmaine,
3081 3870 3165 3913 au
3209 3847 3435 3932 plaisir
3492 3850 3571 3914 de
3616 3849 3809 3916 Dieu.
3899 3849 4073 3915 Mais
4116 3870 4202 3914 on

2244 3957 2330 4000 ne
2373 3934 2691 4001 touchera
2746 3933 2933 4017 point
2987 3955 3074 3999 au
3128 3933 3294 3998 latin
3355 3935 3584 4016 iusque
3643 3954 3683 3997 a
3737 3955 3811 3999 ce
3865 3956 3991 4018 que
4035 3955 4202 4000 nous

2207 4041 2453 4106 1ayons
2511 4019 2593 4085 de
2648 4040 2765 4085 vos
2824 4019 3182 4086 nouvelles.
3270 4018 3385 4084 De
3423 4031 3564 4084 tout
3605 4020 3669 4084 le
3712 4027 3905 4097 reste,
3966 4039 4223 4102 pource¹

2209 4128 2371 4189 2que
2413 4108 2476 4171 ie
2518 4126 2654 4190 nay
2709 4124 2826 4188 pas
2878 4105 2940 4169 le
2988 4105 3194 4190 loysir
3251 4126 3291 4169 a
3349 4113 3523 4170 ceste
3564 4105 3800 4182 heure,
3854 4107 3917 4170 ie
3971 4104 4204 4169 differe

2247 4213 2288 4257 a
2329 4213 2492 4258 vous
2536 4211 2621 4255 en
2665 4191 2826 4256 faire
2881 4211 3194 4273 responce
3245 4209 3366 4273 par
3412 4190 3651 4269 Ecba-t,
3698 4190 3922 4256 cousin
3967 4187 4048 4254 de
4086 4191 4213 4253 'ma'

2241 4277 2502 4344 femme.
4204 4346 4211 4354 ,

2418 4362 2605 4428 Nous
2649 4382 2855 4427 avons
2897 4361 3006 4446 icy
3048 4382 3140 4425 un
3182 4379 3311 4444 peu
3346 4359 3428 4424 de
3471 4360 3823 4426 fascheries
3866 4378 3987 4442 par
4031 4379 4202 4425 ceux

2244 4449 2356 4531 qui
2403 4447 2756 4513 debvoient
2796 4468 3111 4530 procurer
3145 4453 3372 4510 nostre
3415 4466 3623 4528 repos.
3713 4443 4045 4507 Toutefois
4072 4443 4222 4509 ies-¹

2243 4554 2399 4618 pere
2442 4555 2570 4616 que
2610 4533 2816 4598 lissue
2851 4552 2936 4597 en
2981 4553 3128 4597 sera
3171 4532 3387 4595 bonne
3442 4539 3512 4594 et
3568 4551 3648 4594 en
3693 4528 3868 4594 brief
3901 4548 3942 4590 a
3984 4528 4051 4593 la
4092 4549 4195 4592 re-

2241 4620 2610 4684 iouissanee
2655 4618 2736 4683 de
2779 4640 2946 4684 ceux
3030 4618 3095 4681 ui
3154 4616 3442 4682 desirent
3494 4634 3619 4697 que
3654 4614 3836 4684 ‚Dieu
3896 4614 4027 4678 soit
4082 4613 4215 4678 ho-‘

2241 4725 2421 4769 nore.
2513 4704 2689 4769 Mais
2733 4723 2806 4769 ce
2847 4723 2975 4785 pen
3023 4711 3141 4766 aut
3195 4722 3321 4784 que
3374 4721 3496 4764 nos
3540 4697 3746 4763 freres
3791 4711 3939 4763 sont
3980 4717 4199 4781 perse-

2241 4798 2428 4855 cutez
2496 4788 2610 4855 des
2676 4789 2975 4854 ennemis
3040 4787 3448 4860 manifestes,
3515 4782 3564 4845 il
3627 4783 3797 4848 fault
3853 4784 3978 4866 que
4037 4787 4219 4849 uous'

2240 5013 2610 5170 ’327ὼέΞέ
2645 5061 2716 5168 τε
2751 5060 2822 5169 ἐξ
2860 5061 2921 5099 er
2955 5060 3067 5111 par
3109 5039 3353 5097 mm
3397 5041 3569 5096 latine
3626 5039 3684 5093 za
3724 5054 3966 5109 gravare
4006 5037 4201 5097 η’έεαεε

2451 5181 2513 5248 2)
2556 5182 2832 5237 Ledition
2866 5181 3035 5234 latine
3069 5178 3135 5233 de
3167 5176 3469 5246 PApoloyis
3501 5182 3582 5231 est
3623 5173 3787 5230 meme
3820 5175 4008 5231 encore
4043 5193 4109 5232 su
4177 5206 4199 5218 -

2240 5253 2612 5375 ricgarletaztviour
2659 5248 2979 5306 Peaedcutt'on
3024 5246 3458 5318 typoqraphique
3502 5246 3539 5300 ὰ
3585 5245 3711 5339 σομε
3756 5243 3823 5300 de
3867 5244 3922 5300 la
3957 5246 4109 5316 Supp
4130 5261 4223 5299 ex·

2240 5338 2307 5376 ex
2348 5339 2381 5375 o
2519 5337 2568 5375 o.
