4825 6175
154 401 289 464 709

1093 595 1284 669 1027.

662 765 1296 838 GUALTHERUS
1343 771 1717 839 VIRE'PO.

350 933 694 1003 Calvinus
755 943 813 1003 et
869 937 1167 1007 Farellus
1231 941 1454 1007 Tanai
1506 944 1814 1027 6696111611
1861 945 2157 1013 Lauson-

156 1038 357 1085 nmse
422 1030 868 1104 expostam-md
882 1074 897 1105 ,
972 1026 1389 1093 innocentiam
1486 1028 1688 1095 Vir-eti
1757 1031 2159 1098 vendicarunt

154 1106 366 1189 facile
428 1109 834 1175 medentem
870 1112 1197 1194 fratribus.
1292 1112 1728 1182 Nihikmimcs
1774 1117 2160 1198 suspiciones

157 1193 416 1275 quibus
472 1193 598 1260 ille
654 1215 795 1261 611111
841 1198 981 1263 suis
1033 1198 1334 1264 obnoxius
1384 1204 1475 1265 est
1529 1201 1931 1284 aliquatenus
1978 1223 2158 1269 em

158 1280 441 1357 suadae,
496 1285 640 1345 tam
679 1283 884 1364 quoad
922 1284 1357 1350 canistra-mn
1391 1286 1756 1370 diynitatem
1796 1289 1995 1354 nimis
2028 1290 2155 1355 ela-

163 1370 325 1441 tam,
367 1386 592 1447 quam
633 1368 1197 1448 quoadarticulum
1232 1371 1307 1436 de
1351 1392 1537 1438 666116
1580 1373 1651 1437 in
1693 1374 2159 1456 6666661361·-

273 1453 607 1517 nensiwm
649 1454 1026 1535 confessione
1067 1456 1326 1522 minime
1367 1459 1705 1524 consentire
1737 1460 2047 1526 videntur.

165 1624 634 1747 §Autffrffhon
690 1642 798 1679 non
847 1631 1042 1680 exstat.
1090 1628 1375 1709 ‚Reperies
1432 1645 1689 1710 coaevum
1739 1632 2036 1712 exemplar,
2088 1632 2158 1685 ab

167 1708 344 1815 {⁶21
392 1694 1681 1820 ¹1311:1¹?05‘1‘v1ffi‘stff’0tmvssssfflssf''m-¹5¹.
1711 1699 2157 1824 tzssffiffffl:

656 1832 752 1885 Vl.
789 1832 879 1886 fol.
920 1831 1038 1887 14⁷.
1074 1863 1141 1872 —
1178 1834 1390 1888 Simler.
1426 1835 1546 1889 Vol.
1581 1784 1722 1901 (3¹7.)g

170 2001 602 2068 Eruditione
648 2014 714 2068 et
778 2004 1024 2088 pietate
1067 2006 1312 2090 insigni
1350 2007 1497 2071 viro
1542 2006 1625 2071 D.
1661 2007 1865 2074 Petro
1928 2007 2159 2076 Vireto

173 2088 712 2155 Lausannensis
756 2090 1067 2157 ecclesiae
1125 2091 1508 2158 fidelissimo
1552 2096 1804 2176 pastori,
1840 2096 2030 2161 fratri
2088 2097 2159 2161 in

216 2174 520 2240 Christo
570 2174 805 2279 dilecto
849 2175 1238 2261 Rodolphus
1285 2177 1693 2244 Gnaltherus
1736 2180 2113 2266 'fig-urinas.

363 2310 690 2377 Gratiam
771 2321 840 2377 et
963 2334 1143 2379 acem
1224 2336 1264 2379 a
1341 2315 1626 2381 Domino
1706 2325 1929 2384 666116
2007 2319 2160 2385 1666

179 2396 489 2463 Christe.
599 2397 808 2463 Venit
851 2420 886 2464 a
989 2420 1106 2465 666
1160 2399 1338 2467 hisce
1398 2399 1626 2467 diebus
1650 2401 1697 2488 ¹)
1756 2403 2161 2471 clarissimus

180 2483 290 2547 vir
338 2493 411 2547 et
470 2482 757 2550 dilectus
826 2486 895 2550 in
941 2483 1208 2551 Ohristo
1266 2487 1471 2553 frater
1512 2486 1797 2556 Ioannes
1857 2488 2163 2558 Calvinus

183 2570 433 2634 comite
502 2568 781 2645 Fauno,
849 2571 1033 2637 cuius
1099 2571 1452 2657 singularis
1515 2573 1725 2657 pietas
1791 2583 1859 2641 et
1922 2576 2160 2643 ardens

182 2675 348 2739 erga
396 2653 660 2721 Christi
706 2655 980 2740 gloriam
1020 2665 1088 2723 et
1130 2656 1440 2725 ecclesiae
1484 2659 1761 2726 salutem
1807 2661 1983 2728 zelus
2024 2663 2158 2728 iam

183 2739 348 2804 olim
415 2741 731 2808 omnibus
789 2744 1029 2809 nostris
1092 2743 1352 2811 abunde
1408 2754 1785 2829 perspectus
1851 2756 1969 2813 est.
2070 2749 2162 2813 Et

186 2827 506 2909 quamvis
569 2826 801 2892 horum
860 2828 1184 2895 adventus
1241 2831 1428 2905 nobis
1485 2831 1900 2915 gratissimus
1966 2842 2157 2912 esset,

185 2910 669 2978 vehementem
724 2924 945 2980 tamen
1001 2914 1290 2980 dolorem
1334 2916 1558 2983 attulit
1613 2938 1813 3001 quum
1856 2920 2158 2986 Lausan-

187 3000 419 3064 nensis
468 2999 786 3065 ecclesiae
831 3001 1210 3084 periculum,
1258 3011 1326 3067 et
1359 3023 1487 3085 quo
1531 3003 1603 3067 in
1639 3003 2018 3070 discrimine
2061 3013 2158 3086 tu,

203 3083 422 3150 Virete
469 3085 951 3166 colendissimo,
996 3108 1148 3155 cum
1187 3087 1457 3173 reliquis
1499 3090 1822 3157 ministris
1856 3093 2156 3172 verseris,

189 3183 630 3253 exponerent.
731 3172 964 3238 Doluit
1027 3195 1106 3239 66
1168 3195 1274 3239 166
1344 3176 1508 3240 1111111
1572 3178 1951 3260 cumprimis
2016 3190 2157 3243 tum

185 3264 468 3340 propter
533 3258 888 3324 amicitiam
947 3280 1359 3326 communem
1416 3271 1483 3326 et
1533 3269 1651 3326 tua
1700 3263 1771 3327 in
1816 3284 1920 3329 me
1962 3262 2158 3331 bene-

187 3341 359 3420 ficia,
431 3352 585 3408 tum
648 3352 917 3428 propter
981 3346 1289 3413 ecclesiae
1347 3346 1712 3429 periculum
1780 3349 1947 3432 quod
2014 3351 2158 3433 pios

187 3445 424 3494 omnes
486 3440 741 3495 terrere
806 3429 1014 3497 debet.
1121 3431 1272 3513 Quo
1329 3452 1488 3498 vero
1543 3434 1764 3501 minus
1834 3457 1953 3520 per
2013 3435 2157 3502 oal-

187 3514 413 3578 vimmt
468 3516 869 3600 scripserim,
938 3517 1098 3583 haec
1155 3539 1289 3583 una
1342 3539 1539 3585 66666
1591 3529 1692 3586 661
1751 3521 1923 3605 66611
1980 3521 2157 3589 11666

188 3619 415 3664 166616
465 3601 739 3667 affinem
784 3601 865 3667 ad
913 3625 1026 3669 vos
1061 3604 1507 3686 profecturum
1543 3605 1797 3686 scirem,
1843 3609 1953 3691 qni
1990 3609 2156 3675 meis

188 3682 407 3753 literis
445 3685 573 3751 tibi
618 3688 1176 3755 commendandus
1221 3699 1379 3756 erat.
1448 3690 1677 3774 Neque
1720 3700 1941 3759 tamen
1979 3712 2157 3759 111166

192 3789 358 3854 opus
421 3773 569 3838 fore
621 3775 925 3840 existimo
977 3784 1068 3852 nt,
1137 3797 1301 3859 quae
1368 3779 1664 3842 omnium
1709 3788 2005 3846 nostrum
2075 3783 2154 3846 116

192 3855 380 3923 vobis
441 3867 516 3924 et
557 3860 1114 3944 propositionibus
1153 3864 1394 3929 vestris
1416 3865 1471 3941 2)
1517 3865 1844 3929 sententia
1887 3866 1991 3945 sit,
2038 3886 2151 3931 ex·

193 3961 440 4024 ponam
480 3946 727 4025 multis,
765 3967 965 4029 quum
1001 3945 1169 4012 nihil
1207 3949 1438 4013 horum
1478 3970 1517 4013 a
1542 3948 1800 4016 Calvino
1835 3952 2150 4016 omissum

191 4041 443 4109 putem.
514 4030 711 4097 Certe
769 4053 974 4115 quum
1016 4034 1492 4117 propositiones
1536 4030 1656 4101 lias
1701 4044 1855 4102 6616
1903 4033 2154 4104 Calvina·

198 4123 265 4178 et
348 4115 603 4182 Farelli
680 4116 1040 4184 adventum
1130 4123 1603 4204 accepissemus
1623 4125 1676 4198 ³)
1752 4122 2150 4189 videbamini

196 4200 600 4282 quibusdam
624 4205 840 4270 nescio
862 4205 1017 4286 quid
1042 4205 1159 4269 alti
1179 4208 1449 4288 spirare,
1488 4216 1553 4272 61
1589 4228 1723 4273 non
1758 4217 1895 4274 tam
1919 4210 2150 4275 minis-

197 4287 441 4352 terium
513 4290 697 4354 verbi
763 4311 960 4373 quam
1037 4293 1487 4358 ministrorum
1557 4314 1867 4377 personas
1953 4297 2151 4362 nimis

199 4373 536 4440 extollere.
636 4373 772 4442 Sed
826 4398 959 4441 11611
1007 4398 1157 4444 6616
1209 4378 1395 4445 vobis
1450 4388 1741 4447 mentem
1796 4400 1939 4448 6666
2003 4381 2152 4449 Gaz-

199 4458 386 4524 1111166
433 4464 756 4545 exposuit,
815 4471 884 4527 et
921 4464 980 4528 si
1019 4484 1141 4548 ego
1184 4473 1252 4530 16
1304 4466 1467 4532 66116
1512 4467 1671 4532 novi
1712 4466 1889 4533 illius
1931 4468 2152 4536 verbis

201 4541 391 4610 facile
437 4546 634 4613 fidem
683 4548 917 4613 habeo:
974 4570 1175 4632 quum
1232 4569 1570 4635 nunquam
1627 4552 1792 4618 mihi
1848 4554 1907 4620 is
1965 4554 2152 4621 visus

204 4627 312 4707 sis,
356 4633 476 4715 qui
519 4641 702 4698 tuam
745 4634 961 4719 potius
996 4635 1272 4719 gloriam
1307 4660 1500 4722 quam
1538 4639 1827 4705 fidelium
1873 4641 2153 4707 salutem

206 4733 522 4795 quaerere
574 4722 847 4787 coneris.
935 4720 1216 4787 Interim
1271 4722 1624 4792 dolendum
1680 4731 1780 4792 661
1822 4741 1966 4791 66111
2011 4745 2153 4791 rem

207 4968 392 5033 1027.
434 4977 492 5043 1)
533 4976 735 5035 Beduoe
764 4980 880 5047 suit
917 4980 975 5036 0.
1020 4979 1269 5035 Genevae
1300 4983 1483 5050 pridie
1515 4997 1695 5037 nonas
1729 4982 1949 5037 Iunias.
2018 4982 2153 5040 Bul-

209 5037 540 5112 linyerusad
575 5065 692 5105 611111
718 5051 924 5112 umas,
957 5049 1108 5105 deda
1143 5049 1197 5104 d.
1232 5049 1319 5104 26.
1358 5051 1523 5107 Maii.
1586 5050 1842 5122 Sequitur
1875 5067 1994 5106 cum
2029 5052 2154 5107 ulti-

209 5114 312 5165 mis
349 5119 568 5211 'mensis
625 5122 816 5178 diebu
880 5120 1073 5176 strici
1109 5121 1305 5189 fui-⁹86,
1366 5126 1418 5174 et
1459 5121 1818 5189 probabiliter
1886 5135 2000 5175 non
2052 5121 2153 5176 diu

207 5193 473 5328 hung.)
511 5260 601 5315 De
632 5261 948 5315 munisterio.

411 5333 471 5398 3)
510 5331 562 5383 A
602 5328 964 5385 Kilchnm‘cro
1000 5327 1075 5382 N.
1109 5327 1263 5383 1007.

2017 414 2179 477 1548
2223 410 2406 479 IUN.

4085 422 4211 487 710

2258 606 2482 665 tantas
2545 599 2728 666 vobis
2807 600 3034 666 turbas
3111 598 3381 668 dedisse.
3491 600 3663 668 Nam
3743 602 3823 669 de
3898 605 3980 672 iis
4044 626 4223 691 quae·

2260 686 2522 752 Bernae
2575 684 2954 753 acciderunt
3007 685 3173 750 nihil
3233 687 3465 764 scribo,
3506 709 3706 770 quum
3754 710 3888 755 non
3942 700 4210 776 propter

2261 778 2521 838 vestras
2574 771 2899 837 duntaxat
2949 773 3425 855 propositiones
3477 773 3656 839 illius
3714 775 4025 843 ecclesiae
4081 778 4210 843 mi·

2262 859 2457 922 nistri
2493 857 2576 923 ab
2610 857 2822 924 officio
2856 857 3100 941 repulsi
3136 858 3287 936 sint,
3325 858 3442 923 sed
3480 867 3748 944 propter
3781 861 4209 929 iurisiurandi

2263 942 2553 1024 fidem,⁴)
2612 954 2689 1008 ut
2743 942 2997 1027 legatus
3040 944 3399 1010 Bernensis
3461 945 3705 1022 retulit,
3755 948 4017 1031 saepius
4072 949 4209 1015 vio-

2260 1029 2483 1095 latam.
2573 1029 2663 1094 Et
2705 1037 3021 1112 quantum
3064 1028 3206 1112 ipse
3259 1050 3379 1114 pro
3421 1031 3553 1095 mei
3594 1032 3847 1115 ingenii
3886 1034 4208 1101 tenuitate

2261 1115 2489 1181 videre
2527 1135 2814 1199 possum,
2859 1134 2992 1181 666
3027 1116 3244 1198 potuit
3282 1115 3383 1180 illi
3427 1115 3736 1182 666166166
3776 1118 4011 1185 1661166
4052 1140 4207 1185 con·

2261 1199 2391 1266 suli
2470 1208 2737 1284 propter
2798 1201 3089 1283 partium
3164 1200 3399 1277 studia,
3467 1222 3631 1284 quae
3695 1201 3945 1270 radices
3995 1205 4207 1271 'nimis

2263 1287 2575 1370 utrinque
2638 1286 2767 1352 alte
2832 1298 3128 1370 egerunt.
3253 1287 3534 1352 Vestrae
3612 1296 3833 1353 autem
3898 1291 4222 1356 ecclesiae·

2261 1369 2666 1439 commodius
2698 1372 3033 1438 subveniri
3066 1393 3255 1456 posse
3291 1393 3514 1454 spero:
3550 1373 3867 1455 siquidem
3905 1397 3984 1440 ea
4015 1376 4204 1442 vobis

2261 1478 2451 1523 mens
2506 1470 2608 1523 est
2670 1479 2865 1541 quam
2927 1456 3230 1524 Calvinus
3293 1479 3435 1523 6666
3479 1457 3649 1523 dixit
3705 1468 3774 1524 et
3836 1482 3958 1526 nos
3982 1461 4206 1528 *facile

2261 1542 2610 1610 credimus.
2702 1543 2987 1609 Multum
3033 1553 3209 1610 certe
3245 1543 3350 1610 hic
3386 1543 3679 1627 proderit
3721 1545 4106 1629 simplicitas
4141 1557 4210 1612 et

2262 1631 2716 1712 quaestionum
2732 1648 2865 1694 666
2877 1631 3395 1695 necessariarum
3410 1631 3622 1694 rarior
3637 1632 3955 1697 tractatio.
3982 1631 4219 1713 Quum.

2263 1714 2442 1780 enim
2477 1716 2665 1781 vobis
2700 1735 2850 1781 cum
2886 1714 3147 1796 Bucco-0,
3175 1719 3225 1797 ³)
3261 1726 3337 1779 ut
3370 1714 3562 1779 multi
3597 1717 3876 1781 firmiter
3910 1718 4205 1796 credunt,

2264 1801 2628 1879 conveniat,
2682 1801 2741 1866 is
2785 1808 3003 1866 autem
3056 1808 3434 1866 nostrarum
3488 1801 3909 1867 ecclesiarum
3969 1799 4206 1869 doctri-

2264 1908 2423 1951 nam
2481 1886 2561 1951 de
2605 1906 2807 1953 coena
2849 1885 3107 1971 publice
3164 1885 3448 1963 damnet,
3505 1907 3638 1951 non
3695 1889 3931 1952 mirum
3993 1889 4207 1955 videri
4268 1916 4273 1921 ·

2266 1970 2458 2037 debet
2511 1972 2566 2038 si
2609 1971 2837 2037 multis
2880 1973 3164 2055 suspecti
3222 1972 3382 2038 sitis.
3472 1974 3742 2056 Augent
3786 1995 3940 2038 vero
3995 1975 4207 2058 suspi-

2266 2059 2520 2124 cionem
2565 2057 2731 2124 hanc
2786 2056 2866 2122 de
2923 2057 3267 2123 ministerii
3327 2056 3713 2122 excellentia
3769 2068 3837 2123 et·
3890 2057 3955 2123 di
4051 2061 4209 2126 itate

2265 2141 2755 2226 disputationes,
2815 2152 2891 2207 ut
2932 2164 3062 2209 666
3109 2141 3327 2208 desint
3367 2142 3479 2225 qui
3529 2164 3646 2208 vos
3691 2142 3774 2208 ad
3816 2143 3933 2208 illu
4024 2146 4209 2211 fasti-

2267 2230 2452 2312 gium
2496 2230 2785 2311 aspirare
2829 2237 3066 2312 putent
3108 2227 3285 2293 unde
3327 2229 3608 2311 superba
3651 2228 4097 2312 episcoporum
4144 2241 4212 2296 et

2265 2315 2731 2398 papisticorum
2777 2314 3152 2397 praesulum
3194 2313 3388 2379 turba
3430 2313 3680 2379 deiecta
3723 2323 3839 2379 est.
3905 2314 4008 2380 Ne
4051 2336 4209 2400 ergo

2266 2409 2405 2465 tam
2484 2401 2858 2485 suspiciosis
2949 2400 3353 2466 occasionem
3434 2399 3662 2464 demus
3739 2401 3934 2464 etiam
4015 2409 4209 2484 atque

2266 2489 2463 2551 etiam
2530 2485 2897 2552 curandum
2965 2485 3107 2551 erit.
3195 2485 3287 2549 Et
3350 2485 3499 2568 plus
3557 2484 3857 2550 utilitatis
3921 2494 4056 2549 tam
4125 2486 4209 2553 ad

2265 2593 2383 2638 nos
2440 2593 2636 2655 quam
2692 2570 2997 2638 ecclesias
3050 2579 3307 2637 nostras
3365 2568 3578 2635 redire
3638 2591 3825 2652 posse
3881 2570 4092 2649 credo,
4151 2571 4210 2638 si

2263 2658 2669 2741 frequentius
2725 2657 2805 2724 de
2857 2656 3251 2722 humilitatis
3319 2655 3531 2720 officio
3575 2677 3771 2739 quam
3826 2656 4210 2723 excellentia

2263 2753 2528 2808 nostrae
2573 2743 2913 2828 dignitatis
2956 2744 3338 2826 cogitemus,
3397 2763 3599 2823 quum
3646 2742 3784 2823 ipse
3830 2744 4024 2807 etiam
4069 2743 4209 2807 Do-

2262 2830 2485 2895 minus
2550 2841 2774 2895 noster
2852 2828 3040 2894 Iesus
3106 2827 3415 2893 Christus
3478 2826 3885 2910 frequentius
3951 2827 4031 2893 de
4094 2826 4211 2893 illa

2261 2935 2454 2997 quam
2492 2914 2617 2979 hac
2659 2936 2811 2980 suos
2857 2913 3207 2997 discipulos
3251 2912 3690 2978 admonendos
3738 2933 3881 2978 6666
3926 2913 4207 2978 duxerit.

2264 2998 2458 3080 Quod
2507 3020 2745 3066 666666
2789 3001 3125 3084 negotium
3171 3000 3424 3075 attinet,
3468 3020 3660 3064 nemo
3702 3007 3878 3063 certe
3923 3010 4059 3064 tam
4093 3020 4209 3064 ve-

2262 3107 2406 3152 cors
2449 3097 2519 3152 61
2562 3084 2866 3170 stupidus
2906 3095 3008 3152 est
3049 3086 3210 3169 quin
3254 3083 3612 3151 multorum
3656 3083 4016 3150 doctrinam
4060 3105 4209 3151 cum

2262 3172 2591 3239 Bernensi
2614 3171 3048 3257 disputatione
3084 3171 3446 3256 plurimum
3469 3169 3836 3253 discrepare
3859 3170 4209 3255 intelligat.

2261 3257 2401 3325 Nec
2431 3258 2498 3324 id
2534 3259 2880 3325 obscurum
2921 3267 3039 3336 est,
3078 3278 3279 3341 quum
3307 3256 3621 3323 Genevae
3655 3255 3858 3322 libelli
3889 3264 3957 3322 61
3975 3256 4209 3340 gallice

2262 3353 2330 3408 61
2383 3343 2591 3410 161166
2643 3344 2802 3411 611111
2860 3345 3009 3424 6161,
3034 3347 3087 3422 ⁶)
3143 3343 3215 3408 in
3259 3342 3498 3426 quibus
3554 3342 3853 3425 Zwinylii
3909 3352 3976 3407 et
4026 3340 4208 3408 Oeco-

2261 3431 2578 3513 lampadii
2600 3430 2681 3495 de
2721 3449 2922 3496 coena
2961 3429 3276 3507 doctrina,
3323 3428 3656 3512 expressis
3699 3430 3893 3492 etiam
3941 3425 4206 3492 illorum

2261 3515 2650 3595 nominibus,
2686 3517 3000 3595 reiicitur,
3046 3514 3341 3598 talesque
3376 3513 3778 3580 inducuntur
3812 3513 4207 3611 sanctissimi

2260 3602 2388 3667 viri
2425 3603 2538 3686 qui
2581 3603 2997 3686 praecipuam
3037 3601 3235 3667 huius
3277 3600 3662 3666 sacramenti
3699 3605 3955 3684 partem
3989 3618 4207 3665 minus

2259 3696 2489 3754 exacte
2553 3687 2959 3754 tradiderint.
3064 3688 3285 3770 Atque
3348 3685 3446 3751 illi
3510 3686 3634 3768 ipsi
3701 3692 3854 3751 sunt
3931 3704 4206 3767 quorum

2256 3772 2481 3839 labore
2525 3783 2592 3840 et
2656 3773 2875 3840 studio
2929 3771 3288 3838 Bernensis
3355 3770 3705 3855 disputatio
3768 3770 4059 3833 maxima
4122 3789 4207 3835 ex

2258 3868 2449 3943 parte
2502 3868 2768 3943 peracta
2823 3868 2940 3925 661.
3030 3856 3223 3939 Quod
3270 3858 3323 3922 si
3370 3877 3527 3941 ergo
3571 3856 3829 3921 illorum
3872 3852 4206 3920 doctrinae

2259 3955 2325 4011 et
2366 3946 2642 4029 proinde
2686 3944 3012 4011 Bernensi
3058 3943 3482 4027 disputationi
3525 3942 3650 4008 1166
3693 3943 3762 4005 16
3806 3961 3878 4005 16
3923 3940 4204 4006 61611616

2258 4030 2484 4097 deesse
2539 4031 2805 4115 quidam
2845 4053 2930 4097 ex
2973 4031 3213 4095 vestris
3256 4038 3604 4105 noverunt,
3650 4045 3983 4108 nunquam
4029 4036 4206 4092 certe

2256 4118 2325 4183 in
2370 4115 2545 4183 illius
2589 4115 2788 4183 verba
2826 4118 3046 4183 iurare
3089 4115 3486 4192 debuissent,
3547 4134 3769 4211 quum·
3790 4113 4076 4178 sanctior
4119 4113 4207 4178 sit

2256 4213 2323 4269 et
2360 4203 2514 4268 fidei
2558 4204 2952 4271 christianae
3009 4211 3077 4266 et
3116 4200 3539 4267 iurisiurandi
3586 4198 3832 4282 1611316,
3877 4219 4067 4280 66616
4128 4205 4204 4261 ut

2461 4426 2521 4494 4)
2566 4427 2844 4482 Hundeeh.
2878 4442 2933 4494 p.
2970 4424 3088 4481 209.
3664 4490 3673 4501 .
3759 4488 3769 4498 ·

2463 4495 2523 4563 5)
2563 4493 2652 4551 Dc
2685 4496 2785 4551 hoc
2817 4495 2958 4549 male
2992 4493 3266 4556 sentiebat.
3301 4491 3384 4545 vel
3416 4491 3600 4543 saltem
3621 4503 3671 4541 et
3706 4485 3990 4552 dtffidebat
4007 4500 4074 4539 ex
4092 4501 4199 4556 quo

2256 4565 2605 4621 concordiam
2643 4563 3166 4632 Wittemberycnsem
3201 4576 3362 4631 quam
3398 4562 3593 4613 vocant
3619 4561 4017 4637 procuraverat
4054 4558 4201 4637 6616-

2254 4636 2448 4703 966116.
2521 4634 2726 4689 Postea
2757 4634 2821 4687 in
2862 4633 3045 4702 peiore
3079 4634 3194 4688 loco
3238 4630 3427 4685 habuit
3467 4640 3634 4697 quum
3669 4623 3994 4705 fipcloqtcm
4039 4621 4198 4677 Tun·

2256 4705 2497 4759 cencium
2532 4709 2728 4760 contra
2761 4702 3064 4756 Lumen-um
3101 4699 3359 4768 scriptam
3393 4712 3444 4751 6.
3482 4693 3620 4749 1545
3653 4692 3999 4773 tmprobaret.
4065 4691 4200 4745 Vade

2327 4816 2337 4828 .
2373 4773 2451 4828 ad
2483 4789 2601 4827 cum
2638 4772 2826 4827 datam
2871 4771 2924 4825 d.
2965 4769 3044 4823 12.
3098 4769 3271 4825 Mart.
3316 4764 3450 4820 1545
3499 4781 3589 4834 ap.
3630 4761 3788 4828 Hm,
3823 4759 4112 4828 Bulltnycr
4146 4761 4198 4815 I.

2255 4789 2378 4897 ἐξῆ.
2449 4842 2661 4896 Ibidem
2700 4857 2757 4909 p.
2792 4837 2899 4892 470
2942 4839 3107 4894 habes
3140 4838 3307 4890 aliam
3352 4834 3586 4887 eiusdem
3691 4870 3703 4882 .
3751 4829 3831 4884 ad
3849 4828 4198 4912 ..B-lauretum

2253 4917 2379 4979 post
2400 4910 2636 4965 Lutheri
2665 4910 2865 4965 obitum
2900 4908 3160 4975 scriptam
3197 4905 3248 4958 d.
3269 4900 3353 4955 11.
3381 4901 3556 4954 Mart.
3591 4898 3622 4951 1
3759 4898 3857 4953 uba
3888 4902 4033 4952 mter
4049 4896 4199 4952 6116.-

2258 4984 2393 5050 Ε36,
2448 4980 2642 5049 11161ιὲ1,
2696 4977 2891 5058 melius
2944 4990 3165 5044 sperare
3214 4971 3525 5053 inciperem,
3580 4967 3628 5018 si
3686 4966 3923 5046 1311661116
3976 4982 4194 5089 ‘fimf‘

2256 5055 2543 5105 vocaretur
2577 5048 2645 5101 ad
2682 5046 2987 5100 Dominum.
3056 5043 3178 5097 Non
3213 5055 3356 5093 emm
3394 5043 3532 5090 vivit
3574 5033 3735 5089 1161116
3769 5033 3905 5087 altus
3978 5053 4034 5088 111
4070 5052 4107 5105 p
4130 5053 4193 5092 us

2256 5118 2372 5190 spei
2420 5118 2634 5199 aperiat
2667 5115 2893 5185 papistis
2939 5119 2997 5166 et
3041 5112 3108 5164 116
3150 5124 3317 5162 666116
3362 5104 3575 5160 Domini
3623 5103 3865 5170 disputet
3912 5118 3946 5154 o
4044 5106 4192 5158 urias

2252 5205 2414 5263 qum
2450 5201 2715 5318 ιὥωΗαοο
2730 5252 2939 5375 cmg-sce
2959 5248 3243 5305 Calvinum
3260 5246 3439 5312 ipsum
3470 5247 3712 5310 spectare
3730 5233 3999 5293 videniur·
4057 5236 4192 5291 Vidn

2251 5328 2488 5384 mosim
2527 5322 2662 5392 OPP·
2712 5321 2773 5416 ¹⁷5
2940 5333 3018 5388 ⁸4
3673 5391 3776 5447 45·
