4825 6175
272 373 385 438 117

267 558 699 627 miserrimam
742 556 1255 641 dissipationem,
1314 557 1499 623 cuius
1555 555 1920 623 etiamnum
1961 561 2222 638 restant

265 643 620 712 nonnullae
676 643 989 728 reliquiae
1007 694 1025 723 ,
1080 641 1269 708 facile
1311 641 1837 709 animadvertere
1878 642 2084 725 potui,
2129 641 2220 707 si-

268 731 493 800 nistris
557 727 970 813 quorundam
1023 728 1436 794 sermonibus
1453 729 1514 813 ⁹)
1570 729 1664 794 sic
1716 737 1785 794 te
1836 726 2040 794 fuisse
2096 727 2221 792 im-

268 818 519 895 butum,
564 825 641 880 ut
682 814 763 881 de
805 815 995 880 nobis
1038 813 1220 880 aliud
1263 815 1689 898 suspicareris
1724 834 1921 898 quam
1958 833 2067 878 res
2101 812 2221 877 ha-

268 902 467 969 beret.
555 902 788 985 Neque
831 922 987 967 vero
1021 909 1089 965 te
1121 920 1414 983 unquam
1449 900 1663 966 alieno
1694 920 1735 964 a
1766 899 1954 965 nobis
2004 899 2223 964 animo

267 990 467 1055 fuisse
524 987 903 1053 existimavi
918 1038 933 1066 ‚
989 985 1301 1070 quidquid
1358 986 1430 1051 in
1490 1008 1681 1052 aures
1725 993 1877 1051 tuas
1918 985 2222 1050 insusur-

269 1080 528 1142 rassent
582 1073 682 1138 illi
740 1074 853 1157 qui
907 1092 1029 1137 nos
1081 1071 1276 1138 malis
1301 1074 1383 1151 ¹⁰)
1441 1072 1744 1137 omnibus
1785 1071 2033 1137 invisos
2075 1069 2224 1135 red-

270 1161 426 1226 dere
461 1158 829 1225 studebant.
911 1156 1091 1239 Quin
1135 1159 1354 1241 potius
1386 1178 1496 1223 me
1531 1157 1900 1242 perspicere
1935 1155 2223 1234 memini,

270 1258 469 1330 quam
509 1244 785 1311 sollicite
831 1245 1020 1311 nobis
1064 1243 1438 1310 consultum
1476 1251 1767 1328 optares:
1812 1263 1936 1309 nec
1976 1262 2226 1307 memo·

269 1332 371 1398 ria
415 1330 808 1397 exciderunt
845 1330 1098 1396 amicae
1153 1328 1307 1395 illae
1351 1337 1504 1394 tuae
1547 1329 1951 1395 hortationes
1993 1327 2227 1411 quibus

271 1416 446 1501 apud
481 1438 602 1483 nos
637 1415 926 1482 utebaris
966 1416 1039 1481 in
1081 1417 1225 1498 ipsa
1268 1416 1519 1497 epitasi.
1548 1413 1633 1499 ¹¹)
1692 1413 1827 1480 Sed
1861 1436 1966 1480 res
2002 1420 2230 1497 postea

271 1505 415 1588 ipsa
460 1501 747 1602 ostendit
790 1522 983 1585 quam
1023 1502 1265 1585 iniquis
1307 1501 1726 1585 praeiudiciis
1769 1521 2058 1567 essemus
2115 1519 2229 1581 op·

315 1609 504 1655 ressi.

271 1611 314 1675 P
451 1674 787 1755 Quorsum
840 1674 1022 1754 haec,
1078 1674 1354 1755 inquies,
1400 1680 1538 1738 tam
1582 1672 1713 1738 alte
1756 1672 2036 1755 repetita
2078 1691 2233 1735 nar·

273 1759 487 1827 ratio?
569 1760 821 1843 Nempe
875 1767 952 1824 ut
1003 1780 1220 1824 meam
1262 1759 1333 1823 in
1378 1757 1702 1823 amicitiae
1745 1757 1977 1823 officiis
2019 1777 2233 1823 cessa-

277 1848 530 1913 tionem
575 1845 698 1912 tibi
743 1848 813 1910 in
850 1845 1280 1928 praeteritum
1323 1853 1584 1926 tempus
1629 1863 1959 1918 excusem,
2002 1863 2086 1907 ne
2128 1862 2236 1907 me

277 1934 383 2001 vel
430 1931 767 1997 socordiae
809 1930 916 1997 vel
962 1928 1307 2013 superbiae
1351 1930 1456 1994 vel
1516 1929 2010 2013 ingratitudinis
2053 1935 2236 1992 tanto

279 2018 485 2084 animi
527 2018 626 2083 tui
670 2038 869 2083 sensu
912 2039 1097 2082 reum
1145 2037 1320 2100 agas,
1367 2016 1424 2080 si
1466 2036 1574 2079 me
1613 2027 1751 2079 tam
1785 2014 2235 2099 negligentem

278 2105 523 2188 absque
578 2123 778 2170 causa
828 2104 1030 2168 fuisse
1085 2102 1440 2167 existimas.
1551 2100 1747 2165 Illam
1778 2099 1859 2184 ¹⁴²)
1928 2121 2130 2183 quum
2196 2118 2236 2161 a

277 2191 490 2264 literis
551 2188 982 2271 supersedere
1040 2186 1122 2253 ad
1185 2195 1444 2270 tempus
1489 2185 1750 2269 alimod
1796 2184 2026 2252 eadem
2070 2184 2236 2249 mihi

277 2278 443 2343 ratio
506 2275 836 2352 suasisset,
891 2294 1055 2356 quae
1110 2281 1250 2337 tum
1309 2294 1349 2337 a
1400 2272 1705 2337 familiari
1750 2282 1866 2338 tuo
1910 2269 2231 2354 colloquio

279 2362 609 2428 abstinere
631 2362 970 2444 coegisset,
1009 2361 1162 2444 quia
1197 2358 1443 2425 seilicet
1480 2358 1755 2423 verebar
1798 2379 1883 2423 ne
1919 2356 2000 2422 de
2036 2375 2234 2421 eausa

279 2457 511 2513 nostra
565 2446 787 2511 minus
837 2446 1007 2511 bene
1062 2447 1374 2510 sentires:
1432 2452 1661 2527 postea
1716 2445 1862 2527 ipsa
1907 2442 2233 2507 diuturni-

278 2544 411 2599 tate
470 2531 717 2597 silentii
775 2530 991 2597 aditus
1047 2531 1213 2595 mihi
1256 2531 1394 2595 fore
1438 2529 1820 2612 praeclusus
1863 2527 2229 2604 videbatur,

278 2620 483 2685 donee
552 2638 702 2682 eum
757 2616 919 2682 mihi
976 2637 1147 2682 nova
1205 2616 1424 2699 aliqua
1480 2615 1731 2681 occasio
1792 2616 2030 2679 iterum
2085 2634 2232 2696 ape-

279 2705 539 2771 ruisset.

447 2789 519 2855 N
518 2810 649 2856 unc
706 2795 968 2853 tantum
1022 2786 1207 2853 abest
1256 2787 1416 2870 quin
1474 2785 1800 2852 scribendi
1844 2790 2233 2869 argumento

279 2876 618 2950 destituar,
679 2883 756 2938 ut
808 2894 881 2939 se
938 2873 1145 2939 multo
1198 2871 1391 2955 plura
1445 2871 1724 2936 offerant
1776 2891 1973 2954 quam
2016 2870 2232 2935 literis

278 2962 622 3045 complecti
663 2959 852 3025 facile
896 2959 1001 3025 sit.
1088 2959 1184 3025 Ut
1225 2958 1356 3022 alia
1397 2957 1698 3023 omittam
1739 2957 1972 3021 liberet
2014 2967 2233 3021 tecum

280 3046 519 3115 deflere
573 3045 840 3113 exitiale
895 3045 1144 3112 malum
1189 3042 1487 3109 intestini
1530 3043 1908 3109 certaminis
1935 3044 2016 3120 18)
2062 3041 2235 3124 quod

280 3135 519 3201 iterum
580 3131 935 3198 recruduit.
1026 3131 1178 3197 Seio
1245 3131 1423 3194 enim
1484 3137 1802 3212 quantum
1869 3148 2234 3193 moerorem

281 3220 638 3287 sustineas:
675 3218 791 3284 sed
830 3217 1137 3302 quoniam
1171 3216 1312 3281 eius
1348 3217 1609 3299 generis
1644 3223 1745 3280 est
1783 3214 2023 3280 vulnus
2058 3213 2235 3297 quod

283 3305 622 3372 attrectari
678 3305 794 3369 vix
847 3303 1058 3387 possit
1110 3303 1266 3385 quin
1310 3302 1522 3385 magis
1567 3300 2010 3376 exulceretur,
2078 3298 2236 3382 quid

281 3401 581 3475 superest
638 3388 817 3455 aliud
872 3409 1071 3471 quam
1127 3394 1203 3452 ιιι
1259 3407 1296 3452 c
1348 3386 1526 3453 coelo
1584 3385 1910 3453 medicum
1955 3383 2236 3451 assiduis

281 3478 583 3561 precibus
624 3473 1049 3541 invocemus?
1132 3472 1324 3554 Quod
1370 3472 1453 3537 ad
1496 3472 1895 3556 mitigandas
1941 3470 2236 3537 Gallicas

282 3562 783 3646 superstitiones
810 3562 893 3641 ¹⁴)
916 3561 1172 3634 attinet,
1208 3558 1574 3642 periculum
1605 3566 1709 3624 est
1730 3579 1814 3623 ne
1851 3564 1918 3621 et
1951 3557 2234 3622 multum

282 3648 523 3715 laboris
567 3649 813 3712 frustra
857 3667 1069 3729 nuper
1110 3643 1598 3726 insumpserim,
1659 3656 1727 3707 et
1770 3642 1955 3709 vobis
1999 3641 2235 3707 fuerim

280 3734 627 3809 molestus,
684 3734 813 3798 nisi
857 3731 937 3797 de
994 3732 1252 3814 integro
1294 3728 1679 3794 adlaborent
1722 3729 2090 3813 quicunque
2150 3750 2234 3792 ex

285 3822 501 3885 animo
545 3819 820 3901 cupiunt
863 3817 1119 3882 salvum
1154 3815 1407 3881 Christi
1447 3836 1743 3898 regnum.
1836 3812 2236 3879 Admonitus

283 3927 445 3983 sum,
506 3905 769 3969 Bernae
823 3912 891 3968 et
946 3901 1249 3968 Basileae
1305 3922 1434 3965 non
1491 3900 1775 3965 multum
1805 3903 1891 3975 ¹⁶)
1938 3919 2083 3964 esse
2128 3920 2235 3963 ar-

285 3990 474 4067 doris,
522 4011 606 4054 ne
648 3989 803 4071 quid
929 3988 1117 4055 avius
1162 3987 1386 4051 dicam.
1472 3986 1665 4061 Nam,
1710 3996 1786 4048 ut
1829 3986 2042 4050 veteri
2086 4004 2235 4067 pro-

285 4076 506 4143 verbio
563 4073 803 4142 dicitur
885 4094 1185 4159 acrymas
1225 4074 1355 4139 cito
1397 4091 1800 4151 exarescere,
1849 4072 1943 4134 ita
1988 4071 2233 4153 pleros-

289 4399 569 4454 Bretsehn.
604 4399 863 4452 hactenus
892 4397 1186 4466 plausibile
1218 4396 1444 4451 reddere
1487 4401 1716 4449 conatus
1748 4401 1827 4449 est
1859 4400 1923 4449 ut
1955 4395 2238 4449 scriberet.-

286 4468 558 4539 'l'igurinis
586 4467 836 4590 grofessi.
912 4466 1192 4521 Caeterum
1226 4482 1278 4521 v.
1313 4465 1390 4519 ad
1427 4463 1501 4519 N.
1540 4463 1637 4516 111
1675 4470 1725 4518 et
1759 4479 1901 4533 seqq.

488 4537 544 4601 9)
628 4536 823 4590 omeni
854 4541 906 4589 et
938 4551 1178 4589 suorum.

455 4606 549 4673 10)
599 4605 721 4659 Hoc
766 4606 987 4658 incaute
1030 4603 1379 4657 sollicitatum
1426 4608 1519 4655 est.
1609 4600 1684 4655 Ia
1729 4600 1978 4670 maryine
2010 4599 2235 4669 quidam

288 4674 364 4730 ad
393 4676 616 4742 scripsit
648 4674 819 4728 bonis.
894 4672 952 4726 B.
991 4673 1235 4727 coniicit.-
1271 4671 1461 4725 modia.

454 4744 546 4807 11)
584 4743 639 4795 in
673 4759 809 4812 your
837 4740 1106 4810 Epitasis.

458 4809 548 4878 12)
589 4809 681 4866 Sic
714 4809 900 4865 codeae.
971 4810 1042 4864 Β.
1090 4808 1484 4863 emendandum
1533 4811 1735 4861 censet:
1770 4805 1904 4859 Imo.
1988 4805 2123 4860 Vide
2158 4820 2234 4858 an

287 4879 565 4949 hyadum
599 4881 696 4934 sit.-
727 4879 897 4933 Illinc.

460 4948 549 5007 13)
596 4948 823 5002 lutheri
864 4947 916 5001 ei
970 4946 1370 5016 Tiqurinorum.
1459 4944 1543 5010 Cf.
1595 4944 1756 4998 etiam
1805 4942 1880 4997 N.
1929 4939 2048 4995 555.
2131 4941 2234 5008 (In

293 5033 434 5073 voce:
470 5019 682 5080 liberet,
718 5016 790 5070 Β.
824 5016 1079 5070 mendum
1114 5017 1442 5083 suspicatur,
1476 5014 1654 5067 neseio
1724 5028 1800 5065 ua
1834 5012 1899 5065 de
1934 5012 2148 5076 caasa.)

456 5084 548 5152 14)
588 5086 1051 5154 Marqopraebet:
1068 5083 1535 5154 persequutiones,
1564 5029 1837 5162 quognoa
1856 5080 2234 5160 spernendum,

295 5154 346 5208 σι’
373 5155 436 5208 de
469 5170 630 5208 sensu
664 5160 978 5223 quaeratur,
1023 5153 1121 5207 sed
1161 5154 1385 5206 minime
1424 5166 1789 5205 necessat-mm
1826 5156 1917 5204 est.
1990 5149 2059 5201 Β.
2096 5156 2235 5204 satos

294 5224 574 5293 melicita-
607 5223 969 5277 commendat:
1003 5228 1373 5292 tempestates.

460 5290 553 5358 15)
597 5291 725 5346 Οοά.
762 5293 983 5359 nullum,
1018 5291 1165 5361 quod
1196 5293 1310 5346 iam
1345 5289 1415 5343 B.
1451 5288 1701 5344 correxit.

2096 363 2264 436 1⁸4⁸
2303 365 2501 437 JUL.

4161 376 4196 440 1
4209 376 4288 440 18

2322 575 2450 639 que
2526 553 2830 624 videmus
2868 556 3180 708 upiorum
3255 555 3633 624 calamitate
3707 555 3794 623 ad
3873 565 4287 627 momentum

2321 641 2740 721 commoveri,
2782 660 2870 725 pa
2941 663 2979 708 o
3021 648 3169 727 post
3203 642 3646 727 reffigescere.
3719 641 3983 711 Deinde
4017 666 4285 730 sparsus

2323 733 2429 793 est
2483 725 2564 793 de
2616 727 2935 795 fratribus
2987 728 3211 813 gravis
3260 748 3511 808 rumor,
3573 728 3811 813 Reyem
3850 729 3999 797 ideo
4041 751 4285 802 excan-

2325 811 2547 879 duisse
2588 813 2911 882 adversus
2954 834 3066 881 eos
3108 812 3282 898 quod
3326 813 3614 881 decimas
3657 816 4110 900 episcoporum
4153 816 4287 884 sol·-

2324 919 2483 967 vere
2515 899 2907 966 abnuerunt.
2994 899 3077 966 Id
3112 921 3319 983 quum
3351 900 3641 966 Aroviac
3673 901 3838 967 mihi
3873 902 4286 983 obiiceretur,

2324 985 2585 1051 fortiter
2636 985 2953 1069 nullaque
3001 984 3434 1052 haesitatione
3486 987 3740 1052 asserui
3800 988 4092 1054 fabulam
4142 1009 4288 1055 esse

2325 1071 2752 1154 impudenter
2806 1073 3171 1139 confictam.
3261 1070 3598 1139 Sacrificis
3641 1074 3819 1138 enim
3884 1093 4177 1157 unquam
4203 1075 4285 1156 ¹⁶)

2327 1156 2596 1223 obolum
2616 1177 2959 1242 nunquam
2992 1165 3343 1242 negarunt,
3382 1179 3585 1241 quum
3619 1158 3752 1224 illis
3771 1160 4054 1241 pristina
4086 1179 4289 1226 onera

2328 1244 2762 1310 remitterent.
2828 1243 3027 1310 Nunc
3053 1246 3133 1321 ¹⁷)
3180 1244 3238 1309 si
3275 1242 3432 1320 Rex,
3477 1251 3556 1309 ut
3598 1244 3817 1310 verbis
3860 1246 4288 1327 satisfaceret,

2330 1350 2402 1394 se
2445 1330 2967 1396 commissarium
3001 1329 3259 1396 misisse
3293 1327 3722 1412 responderit,
3768 1331 3964 1396 sicuti
4005 1330 4289 1397 Germa-

2330 1436 2453 1481 nos
2494 1415 2908 1481 Wormatiae
2951 1415 3075 1481 hoc
3108 1435 3425 1500 responso
3470 1436 3683 1499 nuper
3728 1416 4017 1495 lactavit,
4061 1416 4291 1482 scitote

2330 1521 2592 1567 merum
2632 1523 2776 1567 esse
2817 1501 3057 1568 fucum.
3146 1501 3556 1567 Infestantur
3596 1502 3772 1566 enim
3812 1502 4072 1568 assidue
4117 1524 4157 1567 a
4192 1502 4291 1566 la-

2333 1587 2679 1666 trunculis,
2724 1607 2886 1667 quos
2932 1587 3190 1672 legatus
3233 1587 3714 1653 Avenionensis
3759 1589 3830 1653 in
3875 1586 4123 1653 ditione
4166 1609 4291 1653 sua

2337 1672 2471 1738 alit.
2561 1671 2763 1739 Certo
2805 1678 3027 1739 autem
3061 1672 3306 1739 certius
3340 1683 3442 1737 est
3475 1692 3588 1738 eos
3621 1672 3796 1738 inter
3829 1695 3899 1740 se
3941 1671 4287 1740 colludere.

2334 1758 2524 1824 Nihil
2567 1761 2768 1825 etiam
2825 1758 2907 1824 de
2962 1758 3154 1824 solita
3208 1758 3594 1826 crudelitate
3655 1758 3855 1841 Reyis
3894 1759 4101 1842 ipsius
4144 1758 4289 1824 offi-

2336 1845 2522 1911 ciarii
2567 1846 2934 1911 remittunt.
3023 1845 3255 1910 Mittat
3297 1866 3414 1910 rex
3450 1845 3931 1910 commissarios
3975 1852 4050 1910 ut
4091 1843 4290 1923 volet,

2338 1929 2455 1996 sed
2497 1951 2692 1996 nemo
2736 1945 2835 1996 est
2887 1931 3003 2014 qui
3045 1950 3164 2013 pro
3207 1931 3490 1996 veritate
3533 1930 3786 1997 hiscere
3830 1930 4095 1997 audeat:
4143 1939 4291 1996 tan·

2336 2026 2447 2082 tus
2490 2016 2724 2082 horror
2764 2017 3074 2083 incussus
3119 2022 3219 2082 est
3261 2014 3588 2095 omnibus,
3649 2023 3716 2081 et
3758 2015 3996 2099 alioqui
4042 2015 4292 2081 nemini

2336 2123 2422 2166 ex
2464 2102 2596 2168 illi's
2638 2100 2945 2169 accedere
2977 2102 3134 2169 illue
3176 2101 3347 2180 licet,
3392 2109 3471 2165 ut
3507 2101 3732 2167 audiat
3764 2101 3921 2186 quid
3956 2102 4294 2168 decretum

2336 2188 2552 2254 fuerit.
2642 2188 3012 2254 Petendum
3059 2207 3217 2271 ergo
3274 2196 3350 2252 ut
3391 2187 3752 2253 liberentur
3794 2188 4059 2271 captivi,
4104 2186 4294 2252 resti-

2335 2282 2610 2339 tuantur
2673 2275 2931 2358 profugi
2997 2274 3068 2339 in
3133 2294 3285 2339 suas
3350 2273 3708 2351 facultates,
3774 2282 3920 2340 tum
3978 2292 4294 2357 quaerere

2338 2358 2483 2424 Rex
2551 2359 2841 2442 incipiat,
2912 2360 3103 2425 sicuti
3168 2359 3300 2424 illis
3362 2357 3616 2442 pridem
3669 2360 3886 2425 fuerat
3937 2358 4288 2442 pollicitus.

2336 2444 2562 2526 Quum
2624 2445 2693 2510 id
2750 2446 2871 2510 tibi
2928 2445 3103 2529 apud
3166 2454 3469 2509 senatum
3522 2452 3819 2510 vestrum
3872 2466 3991 2528 pro
4049 2444 4294 2511 eximia

2336 2537 2453 2595 tua
2504 2531 2859 2596 autoritate
2912 2530 3208 2596 obtinere
3263 2531 3353 2596 sit
3395 2530 3797 2608 facillimum,
3865 2541 3932 2594 te
3994 2551 4154 2595 vero
4207 2527 4293 2593 ad

2334 2636 2601 2682 causam
2664 2617 2839 2682 ultro
2892 2637 3291 2700 propensum
3345 2637 3487 2682 esse
3540 2638 3686 2682 sum
3740 2637 4112 2700 persuasus,
4170 2614 4295 2680 hac

2336 2702 2617 2785 supplici
2661 2701 3109 2768 admonitione
3152 2712 3501 2768 contentus
3536 2722 3667 2779 erc,
3709 2723 3793 2768 ne
3828 2703 3886 2767 si
3920 2701 4292 2768 accuratius

2336 2787 2648 2853 exhorter
2704 2787 2999 2853 diffidere
3043 2788 3161 2854 tibi
3206 2788 3449 2854 videar.
3536 2787 3724 2864 Vale,
3770 2788 4126 2854 clarissime
4169 2786 4293 2863 vir,

2337 2873 2545 2940 amice
2588 2874 2659 2938 in
2704 2873 2937 2956 primis
2978 2873 3375 2939 honorande.
3464 2871 3795 2939 Dominus
3829 2881 3896 2938 te
3931 2873 4043 2938 diu
4086 2871 4291 2940 eecle-

2338 2960 2476 3024 siae
2499 2979 2654 3025 suae
2674 2959 3071 3025 incolumem
3106 2967 3342 3038 servet,
3388 2979 3464 3024 ac
3497 2959 3733 3042 spiritu
3767 2980 3887 3026 suo
3923 2958 4291 3043 gubernare

2337 3053 2591 3131 pergat.
2681 3045 3010 3112 Ministris
3053 3044 3293 3111 vestris
3334 3065 3573 3129 quaeso
3626 3067 3709 3112 ne
3754 3046 4034 3111 salutem
4076 3043 4295 3111 dicere

2339 3133 2638 3216 graveris
2681 3152 2829 3197 meo
2873 3133 3156 3197 nomine.
3247 3129 3564 3197 Genevae
3609 3135 3709 3197 24.
3755 3131 3913 3198 Iulii
3964 3136 4149 3197 1545.

3335 3217 3619 3284 Ioannes
3664 3216 3984 3285 Calvinus
4026 3225 4206 3284 tuus.

3246 3830 3399 3901 668.

2825 3968 3309 4036 SULZERUS
3352 3968 3815 4037 FARELLO.

2515 4138 2619 4204 De
2677 4138 2925 4206 Farelli
2975 4142 3287 4207 vocatione
3341 4163 3385 4207 a
3444 4140 3901 4206 Genevensibus
3946 4141 4291 4223 proposita,

2341 4226 2594 4307 eiusque
2635 4245 2980 4292 successore
3026 4226 3545 4293 Neocomensibus
3586 4227 3951 4308 quaerendo.

2342 4395 2767 4466 (Autographon
2799 4413 2910 4450 non
2928 4402 3124 4463 exstat,
3162 4403 3220 4451 et
3248 4397 3466 4450 initium
3496 4413 3616 4449 cum
3640 4396 3992 4465 inscriptione
4016 4394 4293 4449 interiisse

2338 4465 2573 4519 videtur.
2643 4465 2994 4535 Exemplaria
3026 4466 3180 4519 varia
3213 4466 3537 4520 contulimus
3561 4465 3815 4520 Genevae
3850 4464 3979 4519 Cod.
4016 4464 4160 4530 1112,
4196 4462 4289 4517 fol.

2339 4533 2409 4587 66
2445 4552 2496 4587 ν.
2533 4551 2567 4585 a
2601 4532 2787 4587 Vireti
2819 4536 3130 4588 amanuensi
3168 4536 3448 4604 scriptum,
3484 4536 3542 4587 in
3589 4535 3778 4588 eadem
3812 4533 4011 4587 scheda
4045 4549 4164 4587 eum
4202 4548 4233 4584 e
4272 4571 4288 4586 .

2338 4602 2524 4655 Vireti
2568 4602 2905 4725 autograAEtha
2947 4603 3017 4656 ad
3066 4603 3348 4657 Calvinum
3392 4602 3459 4656 N.
3496 4601 3615 4668 677,
3653 4609 3710 4656 et
3755 4601 3886 4655 Ood.
3925 4601 4040 4667 116,
4087 4600 4180 4655 sol.
4257 4669 4268 4680 ι

2337 4687 2391 4725 v.
2427 4672 2641 4724 Bernae
2677 4672 2735 4724 in
2849 4671 2932 4725 ch.
2954 4672 3240 4741 Epp.V11.
3265 4688 3319 4741 p.
3353 4669 3457 4725 708
3492 4679 3549 4725 et
3565 4672 3747 4725 'Punici
3781 4671 3838 4724 in
3873 4678 3912 4724 t.
3948 4670 4015 4725 57
4054 4670 4287 4725 Simlen.

2514 4944 2596 5012 16)
2635 4945 2702 5000 Β.
2737 4944 3014 5000 emendat:
3068 4946 3299 5013 unicum,
3346 4962 3445 5001 noe
3491 4946 3804 5014 simpliciter
3848 4944 4134 5000 delendum
4169 4963 4291 5004 cea-

2337 5028 2598 5151 mmi'l)
2636 5082 2844 5137 Locum
2888 5084 2951 5136 in
2996 5083 3179 5137 codiee
3224 5087 3542 5150 corruptum
3577 5087 3627 5135 et
3660 5098 3698 5134 a
3732 5081 3832 5136 Br.
3866 5083 4081 5148 fnestra
4117 5090 4292 5141 tenta·

2335 5156 2450 5206 tum
2485 5167 2551 5205 ex
2585 5152 2719 5208 loeis
2758 5151 3048 5221 parallelis
3085 5151 3159 5205 N.
3194 5150 3298 5205 664
3334 5157 3384 5205 et
3417 5149 3520 5204 665
3561 5151 3727 5217 facile
3773 5152 4109 5207 restituimus
4151 5169 4292 5210 suae

2334 5217 2571 5275 vem'tati.
2630 5219 2811 5276 C'odea⁸
2844 5223 3086 5288 praebet:
3125 5220 3284 5274 Nunc
3317 5220 3363 5272 si
3399 5235 3498 5272 rex
3535 5228 3596 5272 ut
3630 5220 3676 5271 si
3713 5236 3810 5272 rex
3847 5222 4028 5274 verbis
4065 5262 4077 5274 .
4119 5261 4131 5273 .
4170 5264 4183 5277 .
4223 5263 4234 5276 .
4263 5263 4280 5279 .

2336 5288 2640 5358 respondeo
2675 5297 2738 5343 ut
2772 5290 2954 5344 siculis
2989 5290 3260 5359 germanis
3295 5293 3450 5343 caen.

3811 5373 3878 5426 8*
