4825 6175
226 429 335 494 993

221 613 362 684 facti
401 633 630 680 sumus
669 610 818 679 ideo
860 611 1249 692 accedimus,
1292 611 1589 695 apostolo
1629 598 1925 681 dicente:
1989 612 2155 678 Pro-

221 703 322 770 bet
357 720 429 764 se
468 698 667 764 homo
708 707 780 764 et
818 696 1058 764 deinde
1097 697 1266 763 edat.

374 784 606 867 Neque
650 783 842 850 aliter
895 793 1009 850 tua
1063 791 1339 868 possunt
1392 781 1675 868 intelligi
1730 804 1926 866 quam
1981 782 2156 868 quod

216 873 284 940 in
322 890 525 938 coena
564 877 633 936 et
758 891 795 936 r
835 891 1103 936 coenam
1148 869 1585 936 exhibeantur
1631 869 1820 935 nobis
1860 868 1977 934 illa
2016 890 2154 935 om-

216 959 321 1025 nia
350 977 519 1041 quae
552 955 682 1022 fide
713 956 726 970 ⁰
768 1007 785 1036 ,
820 956 1205 1056 priusquam
1238 955 1523 1033 accedat,
1568 954 1874 1038 possidet,
1919 961 1987 1020 et
2025 955 2155 1021 nisi

213 1041 536 1129 possideat
577 1041 658 1107 ad
701 1041 1020 1108 iudicium
1063 1041 1332 1108 accedat
1375 1047 1465 1116 (1.
1489 1039 1639 1107 Cor.
1670 1041 1796 1121 11).
1883 1040 1996 1107 Ex
2037 1049 2156 1106 tua

214 1127 504 1196 doctrina
539 1135 713 1195 certe
748 1130 1063 1211 sequitur,
1100 1129 1529 1194 sacramentis
1563 1125 1849 1193 conferri
1887 1147 2153 1193 sumen-

209 1216 398 1293 tibus,
444 1221 514 1280 et
553 1235 690 1278 non
733 1213 1127 1296 ponentibus
1169 1212 1439 1291 obicem,
1502 1212 1800 1297 gratiam.
1890 1210 2004 1279 Sic
2046 1233 2153 1279 ae-

210 1300 547 1367 dificamus
590 1320 854 1365 rursum
896 1320 1051 1366 cum
1091 1298 1369 1382 papistis
1412 1297 1581 1381 quod
1625 1297 1783 1363 olim
1827 1296 2155 1364 destruxi-

204 1407 349 1454 mus
391 1406 544 1453 cum
579 1384 906 1469 apostolis.
971 1385 1106 1451 Ubi
1140 1404 1319 1449 nunc
1352 1384 1656 1469 generale
1689 1383 1854 1450 illud
1888 1381 2154 1469 dogma:
2263 1387 2277 1400 ‘

203 1472 369 1539 Fide
411 1472 810 1537 iustificatur
858 1471 1056 1537 homo
1117 1471 1360 1554 absque
1416 1469 1763 1554 operibus?
1863 1470 2010 1538 Iam
2053 1490 2153 1535 se·

200 1557 498 1626 cundum
537 1565 829 1623 nostram
873 1556 1238 1623 doctrinam
1288 1556 1357 1621 in
1411 1556 1875 1640 participatum
1917 1553 2155 1620 admit-

201 1650 386 1710 tetur
427 1651 497 1709 et
538 1644 828 1725 sumptio
871 1654 1431 1709 sacramentorum
1446 1693 1462 1720 ,
1520 1663 1687 1725 quae
1730 1661 1965 1708 revera
2004 1661 2156 1725 per-

202 1730 374 1795 tinet
386 1730 510 1796 sub
525 1729 807 1812 speciem
826 1750 1116 1812 operum.
1183 1727 1444 1792 Vellem
1465 1729 1686 1810 itaque
1721 1746 1915 1807 nunc,
1961 1727 2156 1793 sicuti

198 1815 566 1899 qnondam,
607 1835 773 1898 pure
818 1822 888 1880 et
921 1814 1307 1897 simpliciter
1340 1812 1594 1880 diceres
1615 1812 1787 1896 quod
1811 1813 2156 1897 scripturis

195 1902 479 1985 probare
522 1921 763 1984 posses,
819 1900 991 1984 quod
1034 1899 1291 1966 nullam
1335 1920 1565 1965 ansam
1608 1899 2001 1966 adversariis
2042 1921 2158 1983 pa-

195 1987 394 2073 pistis
449 2006 603 2052 suos
669 2008 921 2052 errores
986 1983 1322 2052 statuendi
1387 1985 1743 2068 praeberet.
1831 1985 2159 2051 Remissio

194 2078 620 2158 peccatorum
655 2082 722 2137 et
763 2073 908 2138 vita
942 2079 1209 2138 aeterna
1242 2072 1438 2137 datur
1471 2071 1755 2155 gratuito
1791 2091 1909 2155 per
1929 2070 2160 2137 Chris-

195 2166 345 2225 tum
393 2156 827 2237 credentibus,
874 2167 945 2223 at
987 2157 1296 2225 Christus
1336 2157 1756 2236 testificatur,
1811 2156 2155 2242 significat,

194 2251 674 2329 repraesentat,
718 2244 985 2327 invocat
1026 2252 1096 2310 et
1134 2242 1437 2327 obsignat
1477 2242 1547 2308 in
1592 2263 1792 2308 coena
1833 2241 2021 2309 nobis
2055 2264 2160 2309 re-

192 2329 649 2413 demptionem
693 2351 882 2395 suam
926 2352 1002 2397 ac
1045 2328 1218 2396 dona
1260 2329 1446 2395 nobis
1499 2329 1759 2408 collata,
1817 2349 1987 2413 quae
2041 2349 2160 2412 per

191 2415 404 2482 fidem
451 2415 874 2500 possidemus,
916 2437 1051 2481 non
1093 2417 1162 2481 in
1205 2435 1408 2481 coena
1441 2413 1703 2480 demum
1739 2414 2156 2498 percipimus.

188 2500 731 2585 Acceptabnlum
754 2501 984 2568 salutis
998 2501 1161 2567 fides
1174 2509 1294 2580 est,
1318 2520 1456 2566 non
1481 2502 1772 2584 signum:
1796 2521 2000 2565 coena
2019 2501 2158 2566 Do-

187 2589 361 2653 mini
387 2588 657 2671 signum
680 2594 781 2653 est
811 2588 966 2654 etin
987 2607 1228 2672 genere
1247 2587 1419 2670 signi
1439 2592 1682 2651 manet.
1722 2585 2007 2670 Signum
2026 2593 2160 2652 tes-

185 2674 498 2740 tificatur
518 2695 594 2740 ac
610 2674 930 2757 obsignat,
955 2694 1031 2739 ac
1058 2673 1184 2738 nisi
1194 2672 1380 2757 prius
1404 2672 1568 2738 fides
1581 2670 1754 2737 adsit
1766 2679 1832 2737 et
1851 2671 2158 2738 Christus

184 2759 258 2825 in
280 2759 608 2826 cordibus
632 2759 916 2840 habitet,
952 2780 1087 2824 non
1109 2759 1224 2824 dat
1258 2758 1527 2843 signum
1545 2756 1915 2841 quidquam.
1976 2760 2159 2824 Attu

183 2843 386 2912 dicis:
469 2845 556 2911 In
609 2846 810 2912 disem
862 2844 1314 2929 hochwirdiqm
1360 2843 1729 2910 Sacrament
1782 2843 1954 2925 finde
2005 2863 2161 2911 ιοοσιι

181 2932 310 2998 den
363 2931 616 3016 hunqer
667 2933 781 2999 der
840 2930 1051 2997 Seelen
1106 2950 1179 2997 ιι
1228 2930 1477 2996 hussen.
1576 2931 1794 2996 Aliter
1852 2928 2161 2997 Christus

180 3016 481 3084 Ioannis
524 3022 583 3082 4.
631 3022 688 3084 6.
738 3022 796 3083 7.
840 3016 1002 3100 Cap.
1089 3017 1302 3081 Dicis:
1359 3017 1457 3082 At
1495 3035 1734 3082 coenae
1776 3023 1981 3097 tanta,
2027 3037 2159 3082 non

180 3112 480 3188 propter
534 3125 834 3183 coenam,
888 3113 956 3170 et
1011 3104 1167 3187 quia
1220 3124 1387 3187 opus
1441 3112 1794 3168 externum
1849 3111 1984 3183 est,
2045 3101 2160 3169 sed

181 3189 348 3274 quia
405 3211 566 3256 cum
617 3188 748 3255 fide
813 3190 1166 3256 coniuncta
1218 3196 1344 3270 est,
1408 3188 1699 3272 adeoque
1762 3194 1832 3254 et
1893 3196 2163 3272 propter

177 3274 434 3354 fidem,
497 3275 732 3342 tribuo.
751 3277 813 3358 ²)
913 3275 1055 3341 Cur
1110 3296 1268 3359 ergo
1325 3293 1460 3340 non
1514 3275 1641 3339 rite
1695 3273 2050 3357 distinguis
2094 3282 2163 3341 et

179 3358 367 3426 iuste
410 3359 604 3444 agis?
692 3360 955 3427 Iustitia
1011 3381 1209 3426 suum
1265 3361 1499 3443 cuique
1555 3358 1803 3426 tribuit.
1901 3359 2009 3425 Ita
2064 3360 2161 3426 lo-

178 3466 401 3531 quere
451 3467 541 3511 ne
563 3467 694 3531 qua
736 3449 822 3512 sit
842 3447 1153 3513 confusio.
1219 3444 1368 3525 Dic,
1390 3445 1586 3511 fidem
1622 3447 1978 3512 iustificare
2018 3467 2159 3526 nos,

177 3540 623 3599 sacramenta
673 3533 922 3599 testari.
1012 3531 1127 3599 Sic
1180 3531 1466 3598 Paulus:
1521 3531 1949 3597 Abrahamne
2006 3539 2160 3598 ante

174 3618 787 3698 circumcisionem,
831 3640 918 3683 an
953 3625 1102 3703 post
1134 3618 1714 3696 circumcisionem,
1758 3637 1844 3682 an
1878 3635 2000 3701 per
2032 3619 2161 3685 cir-

176 3704 671 3771 cumcisionem
722 3705 1118 3771 iustificatus
1157 3704 1301 3770 est?
1388 3703 1798 3787 Respondet:
1853 3724 1986 3769 non
2043 3725 2162 3785 per

173 3789 773 3857 circumcisionem
817 3788 934 3856 sed
977 3797 1150 3870 ante,
1196 3791 1519 3872 accepisse
1562 3797 1780 3855 autem
1823 3789 2160 3855 circumci-

174 3877 461 3942 sionem
521 3875 932 3960 signaculum
984 3884 1105 3944 etc.
1210 3874 1356 3943 Scis
1428 3873 1706 3941 eandem
1776 3895 1920 3941 esse
1962 3876 2161 3941 ratio·

173 3983 338 4028 nem
393 3970 991 4028 sacramentorum.
1093 3962 1274 4028 Ante
1331 3982 1489 4047 ergo
1546 3962 1878 4027 iustificati
1931 3981 2160 4027 sumus

172 4067 394 4130 quam
442 4067 906 4114 coenaremus:
964 4047 1231 4113 additur
1272 4068 1505 4128 coena,
1562 4048 1828 4131 signum
1872 4047 2161 4129 adeoque

163 4141 240 4286 gt
285 4132 464 4219 sign‘
465 4135 730 4200 aculum
786 4132 1075 4198 iustitiae
1125 4132 1281 4200 fidei
1338 4154 1506 4216 quae
1549 4141 1651 4200 est
1704 4134 1774 4198 in
1832 4134 2162 4200 coenanti-

210 4240 299 4286 us
344 4226 493 4286 etc.

355 4303 594 4383 Unde,
639 4304 904 4371 obsecro
919 4355 935 4383 ,
991 4303 1298 4388 probabis
1348 4306 1619 4388 neganti
1673 4312 1791 4371 aut
1833 4304 2162 4372 dubitanti

211 4390 357 4458 uod
408 4390 614 4457 dicis:
672 4389 805 4457 Die
845 4395 998 4456 wort
1048 4390 1326 4476 brinyent
1368 4393 1563 4458 anese
1601 4392 1719 4457 mit
1757 4391 1958 4457 inere?
2045 4389 2161 4459 Sic

167 4412 523 4543 {asthma-s
578 4474 767 4542 dicit:
823 4476 908 4543 ab
964 4496 1041 4543 eo
1096 4476 1225 4545 hoc
1277 4475 1585 4560 accepisti
1639 4483 1709 4542 et
1761 4477 2161 4561 proposuisti

168 4563 519 4630 ecclesiae
585 4571 753 4628 tuae.
841 4563 938 4628 At
997 4570 1251 4629 certum
1315 4573 1417 4630 est
1475 4560 1674 4629 verba
1737 4563 1907 4629 nihil
1970 4585 2160 4648 posse

171 4669 387 4733 quam
434 4648 815 4733 significare
858 4655 924 4713 et
968 4648 1396 4731 significando
1431 4646 1681 4730 docere,
1723 4669 1993 4715 monere
2037 4657 2157 4716 cto.

167 4734 394 4802 Nulla
447 4733 655 4800 verba
695 4732 765 4799 in
812 4743 1157 4799 aeternum
1200 4755 1424 4802 secum
1474 4736 1685 4800 ferent
1728 4732 1903 4818 quod
1954 4734 2159 4819 signi-

170 4822 394 4887 ficant
409 4871 431 4900 ,
521 4819 656 4886 nisi
728 4820 987 4903 placeat
1050 4820 1479 4888 incantationi
1541 4819 1786 4904 aliquid
1848 4820 2157 4887 tribuere.

167 4904 411 4973 Valde
474 4902 754 4971 offendit
819 4926 927 4971 me
982 4905 1106 4973 hoc
1162 4904 1412 4972 dictum
1467 4913 1656 4973 tuum
1721 4908 2160 4987 temerarium,

171 4992 299 5060 sed
342 4992 521 5059 nolo
564 4991 646 5057 de
689 5012 766 5057 eo
809 4991 1091 5075 amplius
1132 4991 1484 5077 disputare.

397 5282 476 5351 2)
520 5281 594 5337 In
635 5282 885 5353 οοοσνρὸοιι
926 5282 1151 5353 legitur.-
1208 5281 1300 5337 Sic
1343 5283 1593 5354 papistse
1639 5283 1895 5354 operibus
1936 5288 2164 5354 propter

177 5352 351 5409 fldem
389 5352 662 5408 tribuunt
692 5352 958 5407 iustitiam
988 5352 1218 5422 impure.

1872 429 2035 492 1546
2077 425 2546 494 FEBRUAB.

4080 433 4212 497 294

2430 614 2657 682 Uteris
2697 631 2850 679 cum
2890 610 3039 678 aliis
3070 612 3272 679 verbo
3312 613 3690 697 exhibendi,
3724 615 3831 683 cui
3874 614 4005 682 nisi
4048 615 4213 682 adii·

2255 698 2391 768 cias
2449 700 2650 765 aliam
2713 699 3185 782 expositionem
3198 750 3215 780 ‚
3279 721 3617 784 nunquam
3661 701 3967 785 probabis
4022 703 4076 768 si
4174 724 4215 769 a

2256 785 2571 853 exhibere
2611 783 2782 868 quod
2826 783 3220 867 significant.
3307 787 3404 852 At
3444 786 3798 854 exhibendi
3852 806 3981 852 vox
4112 788 4213 853 hi-

2255 872 2452 939 betur
2495 878 2568 937 ut
2619 869 2956 954 expositio.
3047 868 3381 952 Quorsum
3433 874 3720 957 pertinet
3772 874 4215 957 expositiones

2258 957 2403 1024 aliis
2467 954 2980 1041 expositionibus
3049 955 3429 1023 illustrare?
3538 958 3687 1024 Nisi
3759 958 3936 1024 enim
4003 958 4214 1025 dicas:

2257 1041 2571 1123 Exhibet,
2613 1040 2683 1108 id
2727 1048 2846 1119 est,
2903 1048 3192 1123 renovat,
3238 1051 3357 1108 aut
3396 1043 3610 1109 simile
3652 1043 4006 1129 quidpiam,
4051 1065 4214 1128 quo-

2257 1128 2450 1195 modo
2491 1128 2800 1213 probabis
2843 1135 3329 1194 sacramentum
3371 1127 3684 1195 exhibere
3718 1151 3856 1196 rem
3894 1131 4219 1215 significa·

2257 1220 2411 1295 tam,
2458 1234 2693 1298 corpus
2736 1221 2805 1279 et
2844 1213 3281 1298 sanguinem?
3363 1215 3547 1299 Ergo
3588 1217 4104 1282 instrumentum
4147 1226 4218 1283 et

2257 1320 2594 1485 35:¹33
2642 1300 4217 1471 “itufffflss‘ssnssfflssaqffid⁸2ig¹3ffissss¹3

2258 1472 2412 1537 Non
2455 1492 2634 1536 emm
2678 1471 2954 1538 exhibeo
2996 1471 3169 1553 quod
3221 1492 3359 1537 non
3417 1472 3657 1538 habeo:
3713 1473 3992 1539 exhibeo
4049 1493 4218 1557 quae

2260 1558 2490 1623 habeo.
2598 1558 2712 1623 An
2777 1576 2936 1624 vero
3000 1555 3319 1633 dicemu3‚
3399 1559 3776 1624 ministrum
3854 1557 4213 1626 exhibere?

2260 1642 2434 1709 Vide
2468 1641 2632 1726 quid
2674 1640 2757 1708 de
2789 1642 3171 1709 huiusmodi
3205 1642 3577 1711 doctoribus
3612 1644 3785 1710 dicat
3807 1646 4219 1730 Augustinus

2259 1735 2547 1796 tractatu
2589 1729 2660 1793 in
2703 1729 3021 1794 Ioannem
3066 1734 3124 1794 5.

2435 1814 2718 1881 Caetera
2753 1814 2903 1880 nolo
2962 1821 3269 1881 excutere
3329 1813 3728 1899 diligentius.
3817 1817 3926 1882 Ex
3971 1815 4075 1881 his
4113 1815 4218 1881 in-

2261 1899 2508 1985 telligis
2571 1899 2887 1967 iudicium
2944 1921 3166 1967 meum
3235 1900 3318 1966 de
3371 1902 3505 1967 tuis
3560 1921 3677 1974 sex
3730 1901 4217 1986 quaestionibus

2262 2006 2426 2069 quas
2469 1986 2678 2052 editas
2718 1985 2980 2053 nollem.
3067 1989 3169 2053 Ac
3213 1985 3439 2051 hortor
3482 1994 3552 2051 te
3595 1993 3670 2052 ut
3713 1987 3884 2072 apud
3931 1997 3997 2053 te
4039 2008 4113 2053 co
4165 1988 4217 2039 ‘-

2261 2078 2364 2137 tes
2408 2072 2731 2155 quomodo
2788 2072 2996 2141 errori
3050 2071 3372 2139 medearis
3430 2108 3514 2121 --
3556 2111 3641 2120 ——
3686 2110 3769 2122 —
3811 2109 3899 2122 —
3937 2077 4040 2140 20.
4147 2095 4216 2140 e-

2259 2156 2511 2224 bruarii
2561 2162 2744 2224 1546.

3396 2243 3827 2329 Bullingerus
3870 2251 4040 2311 tuus.

3040 2485 3451 2497 *1——u—

3162 2652 3304 2724 771.

2745 2789 3217 2859 OALVINUS
3260 2789 3724 2858 FARELLO.

2440 2944 2691 3012 Turbas
2736 2946 3031 3013 Neoeomi
3071 2946 3325 3013 sedatas
3367 2946 3429 3010 ei
3464 2946 3848 3030 yratulatur.
3934 2944 4040 3011 De
4084 2945 4217 3012 Im-

2250 3033 2571 3115 peratoris
2612 3031 2875 3099 insidiis
2917 3037 3209 3098 constans
3240 3050 3457 3098 rumor
3488 3036 3546 3098 et
3585 3032 3731 3099 inde
3764 3032 4041 3100 civitatis
4081 3052 4217 3100 am-

2262 3119 2458 3203 biyua
2513 3119 2797 3184 conditio.
2890 3117 3068 3184 Petri
3125 3118 3418 3184 Ameana·
3465 3137 3660 3185 eausa
3722 3120 3855 3184 iam
3909 3119 3981 3185 in
4020 3121 4217 3202 peius

2261 3207 2542 3271 vertitur.
2639 3202 2925 3271 Parisiis
2967 3225 3160 3270 novae
3188 3205 3716 3287 persequutiones.

2264 3377 2380 3442 (Ex
2415 3375 2754 3445 autographo
2798 3374 2929 3430 Cod.
2981 3373 3185 3429 Genev.
3235 3372 3339 3429 106
3396 3374 3489 3428 fol.
3526 3371 3645 3439 157,
3716 3372 4051 3428 Contulimus
4086 3393 4119 3428 a

2261 3444 2474 3567 mg&
2507 3444 2785 3526 Turretini
2819 3443 2951 3498 Cod.
2990 3442 3109 3511 111,
3155 3442 3249 3497 fol.
3278 3417 3401 3525 2539,
3448 3443 3728 3524 Bernense
3772 3442 3914 3514 Epp.
3953 3444 4076 3501 VII.
4145 3443 4216 3499 54

2264 3520 2322 3568 et
2396 3514 2576 3568 imleri
2621 3512 2747 3566 Vol.
2793 3510 2879 3567 59.
2952 3514 3101 3579 Quae
3144 3527 3330 3565 omma
3502 3529 3579 3565 un
3619 3512 3879 3566 mendosa
3925 3519 4054 3568 sunt
4096 3515 4212 3568 scil.

2262 3598 2332 3636 ex
2367 3599 2475 3636 uno
2511 3582 2810 3651 eodemque
2844 3582 2996 3636 fonte
3031 3580 3312 3635 Turretini
3385 3581 3608 3634 erivata.
3662 3582 3893 3651 Anglice
3926 3598 4086 3637 versa
4118 3582 4215 3637 ha·

2787 3652 2950 3705 betur
2983 3651 3042 3704 in
3076 3649 3207 3705 edit.
3241 3649 3442 3703 Edinb.
3475 3648 3548 3703 11.
3581 3646 3694 3719 20.)

2264 3839 2532 3905 Eximio
2553 3838 2826 3905 Domini
2860 3838 3071 3904 nostri
3112 3838 3269 3904 Iesu
3303 3837 3558 3903 Christi
3598 3859 3791 3905 servo
3828 3838 3912 3905 G.
3949 3838 4218 3906 Farello

2263 3925 2732 3992 Neocomensis
2787 3923 3096 3990 ecclesiae
3158 3923 3289 3990 fido
3345 3923 3596 4007 pastori
3651 3924 3841 3990 fratri
3905 3935 3973 3991 et
4035 3946 4217 4011 sym-

2913 4018 3170 4096 mystae
3212 4009 3564 4076 carissimo.

2439 4146 2511 4214 S.
2577 4145 2897 4214 Gratulor
2939 4144 3060 4211 tibi
3109 4144 3472 4229 plurimum
3528 4152 3596 4211 et
3650 4144 3836 4212 vobis
3890 4147 4213 4230 omnibus,

2265 4235 2396 4300 imo
2441 4241 2511 4298 et
2551 4232 2740 4298 nobis
2782 4239 2851 4297 et
2891 4231 3012 4297 toti
3066 4230 3375 4298 ecclesiae
3419 4229 3671 4296 Christi
3689 4282 3704 4308 ,
3760 4231 3937 4315 quod
3978 4231 4213 4298 Domi-

2265 4342 2392 4386 nus
2436 4316 2764 4402 improbos
2806 4314 3170 4385 cohibendo
3213 4317 3439 4382 turbas
3483 4337 3710 4383 omnes
3753 4339 3839 4384 ex
3880 4318 4212 4402 insperato

2264 4405 2537 4473 sedavit.
2566 4407 2616 4476 ¹)
2716 4404 2969 4470 Viretus
2986 4406 3044 4482 2)
3096 4403 3230 4468 iam
3272 4422 3380 4467 me
3419 4409 3771 4487 rogaverat
3810 4410 3904 4482 ut,
3950 4405 4006 4470 si
4049 4425 4214 4487 opus

2263 4499 2438 4559 esset
2478 4499 2707 4556 nostra
2736 4489 3133 4574 praesentia,
3187 4487 3272 4554 ad
3304 4509 3536 4555 omnes
3578 4488 3888 4555 articulos
3941 4498 4215 4573 paratus

2282 4663 2412 4718 771.
2450 4663 2510 4731 1)
2541 4667 2767 4744 propter
2799 4660 3101 4741 electionem
3145 4660 3278 4714 οιουι·
3323 4660 3570 4727 pastoris
3613 4663 3783 4714 ονεσι.
3858 4658 4076 4740 ‚Laetum
4122 4658 4213 4716 λᾶι

2262 4740 2833 4857 magedebebgm
2875 4727 3471 4881 qumqfwest
3513 4802 3579 4851 ut
3614 4796 3871 4852 Fanum
3913 4799 3976 4877 ιὀο
4016 4802 4215 4881 senapis

2260 4871 2551 4926 audiretur
2582 4875 2631 4923 et
2670 4867 3027 4928 Νιοοοοιοιιοιο
3066 4867 3234 4923 dass·
3280 4866 3455 4935 (quod
3490 4865 3766 4934 poculum-o
3811 4871 4016 4933 sor-pto
4044 4871 4213 4935 pem-

2260 4947 2381 4994 mt=
2418 4939 2871 4992 Remonstrances
2903 4952 3001 4991 sur
3032 4936 3086 4989 le
3119 4935 3222 4989 fait
3254 4935 3323 4988 de
3357 4934 3627 4990 l’election
3671 4933 3796 4987 d'un
3831 4933 4079 4988 ministre
4115 4934 4212 5004 qni

2263 5008 2494 5091 succede
2528 5006 2563 5060 ὀ,
2593 5007 2725 5089 Iean
2758 5005 3147 5087 Chaponneau)
3183 5004 3366 5059 elccub
3394 5005 3808 5072 permitteretur.
3885 5002 4038 5085 ροισι
4068 5019 4212 5088 unq·

2261 5073 2855 5213 gammara
2898 5157 3027 5197 mox
3059 5140 3113 5223 d:
3151 5088 3244 5195 13.ι
3272 5140 3480 5196 Martii
3520 5156 3560 5194 σ
3593 5139 3964 5196 Βινιοιιοιῶοιι
3997 5087 4211 5198 ὦ

2261 5229 2399 5269 sum.
2472 5212 2723 5281 (Ructat
2754 5211 2826 5267 V.
2860 5209 2981 5278 299,
3028 5207 3374 5277 Kzrclnloofer,
3417 5208 3489 5265 11.
3523 5207 3610 5262 81.
3684 5208 3768 5272 Or.
3807 5208 4090 5266 Fanum
4121 5212 4209 5266 δοι-

2258 5283 2359 5353 fra
2392 5280 2626 5421 N.²3173.
2676 5348 2798 5405 762·

2631 5391 2644 5405 ’
3697 5429 3795 5485 19·
