4825 6175
659 453 784 516 687

1483 634 1640 705 1⁰11
1657 637 1773 703 bis.

1149 789 1627 858 'POSSANUS
1674 789 2109 859 CALVINO.

545 950 550 955 ⁶
659 966 869 1030 (Talem
907 966 1192 1034 epistolam
1228 964 1282 1016 d.
1318 962 1403 1017 28.
1439 962 1594 1033 April
1631 960 1768 1016 1548
1812 963 1992 1016 datam
2042 963 2098 1016 in
2144 980 2243 1016 sua
2286 963 2606 1017 collectione

959 1034 1115 1088 nobis
1151 1036 1368 1103 negata,
1386 1037 1601 1086 exstare
1636 1032 1940 1086 affirmabat
1973 1032 2306 1097 Sarravius.)

1531 1560 1715 1632 1⁰12.

653 1716 1120 1786 CALVINUS
1198 1714 1680 1783 MINIS'JJRIS
1760 1711 2600 1783 LAUSANNENSIBUS

1211 1819 1330 1884 ΕΤ
1372 1817 1624 1884 BERN
1626 1816 2043 1885 ENSJBUS.

827 1990 1385 2056 Lausannensibus
1440 1989 1725 2054 Bemam
1784 1989 2081 2070 profectis
2144 1989 2362 2072 fusius
2414 2010 2603 2055 suam

652 2077 1018 2143 sententiam
1062 2077 1265 2157 aperit
1313 2077 1388 2141 de
1430 2095 1624 2142 causa
1667 2094 1880 2139 eorum
1920 2075 1992 2139 in
2020 2078 2346 2156 praesenti
2385 2095 2602 2141 rerum

654 2168 825 2229 statu
879 2163 1053 2243 apud
1110 2166 1394 2226 senatum
1443 2161 1709 2245 aycnda.
1828 2159 1959 2228 Gur
2009 2163 2145 2242 ὄρεα
2196 2182 2318 2227 non
2387 2162 2600 2227 codem

656 2249 1052 2329 superveniat
1097 2247 1391 2326 declarat,
1436 2248 1559 2311 iter
1600 2246 1687 2310 ad
1715 2246 2085 2312 Turicenses
2125 2248 2601 2329 suscipiendum

651 2333 886 2412 suadet,
930 2353 998 2398 se
1041 2334 1321 2399 comitem
1362 2331 1732 2415 adfumm
1763 2333 2092 2413 promittit.

656 2504 1078 2574 (Autographon
1115 2521 1222 2557 non
1260 2507 1455 2557 exstat.
1509 2502 1844 2571 contulimus
1881 2509 2115 2573 quatuor
2148 2520 2252 2573 apo
2318 2521 2351 2556 a
2389 2504 2461 2557 ha
2476 2504 2601 2558 Ion-

652 2574 836 2627 villaei
871 2573 1000 2627 Ood.
1039 2572 1241 2626 Genev.
1280 2571 1446 2635 111⁸,
1480 2572 1572 2625 fol.
1607 2569 1692 2634 26,
1729 2572 2007 2653 Turretini
2040 2572 2170 2627 Ood.
2202 2521 2318 2633 lg:
2350 2521 2447 2629 fol.
2488 2572 2603 2641 185,

868 2644 1146 2696 Beruense
1182 2642 1323 2711 Epp.
1362 2641 1485 2694 VII.
1524 2658 1578 2709 p.
1613 2638 1719 2693 520
1753 2648 1812 2693 et
1847 2641 2066 2695 Slmleri
2102 2641 2228 2696 Vol.
2265 2640 2380 2706 66.)

822 2812 1047 2895 Quum
1092 2812 1234 2878 heri
1278 2813 1569 2877 venisset
1613 2810 1928 2877 Merlinas
1957 2812 2005 2897 ¹)
2048 2819 2289 2890 noster,
2343 2814 2601 2878 invenit

648 2922 758 2966 me
798 2901 872 2964 in
916 2899 1081 2965 lecto
1123 2901 1475 2980 iacentem:
1537 2896 1910 2963 laborabam
1955 2919 2039 2964 ex
2083 2898 2302 2964 dolore
2345 2899 2596 2982 capitis.

647 2986 791 3051 Iam
836 2984 1128 3050 triduum
1171 2983 1455 3050 luctatus
1499 3003 1699 3061 eram,
1746 2983 1859 3049 sed
1897 2982 2163 3050 morbus
2198 2983 2466 3050 tandem
2500 2986 2599 3051 vi-

649 3080 846 3140 cerat.
937 3068 1211 3138 Surrexi
1254 3091 1409 3136 mox
1463 3068 1893 3135 nihilominus
1947 3080 2017 3136 et
2069 3070 2395 3155 profectus
2453 3094 2596 3137 sum

649 3158 734 3225 ad
776 3158 1130 3235 consulem,
1152 3160 1208 3234 2)
1253 3177 1448 3240 quem
1493 3153 1703 3240 pridie
1741 3156 2197 3222 intellexeram
2242 3178 2385 3222 esse
2430 3158 2599 3222 'Pur-

646 3246 824 3311 riaci.
845 3243 903 3328 8)
988 3242 1308 3308 Narravit
1349 3263 1419 3307 se
1463 3240 1768 3320 adfuisse,
1788 3242 1850 3326 ⁴)
1907 3251 1974 3307 et
2026 3265 2167 3309 rem
2211 3250 2419 3308 totam
2462 3265 2601 3309 me-

645 3329 778 3395 lius
822 3330 1141 3412 exposuit.
1221 3327 1558 3393 Reversus
1591 3327 1787 3411 paulo
1831 3335 1986 3393 ante
2029 3330 2377 3411 septimam
2421 3329 2601 3394 sensi

648 3416 1093 3498 importunam
1138 3414 1287 3497 equi
1329 3413 1751 3497 agitationem
1795 3423 1864 3478 et
1906 3415 2107 3480 nimis
2147 3416 2414 3499 longam
2456 3416 2599 3479 ine-

649 3501 826 3566 diam
869 3500 1035 3564 mihi
1078 3500 1377 3565 obfuisse.
1443 3499 1676 3580 Itaque
1713 3498 1894 3565 dolor
1929 3522 2035 3564 me
2070 3522 2301 3566 rursus
2335 3501 2598 3580 invasit,

645 3587 762 3658 sed
806 3586 1015 3651 multo
1055 3587 1288 3651 acrius.
1378 3583 1817 3651 Concionatus
1852 3606 2000 3651 sum
2037 3607 2280 3672 magna
2320 3585 2598 3653 difficul-

645 3681 800 3737 tate.
890 3671 1056 3737 Inde
1120 3692 1276 3735 mox
1348 3670 1429 3736 ad
1498 3670 1740 3738 lectum
1795 3674 2102 3738 concessi.
2202 3673 2388 3738 Haec
2452 3672 2598 3738 ideo

637 3760 867 3842 putavi
913 3779 1055 3822 esse
1098 3757 1285 3824 vobis
1325 3756 1695 3834 indicanda,
1754 3766 1829 3821 ut
1863 3759 2189 3824 excusetis
2231 3759 2596 3840 longiorem

636 3864 909 3909 moram.
1001 3843 1261 3909 Videtis
1302 3843 1481 3907 enim
1536 3843 1925 3909 necessitate
1979 3845 2225 3909 factum
2241 3896 2258 3923 ,
2321 3866 2452 3910 non
2494 3845 2595 3927 pi-

636 3931 855 4014 gritia,
901 3937 976 3995 ut
1019 3930 1128 3994 hic
1174 3928 1492 3994 Merlimcs
1550 3927 1741 3995 hodie
1785 3927 2127 3995 desederit.
2217 3930 2593 4007 Caeterum,

636 4015 813 4099 quod
858 4014 942 4081 ad
985 4016 1448 4100 profectionem
1476 4018 1527 4096 ⁸)
1576 4017 1838 4091 attinet,
1893 4017 2195 4098 quamvis
2237 4016 2423 4081 nulla
2466 4016 2594 4079 uti·

639 4102 794 4166 litas
837 4122 908 4167 se
951 4101 1339 4174 ostenderet,
1395 4100 1667 4166 consilio
1724 4108 1949 4167 tamen
1993 4110 2215 4166 vestro
2271 4122 2348 4167 ac
2392 4103 2597 4184 preci-

641 4188 764 4253 bus
821 4207 1074 4252 morem
1129 4206 1360 4270 gerere
1411 4193 1770 4251 statueram
1786 4236 1803 4264 ,
1861 4186 1991 4252 nisi
2047 4188 2289 4271 partim
2340 4186 2597 4253 validae

639 4273 928 4338 rationes
970 4272 1337 4354 permultae
1375 4272 1795 4348 obstitissent,
1836 4274 2074 4355 partim
2119 4272 2459 4339 dissuasus
2500 4293 2598 4338 es-

642 4379 784 4424 sem
819 4378 859 4423 a
900 4358 1217 4424 fratribus
1262 4357 1444 4422 meis.
1532 4357 1784 4423 Consul
1827 4368 2004 4424 certe
2036 4358 2247 4425 modis
2291 4356 2597 4424 omnibus

640 4465 751 4509 me
794 4441 1126 4510 deterrere
1168 4452 1439 4510 conatus
1473 4454 1590 4509 est.
1666 4442 1803 4510 Sed
1837 4444 2006 4509 nulli
2041 4465 2146 4511 me
2179 4451 2599 4512 revocassent

642 4550 685 4593 a
727 4531 1077 4615 proposito,
1121 4530 1251 4602 nisi
1295 4549 1399 4594 res
1441 4530 1586 4612 ipsa
1627 4550 1734 4594 me
1772 4530 2159 4596 retraheret.

645 4707 722 4711 ——.
777 4705 890 4713 ——--—-
913 4706 1054 4712 ——ss

642 4819 823 4874 1012.
851 4818 908 4884 1)
945 4819 1035 4874 Jo.
1090 4818 1287 4890 Raym.
1337 4818 1612 4873 Mcrls‘nus
1663 4820 1778 4886 luit
1830 4820 1929 4876 hoc
1984 4825 2217 4890 tempore
2277 4820 2335 4875 V.
2384 4818 2460 4874 D.
2510 4818 2594 4873 M.

643 4891 915 4944 nescimus
950 4889 1046 4943 ubi
1077 4888 1316 4944 locorum
1350 4889 1414 4943 in
1447 4887 1682 4943 dict-bne
1713 4888 1964 4956 Vadensi,
1996 4895 2189 4959 postea
2216 4888 2420 4944 Batiai
2441 4887 2594 4957 prof.

644 4972 922 5013 successor
954 4957 1017 5011 in
1051 4958 1339 5013 hebraicis.
1411 4956 1666 5024 (Ruchat
1697 4957 1795 5011 IV.
1829 4955 1976 5021 435.)

690 5096 701 5107 ²
851 5025 910 5096 2)
952 5026 1156 5082 lvx-ane.
1171 5026 1522 5096 ‘Neyelimum
1554 5041 1782 5096 quocum
1803 5027 1975 5094 ἱρέων·
1996 5029 2058 5081 in
2088 5027 2330 5097 qratiam
2367 5025 2599 5081 rediisse

640 5094 911 5229 ωᾶωωὲ)
949 5163 1102 5218 lectio
1153 5163 1391 5217 nominas
1441 5163 1635 5231 dubia,
1684 5164 1833 5218 loeus
1883 5166 2142 5220 incertum.
2233 5162 2474 5234 (Thais-y
2521 5117 2603 5218 ad·

646 5232 861 5299 Iuram,
898 5233 958 5285 in
991 5232 1195 5291 finibus
1233 5231 1623 5299 Gaiensiumffi

853 5301 911 5437 δὲ
945 5301 1120 5424 anm
1155 5307 1865 5426 mecaegcgyoedm·

2111 447 2635 515 EPISTOLAE
2688 452 2839 514 1011
2860 447 3217 515 bis—1014

4519 458 4633 523 688

2884 637 3053 702 Heri
3095 637 3437 722 appulistis
3480 638 3800 719 Bernam,
3846 646 4162 724 quantum
4215 660 4302 705 ex
4346 652 4639 726 supputa·

2711 724 2889 789 tione
2943 723 3254 807 temporis
3312 723 3563 809 colligo.
3659 724 3877 791 Hodie
3931 746 4059 790 non
4119 725 4344 792 dubito
4400 729 4641 811 privata

2711 810 2913 874 fuisse
2955 808 3291 893 colloquia.
3378 809 3545 876 Cras
3604 810 3859 893 publice
3910 811 4158 895 aliquid
4214 813 4325 897 agi
4370 813 4634 898 incipiet.

2711 895 2818 959 Ita
2870 915 3003 959 non
3061 903 3359 978 poteram
3428 896 3556 960 nisi
3613 916 3687 960 re
3741 897 4033 962 confecta
4083 900 4254 964 istuc
4312 900 4638 983 appellere.

2709 981 2865 1046 Huc
2909 979 3161 1046 accedit
3201 979 3385 1063 quod⁴
3413 982 3515 1046 in·
3538 983 3757 1065 priore
3812 991 4080 1048 senatus
4120 985 4420 1050 consulto
4437 984 4487 1070 ⁶)
4527 1007 4639 1052 vos

2709 1087 2963 1149 quoque
3005 1067 3165 1131 estis
3206 1065 3675 1150 comprehensi.
3762 1068 3933 1133 Nam
3978 1070 4344 1151 promiscue
4398 1070 4474 1135 de
4514 1070 4643 1137 fra-

2708 1152 2920 1218 tribus
2964 1152 3208 1217 nostris
3270 1150 3545 1231 Sulscw,
3604 1153 3807 1220 Beato
3862 1161 3930 1219 et
3987 1152 4271 1221 Conrado
4330 1156 4643 1240 simulque

2709 1237 2790 1303 de
2831 1238 3014 1304 vobis
3050 1236 3382 1304 decretum
3419 1246 3521 1304 est
3552 1247 3649 1318 ut,
3686 1239 3813 1304 nisi
3849 1239 4187 1304 fateamini
4221 1261 4340 1306 vos
4382 1264 4642 1322 errasse,

2709 1322 2789 1390 de
2845 1324 3206 1389 ministerio
3265 1323 3654 1390 abdioemini
3769 1325 3919 1391 Hoc
3971 1325 4245 1407 perinde
4299 1328 4536 1410 accipio
4567 1349 4643 1394 ac

2708 1409 2764 1475 si
2817 1410 2952 1475 iam
3008 1409 3445 1476 abdicassent:
3519 1408 3804 1476 conditio
3867 1412 4042 1476 enim
4109 1411 4331 1477 addita
4393 1413 4645 1480 nullum

2707 1493 2882 1578 apud
2938 1494 3190 1560 Christi
3255 1515 3481 1561 servos
3536 1494 3754 1561 locum
3805 1495 4023 1562 habet.
4120 1496 4183 1562 N
4183 1520 4315 1565 unc
4371 1499 4645 1583 cogitate

2706 1601 3025 1663 quaenam
3091 1601 3233 1646 esse
3295 1589 3572 1664 possunt
3635 1602 3820 1647 meae
3884 1588 4104 1664 partes
4155 1584 4239 1648 ad
4294 1583 4644 1651 flectendos

2706 1667 2978 1732 animos.
3065 1667 3297 1733 Potius
3339 1667 3475 1732 solo
3517 1676 3787 1749 aspectu
3832 1669 4042 1751 magis
4083 1669 4500 1737 inmabo
4541 1692 4646 1736 eo-

2705 1772 2856 1817 rum
2906 1752 3155 1818 rabiem
3198 1773 3397 1835 quam
3441 1751 3597 1818 ullis
3652 1752 4127 1820 monitionibus
4170 1756 4468 1821 homines
4510 1764 4648 1822 tam

2706 1837 2875 1902 male
2938 1839 3208 1922 gratiosi
3287 1837 3691 1922 mitigentur.
3811 1837 4069 1905 Deinde
4145 1841 4331 1906 abest
4402 1842 4645 1922 consul,

2705 1924 2892 1989 cuius
2957 1923 3305 2006 praecipue
3361 1944 3557 2006 opera
3611 1924 3921 1989 sustineri
3985 1946 4184 1991 causa
4248 1925 4458 1993 debet.
4546 1927 4646 1993 Eo

2705 2008 2977 2073 absente
3020 2018 3315 2074 extrema
3365 2007 3655 2074 remedia
3709 2010 3948 2074 tentari
4006 2032 4141 2076 non
4194 2011 4457 2078 videtur
4470 2032 4483 2095 j
4496 2034 4647 2078 con-

2698 2093 2971 2159 sultum.
3060 2094 3276 2159 Video
3317 2095 3472 2177 quid
3515 2096 3602 2159 sit
3652 2096 3724 2159 in
3764 2116 3951 2161 mora
4003 2096 4308 2179 periculi:
4365 2098 4537 2164 forte
4576 2099 4649 2163 in

2703 2180 2916 2246 locum
2961 2187 3255 2246 vestrum
3299 2180 3494 2263 paulo
3548 2188 3698 2262 post
3749 2181 4285 2265 subrogabantur
4327 2183 4459 2249 alii.
4547 2184 4652 2249 Ita

2705 2265 3045 2348 praeclusa
3086 2264 3273 2331 nobis
3315 2267 3429 2331 via
3470 2266 3614 2332 erit.
3703 2266 3957 2332 Verum
4000 2269 4308 2351 expensis
4350 2269 4651 2335 omnibus

2704 2350 2874 2416 nihil
2916 2353 3126 2435 magis
3169 2349 3477 2433 expedire
3519 2351 3732 2418 iudico
3775 2374 3973 2435 quam
4017 2366 4095 2418 ut
4134 2376 4310 2422 nunc
4354 2366 4651 2420 constan-

2704 2445 2806 2502 ter
2860 2436 3304 2520 respondeatis
3320 2487 3335 2512 ‚
3399 2437 3583 2502 vobis
3636 2434 3844 2520 pluris'
3899 2458 4041 2504 esse
4101 2441 4228 2505 Dei
4284 2441 4651 2519 veritatem,

2704 2524 2893 2588 cuius
2936 2523 3093 2588 estis
3135 2523 3440 2601 ministri,
3485 2543 3681 2606 quam
3739 2532 4125 2608 suggestum
4168 2526 4386 2609 ipsum
4430 2538 4499 2591 et
4543 2526 4653 2591 do-

2704 2607 2894 2674 cendi
2951 2607 3334 2673 mercedem.
3424 2608 3646 2673 Velim
3701 2616 3926 2674 tamen
3986 2608 4283 2677 adhiberi
4338 2612 4656 2678 orationis

2705 2693 3128 2759 delinimenta
3171 2714 3342 2776 quae
3382 2696 3686 2759 efferatos
3726 2695 3981 2760 animos
4036 2694 4121 2760 ad
4173 2697 4657 2763 humanitatem

2702 2779 2986 2863 aliquam
3029 2778 3337 2845 alliciant.
3427 2779 3564 2846 Sed
3607 2781 3871 2865 ineptus
3916 2801 4062 2846 sum
4102 2781 4174 2846 in
4216 2781 4343 2849 hoc
4381 2783 4655 2849 consilio

2702 2863 2939 2944 dando,
2982 2864 3504 2948 quandoquidem
3546 2867 3674 2931 ieta
3716 2868 3973 2932 actione
4006 2888 4127 2932 vos
4160 2868 4292 2933 iam
4328 2888 4472 2934 esse
4507 2888 4656 2953 per-

2701 2951 2953 3016 functos
2997 2950 3303 3016 credibile
3346 2959 3463 3017 est.
3529 2950 3740 3034 Spero
3785 2958 4009 3018 autem
4044 2954 4205 3018 satis
4239 2953 4458 3021 adhuc
4494 2964 4657 3020 tem·

2702 3036 3034 3121 pestivum
3086 3036 3223 3103 fore
3277 3036 3640 3103 remedium
3655 3089 3671 3118 ,
3746 3039 3801 3103 si
3871 3038 4112 3106 classes
4165 3059 4394 3106 omnes
4408 3093 4424 3119 ,
4490 3060 4660 3125 quas

2703 3142 2982 3208 regnum
3038 3121 3296 3189 Christi
3348 3124 3606 3189 salvum
3663 3132 3730 3188 et
3781 3124 4107 3191 incolume
4163 3147 4306 3192 esse
4363 3128 4659 3210 cupiunt,

2703 3207 2942 3275 adeant
2983 3215 3302 3287 senatum,
3320 3210 3379 3293 ⁷)
3438 3209 3890 3276 demonstrent
3942 3231 4137 3295 quam
4190 3212 4390 3278 noxia
4432 3213 4659 3278 futura

2704 3294 2790 3361 sit
2829 3301 3056 3360 vestra
3108 3292 3446 3362 abdicatio.
3535 3296 3686 3361 Non
3741 3317 4055 3362 enumero
4110 3298 4443 3382 sigillatim
4486 3319 4655 3382 quae

2702 3393 2860 3447 tunc
2903 3379 3295 3464 explicanda
3337 3390 3560 3447 erunt:
3604 3382 3824 3466 capita
3867 3391 4125 3447 tantum
4170 3383 4445 3467 attingo.
4542 3384 4652 3449 In·

2701 3476 2884 3532 terea
2917 3468 3333 3550 experiemur
3376 3466 3549 3551 apud
3592 3468 3964 3552 Tigurinos,
4011 3489 4173 3533 num
4215 3490 4486 3552 prorsus
4524 3471 4656 3536 sint

2699 3551 3117 3618 insanabiles.
3208 3551 3403 3633 Quod
3457 3555 3515 3619 si
3569 3552 3726 3636 quid
3783 3553 4225 3637 proficiemus,
4286 3573 4406 3620 sua
4447 3556 4654 3621 inter-

2698 3637 3051 3721 pellatione
3092 3638 3403 3723 frangent
3455 3639 3799 3705 adversam
3843 3647 4115 3723 partem.
4203 3640 4388 3706 Haec
4432 3642 4654 3707 omnia

2700 3722 2897 3788 simul
2939 3723 3193 3807 agenda
3234 3734 3448 3790 erunt.
3536 3725 3770 3808 Itaque
3813 3725 4280 3791 maturandum
4324 3726 4469 3805 erit,
4532 3726 4653 3793 hoc

2700 3816 2820 3887 est,
2867 3810 2921 3874 si
2967 3809 3158 3874 aliter
3211 3809 3522 3876 acciderit
3574 3830 3770 3893 quam
3828 3820 4132 3894 optamus
4149 3863 4163 3888 ,
4217 3818 4296 3876 ut
4353 3810 4651 3877 condicto

2701 3893 2807 3960 die
2850 3894 3293 3977 colloquamur
3332 3897 3510 3962 inter
3560 3918 3679 3963 nos
3736 3910 3803 3962 et
3857 3896 4240 3980 priusquam
4296 3918 4369 3962 se
4412 3897 4652 3965 classes

2699 3981 3124 4064 interponant
3165 3982 3486 4066 Tigurum
3527 3982 4036 4065 proficiscamur.
4061 3986 4112 4065 ⁸)
4207 3982 4285 4049 si
4330 4005 4370 4048 a
4404 3984 4651 4068 Tiguro

2700 4066 2872 4131 nihil
2915 4067 3057 4149 opis
3099 4068 3243 4147 erit,
3293 4066 3462 4133 unde
3506 4068 3749 4151 prodiit
3791 4067 4056 4148 malum,
4101 4090 4221 4134 nos
4255 4077 4479 4134 tamen
4520 4090 4652 4135 non

2701 4151 3075 4218 desinemus
3131 4152 3302 4235 quod
3359 4154 3484 4218 erit
3535 4154 3732 4221 officii
3789 4154 3999 4220 nostri
4054 4164 4413 4239 praestare.
4518 4154 4651 4221 Sed

2698 4258 2846 4303 meo
2905 4238 3142 4304 iudicio
3203 4238 3383 4305 hunc
3435 4240 3941 4324 syncretismum
3999 4261 4381 4325 componere
4446 4238 4649 4328 [opor-

2699 4321 2857 4411 tots]
2905 4325 3283 4408 priusquam
3336 4326 3656 4391 actionem
3710 4326 4209 4410 aggrediamur,
4263 4345 4430 4410 quae
4487 4327 4651 4392 mul·

2699 4416 2844 4474 tum
2889 4410 3264 4476 exulcerare
3308 4410 3554 4476 vulnus
3594 4421 3812 4493 posset
3853 4411 4034 4476 nullo
4078 4411 4388 4496 profectu.

2871 4495 3181 4560 Pluribus
3224 4517 3332 4561 me
3375 4517 3507 4562 non
3549 4517 3818 4576 excuse,
3876 4499 4266 4581 praesertim
4309 4497 4484 4581 apud
4532 4520 4645 4565 vos

2699 4580 2810 4663 qui
2854 4580 3149 4645 animum
3193 4603 3414 4648 meum
3456 4583 3710 4648 tenetis.
3800 4580 4019 4664 Quam
4061 4605 4195 4650 non
4249 4583 4504 4669 fugiam
4548 4586 4644 4649 in·

2905 4820 2938 4874 6
3004 4821 3055 4874 ἀ.
3091 4821 3177 4874 24.
3309 4836 3354 4874 r.
3416 4826 3552 4877 acto.

2906 4825 2967 4954 73
3005 4821 3307 4944 Hanania?
3334 4820 3540 4958 pfmo
3587 4890 3692 4945 hac
3742 4889 3974 4958 epistola
4018 4904 4154 4943 usus
4198 4905 4313 4944 non
4347 4889 4489 4946 vidit
4532 4906 4644 4945 ean

2701 4960 2945 5013 Boram
2979 4962 3202 5013 missam
3243 4959 3419 5024 fuisse
3604 4959 3820 5013 Virmn
3864 4964 3915 5012 et
3963 4958 4213 5012 Valerius
4255 4960 4371 5020 iam
4413 4957 4645 5029 profecti

2700 5033 2872 5093 erant,
2908 5034 2959 5081 et
2991 5028 3252 5082 hactenus
3457 5035 3571 5081 ium
3612 5025 3836 5081 Calvina·
3864 5028 4005 5082 male
4036 5027 4315 5082 intellexit.

2906 5095 2966 5164 8)
3002 5095 3091 5149 De
3122 5097 3223 5150 hoc
3254 5096 3448 5150 itinere
3480 5097 3772 5166 scriptores
3803 5111 3917 5150 non
3950 5097 4325 5160 consensuum
4360 5111 4461 5150 sec.
4485 5096 4641 5151 Hun-

2700 5163 2847 5218 desh.
2878 5183 2935 5234 p.
2979 5163 3084 5218 213
3136 5162 3399 5219 Calvinus
3443 5181 3577 5219 casu
3615 5166 3805 5235 potius
3846 5180 4011 5235 quam
4057 5164 4123 5219 de
4165 5164 4449 5219 industria
4494 5166 4642 5220 Las·

2700 5235 3065 5289 sanmsssms
3109 5236 3348 5289 comitem
3394 5249 3453 5288 se
3496 5249 3610 5289 non
3654 5233 3877 5290 addidit
3918 5249 4084 5304 quam
4125 5241 4252 5301 post
4299 5234 4642 5290 Pes-neom

2693 5302 3167 5438 ιίγνῶοιξοιεσῖεπίιιν
3199 5302 3494 5427 w3
3529 5318 3628 5358 sec.
3671 5302 3897 5358 Kirehh.
3927 5318 3983 5372 p.
4018 5300 4089 5356 92
4122 5301 4307 5371 adflat
4338 5319 4384 5358 c.
4411 5302 4640 5359 Fas-eus

2879 5388 2940 5425 m
2999 5388 3034 5426 a
3067 5386 3165 5427 suo
3316 5411 3330 5425 .
