4825 6175
654 433 777 497 527

653 641 785 686 666
829 621 896 684 16
943 627 1100 696 1616,
1156 627 1378 684 tamen
1431 619 1504 683 in
1559 625 1747 701 parte
1792 638 2019 683 verum
2079 625 2250 692 erat,
2306 615 2600 700 plerique

653 705 815 773 adeo
854 706 981 771 sibi
1021 706 1261 770 timent
1314 716 1389 769 ut
1433 711 1586 769 ante
1638 703 2003 787 periculum
2062 710 2294 785 parent
2349 703 2597 786 fugam.

650 792 906 857 Vereor
948 811 1106 856 6666
1163 812 1247 855 66
1290 790 1708 874 dispergatur
1762 789 1922 854 haec
1977 797 2199 854 nostra
2241 787 2600 866 ecclesiola,

650 878 999 959 futuraque
1042 877 1130 942 sit
1172 874 1565 960 vagabunda
1599 895 1718 957 per
1761 876 2002 951 orbem,
2049 872 2598 956 quemadmodum

651 984 733 1028 ex
779 962 1057 1027 diversis
1099 962 1256 1026 locis
1300 970 1366 1025 et
1409 960 1782 1044 regionibus
1831 968 2225 1044 congregata
2266 959 2408 1023 fuit.
2499 960 2599 1022 'I'u

650 1049 912 1132 magnis
953 1068 1105 1113 cum
1141 1044 1472 1112 laboribus
1507 1045 1690 1111 illam
1735 1045 2062 1128 plantasti,
2109 1064 2231 1131 ego
2276 1064 2434 1109 vero
2470 1063 2601 1107 una

651 1155 801 1200 6616
843 1132 989 1197 61116
1043 1153 1179 1196 666
1223 1132 1365 1197 6166
1416 1132 1677 1216 magnis
1733 1130 2079 1197 sudoribus
2123 1130 2413 1215 irrigavi.
2507 1133 2601 1194 At

651 1220 815 1284 haec
859 1219 1081 1283 omnia
1122 1217 1216 1281 nil
1260 1225 1417 1282 sunt
1461 1217 1586 1281 nisi
1608 1215 1934 1281 Dominus
1978 1218 2451 1282 incrementum
2488 1215 2600 1281 de-

652 1303 839 1369 derit.
929 1302 1069 1369 Ora
1112 1304 1331 1387 igitur,
1380 1313 1562 1384 pater
1598 1303 1706 1378 mi,
1753 1309 1828 1365 ut
1863 1301 2189 1367 Dominus
2232 1310 2596 1378 conservet,

650 1391 897 1465 foveat,
958 1402 1199 1473 augeat
1250 1397 1445 1470 atque
1499 1389 1875 1453 corroboret
1931 1384 2101 1469 quod
2158 1386 2475 1470 plantasti
2534 1398 2601 1450 61

648 1496 901 1540 1661661
944 1483 1081 1539 6616
1125 1475 1332 1538 nostri
1375 1474 1445 1538 in
1492 1474 1613 1537 hac
1656 1483 1842 1537 tanta
1876 1471 2243 1538 afflictione.
2335 1474 2598 1538 Rescri-

648 1560 805 1639 bito,
850 1559 1142 1634 obsecro,
1203 1580 1333 1624 666
1395 1573 1528 1623 1616
1589 1557 1670 1623 611
1716 1579 1820 1622 me
1863 1579 2060 1641 quam
2107 1557 2188 1623 ad
2234 1557 2404 1623 hanc
2448 1580 2595 1622 nos·

649 1659 821 1711 tram
866 1644 1272 1711 ecclesiolam
1307 1665 1474 1727 quae
1508 1645 1575 1708 16
1602 1664 1838 1728 magno
1862 1643 2236 1710 discrimine
2278 1653 2596 1720 versatur,

649 1732 772 1799 hoc
814 1732 1227 1813 potissimum
1271 1739 1584 1812 tempore:
1642 1740 2010 1811 compatere
2067 1730 2350 1795 afflictae
2393 1729 2597 1795 eccle-

647 1818 802 1891 siae,
848 1817 905 1882 si
949 1814 1317 1880 membrum
1351 1815 1491 1881 eius
1526 1837 1614 1892 es,
1651 1824 1729 1879 ut
1773 1837 1845 1879 re
1890 1816 2033 1898 ipsa
2075 1837 2162 1893 es,
2210 1816 2595 1897 praesertim

646 1905 706 1967 ei
745 1922 941 1985 quam
983 1922 1131 1968 cum
1177 1910 1358 1965 tanto
1415 1899 1653 1965 sudore
1711 1900 2050 1982 plantasti.
2143 1901 2358 1965 Visita
2401 1909 2596 1983 atque

646 1988 981 2055 consolare
1023 2008 1168 2052 eam
1225 1987 1358 2051 tuis
1416 1987 1639 2051 literis.
1725 1985 2022 2063 Instrue,
2079 1986 2267 2062 doce,
2324 1986 2483 2069 quid
2527 1988 2593 2050 in

645 2072 770 2140 hac
816 2082 1001 2137 tanta
1044 2070 1417 2137 confusione
1452 2093 1693 2149 rerum,
1739 2073 1806 2135 in
1844 2070 1965 2137 hoc
2000 2079 2184 2136 tanto
2220 2070 2596 2138 discrimine

647 2158 977 2243 agendum
1022 2159 1126 2234 sit,
1171 2170 1246 2222 ut
1287 2157 1393 2221 vel
1451 2158 1544 2222 sic
1584 2165 1885 2241 vegetata
1941 2165 2140 2241 atque
2182 2156 2598 2223 corroborata

645 2243 1237 2329 persequutionem,
1282 2261 1551 2307 manum
1578 2243 1847 2308 Domini
1893 2254 1959 2307 et
2038 2243 2376 2320 ericulum,
2424 2240 2596 2325 quod

645 2328 863 2395 adhuc
908 2329 1098 2404 latet,
1164 2327 1366 2393 donec
1423 2329 1692 2410 patefiat
1746 2337 2004 2410 praesto
2033 2338 2195 2392 6161.
2286 2327 2591 2393 Nondum

646 2417 821 2480 enim
867 2436 1069 2497 usque
1252 2414 1636 2497 sanguinem
1683 2414 2074 2489 restitimus,
2134 2422 2201 2478 et
2254 2435 2401 2479 6666
2460 2414 2592 2477 1616

644 2501 817 2566 11666
859 2521 1012 2583 11616
1056 2507 1244 2582 116161
1294 2499 1545 2582 fugam,
1603 2499 2103 2582 1161161161611112)
2164 2520 2296 2563 non
2357 2518 2590 2581 parum

646 2587 808 2652 haec
850 2594 1076 2649 nostra
1110 2584 1396 2662 ecclesia,
1442 2584 1614 2666 quod
1660 2606 1854 2668 aegre
1897 2584 2053 2650 fere.
2137 2586 2245 2663 At,
2287 2585 2596 2667 inquiunt

643 2672 773 2750 1111,
832 2692 962 2736 666
1007 2681 1109 2735 661
1163 2669 1567 2734 16666611616
1623 2690 1775 2735 6661
1828 2669 2125 2734 hostibus
2171 2671 2381 2747 verbi,
2440 2690 2593 2735 cum

643 2757 749 2821 his
790 2758 899 2839 661
946 2755 1211 2822 Christo
1247 2754 1441 2820 fidem
1488 2763 1830 2838 negarunt,
1875 2755 1989 2837 qui
2031 2757 2202 2837 pacti
2247 2763 2402 2820 suut
2444 2776 2593 2821 cum

642 2842 833 2908 hoste
876 2843 946 2906 in
989 2842 1210 2906 fratris
1239 2841 1612 2923 perniciem,
1657 2840 2042 2922 praesertim
2078 2862 2277 2922 quum
2313 2861 2443 2926 non
2480 2840 2591 2905 de-

644 2929 781 2994 sint
823 2927 966 2992 1666
1020 2926 1147 2991 6116
1204 2925 1316 2990 6111
1370 2925 1783 3009 evangelium
1843 2946 2006 3009 pure
2063 2928 2591 2998 concionatur:⁸)

641 3014 972 3079 Dominus
1016 3012 1227 3095 aperit
1276 3013 1546 3075 ianuam
1597 3011 1836 3095 populo
1890 3030 2009 3077 suo
2053 3021 2128 3076 ut
2168 3009 2593 3096 egrediantur

642 3100 1004 3185 egiptumss)
1052 3110 1170 3164 616.
1231 3096 1476 3178 Δ961161
1521 3097 1724 3181 igitur
1767 3097 2057 3181 plerique
2089 3099 2182 3162 ita
2226 3097 2414 3162 fracti
2459 3099 2592 3162 sint

641 3184 994 3269 fugamque
1036 3184 1393 3248 moliantur
1435 3184 1502 3247 in
1549 3180 1928 3247 scandalum
1971 3184 2402 3262 infirmorum,
2448 3203 2586 3266 age,

639 3271 925 3347 obsecro,
973 3271 1208 3335 absens
1258 3268 1464 3332 literis
1506 3266 1677 3350 quod
1720 3289 1840 3353 ego
1886 3289 2192 3351 praesens
2234 3269 2396 3334 facio
2443 3289 2589 3332 ver·

639 3357 773 3422 bis:
831 3357 1148 3421 confirma
1207 3364 1402 3435 atque
1459 3354 1801 3418 corrobora
1864 3374 2006 3431 666,
2074 3361 2150 3418 61
2192 3353 2427 3419 saltem
2473 3375 2588 3419 ex-

638 3449 935 3525 spectent
977 3438 1182 3504 donec
1224 3459 1533 3520 praesens
1577 3438 1775 3503 fuerit
1815 3438 2193 3521 periculum.

810 3523 1018 3591 Aliud
1062 3546 1195 3588 non
1241 3525 1447 3590 habeo
1489 3545 1663 3591 nunc
1715 3523 1884 3605 quod
1928 3522 2239 3602 scribam,
2299 3540 2586 3607 praeter-

639 3631 834 3694 quam
878 3610 1055 3693 quod
1093 3621 1396 3693 rogatum
1456 3620 1521 3673 te
1578 3608 1773 3674 velim
1832 3616 1906 3672 ut
1960 3629 2069 3675 me
2121 3610 2189 3674 in
2235 3630 2587 3677 numerum

636 3697 1033 3761 famulorum
1078 3704 1340 3760 tuorum
1397 3716 1517 3760 ceu
1577 3695 2059 3776 paratissimum
2116 3704 2184 3759 et
2225 3696 2584 3777 obsequen-

638 3783 965 3848 tissimum
1027 3781 1343 3845 famulum
1405 3780 1708 3863 recipias,
1769 3790 1835 3844 et
1887 3780 2202 3863 quidquid
2258 3780 2586 3845 oblatrent

637 3866 909 3942 aemuli,
975 3866 1173 3930 talem
1241 3864 1431 3951 (mihi
1476 3865 1694 3939 crede)
1749 3878 2063 3949 perpetuo
2117 3868 2585 3948 comprobabis.

638 3952 903 4018 Salutat
958 3965 1022 4015 te
1079 3960 1299 4017 coetus
1345 3957 1717 4015 nostrorum
1763 3952 2117 4015 seniorum.
2204 3951 2586 4016 Salutamus

637 4050 705 4103 61
746 4059 866 4103 666
912 4058 1139 4101 6111666
1180 4037 1414 4100 fratres
1433 4088 1447 4113 ,
1506 4037 1849 4118 praecipue
1894 4036 2074 4102 verbi
2115 4037 2469 4115 ministros,
2517 4039 2584 4102 in

635 4124 856 4189 osculo
919 4124 1110 4204 pacis.
1226 4121 1391 4186 Vale
1457 4133 1773 4205 perpetuo
1839 4121 2017 4185 felix.
2119 4122 2444 4187 Dominus
2517 4133 2585 4186 te

635 4229 793 4274 suae
837 4208 1146 4273 ecclesiae
1190 4206 1302 4271 diu
1347 4207 1742 4273 incolumem
1803 4222 2020 4272 servet
2079 4206 2161 4271 ad
2217 4207 2473 4271 laudem
2520 4218 2586 4274 et

678 4294 910 4357 loriam
955 4293 1070 4356 filii
1116 4293 1216 4357 sui
1262 4293 1528 4358 Domini
1574 4293 1780 4356 nostri
1825 4293 1977 4358 Iesu
2021 4293 2290 4370 Christi,
2336 4294 2443 4358 cui
2486 4306 2587 4358 661

683 4398 842 4443 6661
884 4380 954 4442 16
991 4377 1267 4442 saecula.
1338 4379 1572 4443 Amen.
1638 4379 2046 4461 Argentinae
2082 4383 2181 4443 21.
2209 4379 2370 4443 Maii
2404 4384 2580 4443 1547.

1359 4515 1539 4578 Tuus
1586 4514 1680 4578 tui
1725 4513 2165 4581 deditissimus

1658 4632 1937 4698 Ioannes
1983 4634 2366 4701 Gramen-ius.
2391 4639 2449 4720 ⁴)

839 4853 900 4918 2)
939 4854 1052 4908 sic!

838 4922 899 5055 ἐξ
938 4923 1074 5043 ῗοοὲε
1110 4989 1331 5042 Petrum
1379 4988 1556 5058 Bruly
1601 4989 1849 5044 minister
1899 4990 2053 5058 apud
2092 4991 2281 5047 Gallos
2319 4994 2580 5062 Argento-

630 5066 891 5125 rames,
931 5059 1059 5113 Ian.
1095 5056 1249 5112 1545.

2203 427 2729 497 EPIS'POLAE
2772 431 3110 494 910—912
4528 430 4624 494 528

3601 615 3744 688 911.

3095 767 3584 838 MYGONIUS
3627 769 4262 838 BULLINGERO.

2873 938 3210 1022 Dryandri
3261 941 3582 1023 epistolam
3635 943 3722 1008 ad
3766 942 4215 1027 Bullinqerum
4267 941 4347 1007 de
4395 938 4626 1006 Pollam

2702 1045 2905 1109 nuper
2945 1027 3243 1109 scriptam
3282 1026 3572 1092 illustrat.

2706 1196 2819 1261 (Ex
2855 1197 3192 1319 autographo
3230 1197 3373 1250 Bibl.
3423 1197 3574 1251 civic.
3611 1199 3919 1252 Turioensis
3954 1199 4108 1252 MSS.
4146 1199 4207 1251 F.
4240 1196 4312 1251 62
4347 1198 4475 1251 olim
4510 1198 4627 1266 Epp.

3112 1283 3218 1318 om.
3257 1264 3339 1330 2⁷,
3375 1265 3464 1319 fol.
3500 1264 3620 1320 394.
3661 1295 3723 1306 -
3762 1266 3975 1325 Simler.
4013 1267 4138 1322 Vol.
4172 1264 4287 1332 64.)

2872 1450 2956 1516 D.
3004 1452 3370 1518 Heinricho
3410 1453 3784 1537 Bullingero
3828 1454 4199 1520 doctissimo
4232 1454 4485 1538 piissim
4562 1473 4628 1518 116

2702 1537 3005 1601 ministro
3041 1537 3291 1602 Christi
3334 1538 3720 1605 fidelissimo
3753 1541 3941 1604 fratri
3986 1559 4061 1606 66
4105 1538 4369 1605 domino
4411 1540 4478 1603 in
4571 1559 4627 1604 o·

2701 1623 2879 1686 mino
2926 1622 3294 1688 venerando
3338 1644 3473 1689 666.

2870 1928 2974 1993 De
3010 1928 3356 2012 Dryandro
3398 1930 3596 1995 velim
3639 1932 3806 1997 scias
3850 1932 4068 1998 virum
4112 1952 4255 1997 esse
4293 1931 4502 1996 1611116
4540 1931 4627 1996 16-

2697 2015 3140 2098 tegerrimum,
3186 2014 3303 2080 sed
3344 2017 3611 2081 interim
3658 2038 3914 2101 quoque
3964 2017 4375 2083 liberrimum
4427 2018 4492 2082 in
4544 2016 4627 2082 di·

2699 2098 2904 2165 cendo
2950 2114 3015 2163 et
3049 2101 3408 2166 scribendo.
3475 2101 3756 2186 Scripsit
3798 2102 4119 2186 quaedam
4163 2100 4244 2167 de
4286 2102 4561 2185 quodam
4585 2106 4627 2185 ¹)

2698 2184 2987 2268 profecto
3034 2206 3203 2264 vere,
3259 2185 3328 2250 id
3372 2186 3543 2269 quod
3588 2187 3870 2254 dicerem
3913 2197 3980 2254 16
4024 2198 4473 2270 experturum,
4516 2188 4627 2254 6161

2699 2271 2887 2336 661116
2930 2291 3125 2353 66616
3184 2270 3304 2336 tibi
3361 2274 3625 2355 propius
3685 2275 3955 2339 viveret.
4057 2274 4283 2339 Habet
4337 2276 4397 2338 is
4440 2273 4627 2338 multa

2694 2356 2887 2434 bona,
2935 2367 3330 2439 quapropter
3360 2358 3576 2439 ipsum
3613 2356 3727 2423 dili
3774 2380 3829 2424 0.
3896 2359 4115 2424 Habet
4158 2358 4398 2424 deinde
4431 2359 4628 2425 noecio

2697 2441 2954 2524 qualem
3000 2448 3214 2505 astum
3260 2441 3450 2521 (mihi
3496 2443 3753 2509 videtur
3833 2444 4336 2528 imprudentem,
4384 2454 4626 2528 propter

2697 2548 2887 2609 quem
2934 2526 3130 2591 vilior
3170 2527 3334 2591 mihi
3379 2525 3674 2594 redditur
3717 2530 3783 2594 in
3830 2530 3985 2595 dies.
4078 2529 4382 2597 Ooniocit
4421 2551 4490 2595 se
4529 2530 4627 2595 illa

2694 2610 3092 2694 imprudenti
3116 2613 3366 2676 astutia
3399 2614 3468 2677 in
3503 2615 3739 2698 ingens
3775 2614 4069 2682 dedecus.
4140 2617 4232 2680 Et
4265 2616 4625 2682 coniecisset

2695 2697 2767 2764 in
2810 2697 3054 2774 maius,
3114 2697 3242 2763 nisi
3296 2698 3650 2764 christiane
3703 2702 3914 2786 magis
3957 2722 4153 2784 quam
4211 2700 4486 2767 iuridice
4526 2722 4625 2766 vo·

2695 2782 2974 2847 luissent
3014 2782 3277 2865 quidam
3322 2803 3516 2867 agere
3559 2795 3788 2851 contra
3827 2788 4059 2869 ipsum.
4130 2786 4471 2868 Quamvis,
4514 2786 4622 2851 nisi

2696 2877 2872 2934 recte
2914 2877 3142 2933 contra
3182 2875 3306 2946 eat,
3351 2870 3493 2934 fieri
3536 2878 3747 2953 potest
3787 2880 3863 2936 ut
3896 2872 4111 2937 adhuc
4144 2893 4216 2938 se
4258 2873 4346 2939 sit
4379 2873 4624 2938 immer-

2695 2973 2889 3018 surus
2932 2952 3156 3018 multis
3200 2952 3423 3032 malis,
3480 2967 3554 3020 ut
3598 2956 3764 3021 velle
3820 2979 3889 3022 se
3932 2957 4263 3023 Basileam
4304 2977 4620 3041 nunquam

2693 3037 2937 3106 vidisse
2979 3046 3215 3122 posset.
3305 3038 3647 3107 Adversus
3700 3042 3904 3109 istum
3961 3042 4019 3109 si
4070 3042 4339 3110 liberius
4382 3043 4620 3127 scripsit

2692 3123 2776 3188 ad
2820 3135 2886 3188 te
2929 3123 3303 3207 Dryander,
3356 3126 3439 3191 ob
3493 3126 3664 3193 hanc
3714 3149 3980 3194 causam
4034 3129 4275 3196 factum
4323 3130 4511 3209 scias,
4546 3149 4617 3194 116

2693 3208 2930 3275 blanda
2973 3211 3185 3295 6116616
3229 3209 3347 3275 tibi
3392 3224 3608 3293 posset
3647 3213 3925 3280 illudere
3968 3214 4079 3280 vel
4131 3225 4199 3280 et
4252 3235 4375 3299 per
4419 3215 4610 3282 alium.

2692 3295 2866 3360 Nam
2900 3303 2968 3358 et
3016 3295 3304 3376 Hoppero
3346 3297 3440 3363 sic
3483 3300 3731 3364 evenit:
3793 3321 3920 3382 qua
3980 3300 4059 3365 de
4118 3321 4189 3366 re
4243 3320 4384 3366 non
4440 3301 4611 3368 semel

2692 3378 2865 3463 apud
2911 3401 3015 3445 me
3059 3381 3267 3446 multa
3310 3392 3700 3466 conquestus
3744 3406 3909 3451 sum.
3975 3385 4179 3452 Hunc
4214 3387 4397 3452 66116
4440 3386 4609 3471 diligo

2691 3474 2759 3529 et
2792 3486 3068 3555 yeneror
3101 3466 3181 3532 ob
3217 3466 3580 3532 doctrinam
3624 3480 3691 3534 et
3730 3471 4063 3552 pietatem,
4110 3471 4374 3554 qualem
4415 3495 4528 3559 ego
4554 3473 4609 3535 in

2692 3550 2830 3616 vita
2893 3571 3051 3635 erga
3105 3572 3212 3616 me
3270 3574 3610 3637 nunquam
3676 3576 3823 3621 sum
3887 3568 4215 3639 expertus.
4304 3559 4603 3633 Proxime,

2692 3635 2847 3701 dum
2892 3637 2999 3701 hic
3055 3643 3227 3716 erat,
3282 3637 3481 3704 talem
3534 3661 3604 3705 se
3656 3641 3988 3719 exhibuit,
4046 3663 4253 3709 uxore
4307 3666 4446 3710 non
4493 3654 4603 3709 tam

2689 3722 3137 3787 consentiente
3176 3744 3371 3806 quam
3413 3724 3809 3808 impellente,
3858 3736 3929 3791 ut
3972 3748 4197 3793 eorum
4231 3752 4368 3796 non
4403 3748 4603 3815 queam

2689 3806 3003 3885 oblivisci,
3047 3808 3259 3890 quoad
3307 3810 3551 3875 vixero.
3625 3813 3950 3878 Dominus
3994 3814 4054 3878 ei
4098 3814 4440 3883 benedicat
4477 3835 4602 3880 6611-

2688 3891 2885 3976 iugiO,
2931 3902 2998 3958 et
3041 3901 3304 3959 tueatur
3346 3906 3413 3959 et
3455 3906 3774 3981 protegat.
3862 3898 4011 3969 Hoc
4068 3921 4149 3963 ex
4206 3902 4429 3965 animo
4477 3913 4602 3983 opto

2689 3985 2758 4042 et
2810 3978 3044 4042 marito
3098 3989 3167 4044 et
3218 3983 3408 4045 uxori
3467 3982 3672 4047 multo
3730 3984 4091 4065 piissimae,
4150 4006 4430 4068 quorum
4490 4006 4601 4050 1116-

2686 4064 2896 4128 166116
2960 4064 3133 4147 611611
3199 4086 3304 4129 166
3367 4067 3495 4130 6111
3558 4080 3826 4133 6616166
3880 4070 3947 4133 16
4008 4071 4313 4137 Domino.
4410 4071 4599 4137 Velim

2686 4158 2767 4214 ut
2808 4149 2904 4214 eis
2947 4169 3029 4213 ex
3071 4171 3176 4214 me
3220 4157 3289 4215 et
3329 4172 3535 4217 uxore
3578 4153 3788 4218 multa
3830 4153 3998 4220 bono
4033 4154 4210 4222 dicas
4255 4167 4323 4222 61
4371 4157 4600 4239 Dryan-

2686 4235 2874 4299 drum
2916 4233 2998 4298 de
3042 4235 3393 4301 acerbitate
3438 4237 3678 4303 habeas
3721 4250 4121 4305 excusatum.
4168 4278 4256 4288 —
4298 4278 4385 4289 -
4425 4279 4503 4289 -
4533 4275 4596 4289 -

2689 4357 2770 4367 —-—-
2816 4356 2899 4366 —-
2943 4319 3246 4386 Basileae
3288 4322 3360 4385 in
3404 4320 3509 4386 die
3551 4323 3801 4389 Urbani
3818 4324 3876 4408 ²)
3922 4346 4073 4390 ann.
4130 4330 4309 4391 1547.

3807 4461 3880 4525 Τ.
3928 4459 4040 4527 06.
4087 4462 4452 4548 Myconius.

2720 4694 2846 4749 eu.
2885 4694 3095 4829 12))66118.
3129 4695 3644 4820 ξὸῑῖξιίῌοααιο,
3682 4698 3804 4752 vide
3838 4699 3914 4754 N.
3963 4697 4069 4755 904
4106 4701 4397 4757 nabioth-⁸
4428 4698 4594 4756 11614.

2988 4782 3026 4818 ι.
3095 4804 3106 4815 .
3216 4805 3226 4816 .
3394 4783 3431 4818 1.
