4825 6175
632 456 762 523 215

635 642 766 724 dia,
812 661 1016 725 eaque
1070 661 1190 725 pro
1246 640 1672 708 caeremoniis
1724 639 2114 724 quibusdam
2173 638 2597 706 admittendis

636 729 711 795 in
756 727 1321 794 administratione
1366 746 1627 792 coenae.
1713 728 1809 792 Et
1847 727 1958 793 1110
1991 727 2301 810 utrinque
2335 726 2596 809 peccari

639 813 848 883 video.
937 813 1109 878 Nam
1149 818 1225 877 ιιι
1266 809 1347 876 de
1389 811 1525 877 illis
1583 824 1833 878 taceam
1885 813 2000 896 qui
2045 813 2139 879 sic
2194 833 2301 877 res
2342 809 2595 877 medias

640 905 901 985 urgent,
947 900 1154 964 nostri
1191 897 1319 976 hic,
1366 895 1523 961 dum
1563 899 1960 980 pertinacius
1996 898 2218 964 omnia
2255 897 2594 977 damnant,

638 984 904 1071 probari
948 984 1214 1049 omnino
1258 1003 1394 1047 non
1436 992 1745 1067 possunt,
1800 984 1912 1067 qui
1967 982 2220 1049 tamdiu
2266 1004 2335 1050 se
2379 1003 2596 1049 sacra-

641 1079 1019 1138 mentorum
1062 1090 1187 1135 usu
1278 1068 1500 1133 rivent
1542 1077 1620 1134 ut
1652 1071 1850 1134 etiam
1893 1090 2125 1135 verear
2159 1070 2359 1134 nimis
2402 1069 2597 1152 spiri·

643 1156 855 1223 tuales
913 1156 1047 1220 sint
1102 1154 1214 1238 qui
1262 1175 1368 1219 am
1439 1155 1552 1237 qui
1605 1154 1768 1221 haec
1826 1154 2186 1238 corporalia
2242 1155 2363 1238 (sic
2416 1154 2596 1219 enim

641 1239 916 1327 vocant)
960 1241 1149 1325 parvi
1206 1238 1516 1324 pendant.
1620 1239 1706 1305 In
1749 1261 1825 1305 eo
1881 1248 2101 1306 autem
2154 1240 2448 1325 graviter
2490 1259 2594 1304 re-

641 1326 980 1413 prehendo
1024 1323 1194 1409 quod
1253 1326 1453 1390 etiam
1506 1325 1653 1390 iure
1705 1324 1983 1391 iurando
2038 1326 2404 1409 receperint
2457 1326 2595 1408 opi-

642 1413 909 1478 nionem
950 1411 1132 1476 illam
1175 1410 1642 1494 impanationis
1676 1421 1905 1477 contra
1939 1412 2424 1478 conscientiam.
2489 1410 2597 1475 Ita

643 1498 819 1563 enim
867 1498 1022 1563 novi
1064 1493 1222 1580 quid
1263 1495 1360 1560 illi
1418 1495 1542 1561 hac
1585 1496 1657 1560 in
1700 1504 1889 1580 parte
1930 1497 2223 1562 sentiant
2263 1496 2460 1581 longe
2505 1494 2597 1561 di-

642 1604 913 1650 versum
957 1581 1040 1648 ab
1084 1602 1160 1646 eo
1196 1581 1366 1664 quod
1402 1591 1808 1665 receperunt.
1877 1580 2168 1648 Proinde
2212 1603 2414 1666 quum
2441 1590 2595 1647 ante

643 1668 896 1753 aliquot
953 1666 1395 1733 hebdomadas
1454 1667 1823 1750 scripsisset
1878 1667 2057 1733 illius
2114 1667 2426 1735 ecclesiae
2469 1667 2594 1731 mi-

644 1756 853 1821 nister
896 1752 978 1818 ad
1021 1763 1296 1832 nostros,
1340 1773 1611 1835 remque
1656 1774 1803 1818 cum
1823 1751 1909 1818 D.
1936 1752 2183 1820 Bucero
2226 1763 2294 1819 et
2314 1753 2390 1819 P.
2418 1752 2593 1837 M.⁵)

642 1839 1084 1920 contulissem,
1129 1858 1341 1922 neque
1382 1838 1480 1903 illi
1524 1838 1704 1903 aliud
1739 1837 2058 1912 haberent
2099 1838 2353 1906 consilii
2395 1859 2595 1922 quam

643 1934 723 1991 ut
762 1926 903 2009 ipse
955 1925 1401 2007 proficiscerer
1416 1974 1431 2002 ,
1494 1922 1789 1989 facturus
1845 1924 2209 2007 periculum
2263 1946 2424 1989 num
2483 1924 2597 1989 ali-

686 2011 798 2076 uid
845 2031 885 2075 a
931 2010 1211 2090 Nicolao,
1233 2012 1289 2090 ⁶)
1347 2010 1459 2092 qui
1503 2016 1605 2074 est
1649 2008 2137 2075 Germanorum
2177 2011 2594 2094 superinten-

689 2118 826 2175 ens,
869 2096 1223 2179 impetrare
1256 2094 1517 2178 possim,
1565 2095 1800 2160 saltem
1827 2104 1905 2160 ut
1938 2096 2081 2161 sine
2117 2096 2355 2174 casula,
2399 2115 2596 2179 quam

642 2190 900 2260 vocant,
945 2192 1013 2246 et
1051 2180 1196 2246 aliis
1232 2179 1612 2245 huiusmodi
1644 2181 1858 2260 rebus,
1904 2188 2167 2246 tantum
2206 2189 2384 2247 veste
2428 2180 2594 2259 alba,

645 2288 842 2350 quam
893 2288 970 2332 su
1053 2266 1396 2349 rpelicium
1453 2274 1692 2331 vocant
1707 2317 1722 2343 ,
1789 2267 2044 2348 possint
2100 2287 2369 2332 coenam
2427 2265 2595 2332 cele-

645 2353 837 2420 brare
853 2403 869 2431 ,
996 2352 1184 2416 einde
1264 2352 1338 2415 in
1404 2358 1600 2416 cantu
1665 2371 1933 2417 servare
1997 2373 2163 2437 quae
2234 2373 2274 2416 a
2351 2354 2595 2418 nostris

646 2437 937 2505 ecclesiis
1001 2443 1380 2503 servantur:
1457 2434 1580 2503 hoc
1645 2436 1808 2516 illis,
1887 2437 2020 2501 imo
2084 2458 2220 2502 non
2284 2437 2414 2503 illis
2479 2436 2596 2502 sed

644 2523 985 2600 ecclesiae,
1053 2522 1168 2587 sed
1230 2521 1526 2602 Christo,
1613 2542 1855 2607 negare
1915 2544 2048 2587 non
2111 2524 2313 2606 potui.
2424 2524 2596 2589 Mal-

645 2609 777 2674 lem
836 2607 1102 2672 omnino
1166 2620 1461 2672 nostrum
1519 2608 1723 2672 ritum
1782 2607 2046 2673 imitari.
2136 2606 2273 2673 Sed
2314 2609 2597 2674 fortasse

646 2715 732 2758 ne
774 2701 964 2758 tanta
1006 2693 1251 2758 rituum
1296 2691 1757 2758 dissimilitudo
1791 2693 1862 2757 in
1898 2695 2062 2760 urbe
2098 2693 2443 2759 dissidium
2480 2715 2596 2758 01-

647 2780 819 2857 01ιοι,
865 2779 1152 2843 maxime
1196 2778 1306 2843 ubi
1352 2799 1485 2842 non
1521 2798 1780 2862 magna,
1824 2779 1959 2844 imo
2004 2779 2205 2859 nulla,
2250 2779 2599 2846 intercedit

647 2867 1014 2931 animorum
1053 2864 1434 2941 coniunctio,
1477 2884 1641 2947 quos
1675 2864 1873 2929 etiam
1907 2864 2057 2947 plus
2095 2866 2252 2930 satis
2289 2865 2599 2931 distraxit

645 2951 809 3015 haec
852 2955 1198 3029 contentio,
1252 2970 1384 3013 non
1427 2948 1589 3014 levis
1633 2950 1844 3014 cautio
1888 2959 2004 3015 est.
2095 2949 2446 3034 Optassem
2490 2951 2597 3016 hic

643 3043 836 3101 tuum
879 3034 1220 3100 consilium
1266 3032 1438 3114 dari,
1494 3033 1608 3100 sed
1664 3034 1761 3100 ita
1802 3056 2044 3121 urgeor
2096 3045 2174 3102 ut
2216 3044 2598 3122 exspectare

644 3143 777 3187 non
821 3122 1085 3204 possim.
1177 3122 1492 3186 Attamen
1547 3121 1606 3187 si
1661 3121 1951 3206 placeret
2007 3131 2190 3188 tuam
2231 3145 2428 3205 super
2472 3123 2597 3189 hac

642 3227 718 3273 re
761 3208 1156 3272 sententiam
1201 3206 1514 3287 scribere,
1573 3214 1642 3271 et
1699 3207 1783 3272 ad
1838 3208 2177 3274 ecclesiam
2222 3219 2597 3274 nostrorum

645 3291 892 3375 aliquid
936 3290 1395 3357 consolationis
1429 3298 1497 3358 et
1533 3292 1788 3358 consilii
1823 3292 2199 3378 adiungere,
2245 3294 2439 3359 valde
2481 3316 2520 3359 o
2566 3331 2595 3344 -

642 3385 1004 3462 portunum
1062 3386 1249 3442 esset.
1335 3377 1425 3441 Et
1469 3398 1659 3461 spero
1699 3377 1774 3442 in
1817 3388 2108 3462 tempore
2152 3398 2345 3462 posse
2387 3317 2595 3459 reddi,

643 3463 704 3529 si
746 3463 957 3547 primo
999 3481 1255 3546 quoque
1313 3469 1607 3548 tempore
1660 3462 1884 3529 mittas
1943 3463 2027 3528 ad
2069 3463 2170 3530 D.·
2208 3464 2595 3546 Phalesium,

644 3549 758 3633 qui
802 3547 1058 3614 curabit
1098 3548 1325 3614 statim
1369 3548 1453 3613 ad
1495 3570 1603 3614 1110
1646 3549 1942 3632 perferri.
2006 3551 2097 3615 Et
2129 3551 2186 3617 si
2230 3550 2386 3634 quid
2429 3550 2596 3618 velis

645 3634 729 3699 ad
772 3634 920 3717 piae
963 3635 1317 3699 memoriae
1357 3634 1442 3699 D.
1489 3634 1772 3701 Davidis
1815 3656 2121 3716 sororem,
2141 3634 2196 3724 ⁷)
2285 3656 2437 3701 uam
2478 3657 2596 3701 an-

645 3727 907 3803 tequam
950 3719 1210 3785 redeam
1256 3720 1610 3785 convenire
1650 3721 1927 3786 institui.
1995 3720 2131 3788 Sed
2173 3658 2324 3789 vide
2369 3745 2455 3787 ne
2490 3722 2598 3789 cui

647 3804 924 3871 verbum
981 3805 1180 3870 facias
1241 3806 1364 3870 hoc
1421 3828 1504 3870 ex
1549 3827 1655 3871 me
1708 3808 2011 3872 rescisse:
2072 3808 2203 3872 imo
2258 3808 2327 3872 in
2384 3808 2596 3875 literis

646 3891 778 3956 tuis
828 3888 912 3956 ad
965 3912 1071 3955 me
1128 3892 1220 3956 010
1278 3890 1523 3956 scribes
1577 3891 1765 3976 quasi
1821 3899 2078 3957 tantum
2138 3893 2217 3958 de
2261 3894 2598 3959 Vesalien·

647 3978 820 4041 sium
860 3977 1119 4061 negotio
1152 3976 1576 4042 intellexeris.
1669 3975 1747 4043 Si
1782 3976 2108 4044 Dominus
2154 3977 2454 4060 adfuerit,
2499 3981 2598 4045 uti

646 4082 834 4144 spero
896 4071 965 4125 et
1019 4063 1324 4144 precibus
1381 4063 1625 4127 nostris
1683 4064 1981 4128 futurum
2040 4065 2326 4144 confid0,
2404 4086 2597 4150 spero

644 4168 955 4231 magnam
999 4147 1316 4212 laetitiam
1362 4149 1670 4214 ecclcsiae
1713 4156 2210 4231 reportaturam.
2302 4150 2447 4215 Iam
2494 4151 2597 4216 vi-

648 4232 806 4299 deor
850 4241 1182 4315 utcunque
1227 4233 1432 4299 litoris
1477 4234 1884 4312 satisfecisse,
1943 4236 2071 4299 nisi
2116 4234 2290 4319 quod
2333 4237 2595 4320 longam

645 4319 1090 4383 narrationem
1134 4319 1572 4403 singularium
1629 4341 1852 4385 rerum
1909 4328 2133 4386 texere
2190 4328 2370 4387 vetat
2412 4344 2595 4405 puer,

643 4405 755 4488 qui
797 4404 1025 4469 literas
1070 4405 1268 4467 etiam
1312 4426 1348 4469 e
1387 4426 1587 4469 manu
1632 4406 1891 4490 abripit.

821 4489 1206 4555 Teteschium
1222 4493 1281 4566 εἶ)
1327 4490 1520 4555 110(110
1578 4492 1872 4557 0011νο111.
1963 4491 2033 4555 Ιο
2077 4513 2194 4574 per
2242 4491 2598 4558 Conradum

645 4583 712 4638 te
780 4576 1122 4640 certiorem
1200 4575 1279 4639 de
1344 4577 1520 4640 omni
1601 4578 1866 4660 negotio
1943 4577 2173 4642 fecisse
2237 4578 2594 4660 respondit.

644 4660 1079 4726 Postulantur
1122 4659 1205 4725 ad
1257 4665 1331 4724 18
1377 4669 1495 4726 aut
1540 4665 1621 4726 20
1667 4684 1791 4728 cor.
1883 4662 1962 4727 Si
2005 4661 2159 4746 quid
2196 4663 2415 4732 minus
2452 4665 2596 4742 erit,

649 4837 798 4843 ——-—
833 4837 1054 4844 *ψ

849 4948 910 5015 5)
951 4951 1114 5004 Petro
1152 4950 1406 5020 Martyre
1453 4950 1719 5006 Vemaio.

850 5017 910 5084 6)
947 5019 1190 5074 Buschio
1224 5034 1396 5088 supra
1432 5019 1674 5086 laudato,
1705 5022 1931 5088 proprie
1971 5021 2167 5075 Clausa
2202 5037 2251 5076 v.
2288 5021 2340 5076 d.
2364 5022 2593 5092 Busche,

644 5090 743 5158 qui
776 5093 827 5143 et
852 5087 1278 5222 {tihffiaeffitictor
1307 5089 1434 5154 fuit.
1472 5088 1738 5153 (Wolters
1770 5088 1803 5142 1.
1840 5091 1873 5143 l.
1907 5105 1965 5157 p.
2001 5088 2089 5142 83.
2126 5088 2239 5156 97.)

852 5224 913 5291 8)
958 5225 1039 5292 Cf.
1077 5224 1153 5278 N.
1189 5223 1293 5278 635
1326 5230 1376 5278 ει
1410 5222 1528 5276 690.
1600 5225 1712 5279 Hic
1757 5231 1965 5295 quoque
2009 5229 2209 5282 mentio
2251 5227 2317 5293 fit
2345 5230 2598 5297 priviqm'

653 5294 884 5363 Calvini,
921 5310 1016 5346 nec
1050 5295 1231 5347 minus
1267 5294 1488 5347 obscure
1531 5310 1692 5362 quom
1727 5309 1918 5362 supra.

1995 5295 2286 5351 Comedus
2317 5313 2471 5366 quem
2507 5298 2596 5353 hic

645 5363 838 5417 laudat
871 5364 1056 5417 nullus
1087 5364 1206 5415 ‘nisi
1239 5362 1517 5417 Hubertus
1551 5378 1666 5416 esse
1691 5368 1885 5430 potest.

2186 451 2715 520 EPISTOLAE
2762 455 2800 515 7
2804 453 3014 517 29-’1
3019 453 3103 518 30

4520 449 4619 514 216

2651 650 2657 737 [
2700 638 2784 704 ad
2829 644 2896 705 te
2939 638 3195 704 redibit.
3287 638 3420 704 Pro
3461 637 3571 704 his
3623 635 3736 702 ille
3779 635 4120 703 fideiussit.
4207 636 4388 702 Puer
4429 646 4623 705 autom

2701 731 2803 792 est
2859 724 3202 790 Coloniae:
3263 743 3460 808 quem
3516 723 3573 789 si
3625 723 3718 790 ibi
3773 722 4092 788 invenero
4146 727 4223 788 ut
4276 743 4467 806 spero
4484 774 4500 802 ,
4549 724 4625 789 ita

2699 810 2993 878 tractabo
3037 819 3112 876 ut
3154 809 3365 876 filium
3403 810 3485 875 D.
3527 808 3662 875 Gal.
3704 807 4050 874 advenisse
4091 807 4435 894 intelligat.
4500 809 4626 876 Non

2700 903 2923 963 tamen
2965 897 3363 963 remissurus
3406 895 3522 961 sed
3564 893 3957 961 reducturus
3997 914 4165 960 sum.
4251 894 4429 960 Nam
4462 916 4625 980 spero

2701 982 2873 1048 hanc
2928 982 3000 1047 in
3057 982 3276 1048 reditu
3334 981 3868 1047 commoditatem
3929 986 4008 1045 ut
4070 980 4177 1047 vel
4243 981 4495 1063 equitet
4540 982 4629 1049 vel

2700 1069 2982 1134 vehatur
3034 1088 3265 1146 curru,
3339 1076 3416 1133 ut
3466 1067 3744 1132 fortasse
3796 1086 4055 1132 mecum
4109 1073 4337 1149 postea
4394 1065 4479 1132 ad
4530 1087 4629 1135 vos

2697 1152 2855 1219 111110
2900 1163 3024 1220 0οι.
3098 1153 3274 1219 Nam
3316 1173 3434 1236 pro
3479 1151 3892 1219 Metensibus
3934 1151 4222 1230 omnino,
4266 1153 4631 1236 priusquam

2701 1238 2946 1322 aliquid
2989 1240 3337 1322 inceptem,
3394 1237 3613 1322 aliquo
3667 1247 3959 1321 tempore
4014 1244 4237 1303 tecum
4278 1258 4423 1303 esse
4463 1239 4632 1305 insti-

2700 1325 2819 1404 tui,
2857 1332 2935 1389 ut
2958 1326 3344 1390 confirmare
3365 1324 3437 1389 in
3459 1323 3798 1390 nonnullis
3819 1322 4013 1388 rebus
4037 1322 4354 1388 iudicium
4389 1324 4631 1407 possim.

2885 1409 3286 1477 Wendelinus
3325 1417 3528 1495 negat
3568 1430 3756 1493 posse
3790 1407 3964 1492 quod
3994 1409 4162 1492 petis
4206 1407 4288 1474 de
4322 1429 4635 1476 commen·

2697 1495 2887 1561 tariis
2952 1496 3036 1561 ad
3101 1495 3399 1561 Corinth.
3469 1504 3821 1578 praestare.
3841 1498 3898 1573 ⁹)
4022 1492 4101 1560 Si
4164 1514 4286 1577 per
4348 1503 4635 1562 nostrum

2698 1579 2890 1647 Bald.
2920 1579 3002 1667 ¹⁰)
3057 1582 3380 1662 misisses,
3436 1581 3609 1646 nihil
3660 1588 3799 1646 erat
3854 1578 4126 1646 facilius.
4227 1579 4366 1646 Sed
4420 1581 4495 1646 in
4546 1602 4636 1649 se-

2699 1675 2975 1751 quentes
3019 1667 3355 1733 nundinas
3458 1666 3654 1732 oterit
3695 1687 3802 1731 res
3842 1665 4088 1748 perfici.
4199 1666 4294 1731 Et
4336 1666 4537 1733 simul
4573 1669 4636 1733 in

2699 1761 3065 1836 utramque,
3113 1752 3283 1837 quod
3317 1689 3513 1818 muxlti
3555 1763 3804 1836 optant.
3871 1751 4224 1835 Nunquam
4269 1761 4429 1837 puto
4466 1753 4639 1837 quid-

2699 1858 2896 1922 quam
2940 1837 3421 1904 ardentioribus
3476 1841 3646 1904 votis
3689 1837 4074 1920 expetitum.
4165 1836 4417 1904 Omnes
4464 1838 4638 1918 docti,

2699 1924 2956 2008 quoties
3000 1945 3108 1990 me
3151 1924 3570 2002 conveniunt,
3617 1930 3870 2008 rogant,
3915 1920 4178 2006 quando
4228 1923 4499 1990 tandem
4538 1924 4642 1990 illa

2700 2010 3173 2076 commentaria
3215 2011 3352 2075 sint
3394 2009 3702 2075 habituri.
3767 2007 4006 2075 Dicam
4052 2008 4327 2091 aliquid:
4374 2030 4496 2077 vos
4539 2031 4640 2094 pa-

2699 2117 2846 2161 rum
2892 2095 3138 2178 sapitis,
3182 2094 3340 2161 dum
3383 2095 3478 2159 ita
3520 2095 3899 2179 permittitis
3955 2114 4070 2160 vos
4129 2115 4169 2159 a
4211 2092 4471 2160 Satana
4512 2097 4643 2180 rapi

2700 2180 2782 2246 ad
2829 2180 2973 2260 alia,
3018 2201 3154 2246 non
3198 2180 3679 2246 contemnenda
3730 2179 3846 2244 illa
3901 2177 4163 2262 quidem
4183 2230 4200 2258 ,
4257 2181 4373 2246 sed
4431 2190 4642 2247 tamen

2700 2287 2832 2331 non
2869 2275 3006 2332 tam
3043 2266 3233 2332 utilia
3268 2287 3460 2349 quam
3500 2275 3672 2332 000οι
3710 2263 4033 2330 eiusmodi
4067 2266 4429 2349 scripturae
4484 2275 4641 2335 trac-

2698 2353 2876 2417 tatio.
2944 2351 3130 2417 Idem
3177 2351 3398 2417 dolent
3440 2361 3507 2416 et
3549 2357 3913 2434 queruntur
3957 2349 4038 2416 de
4081 2350 4242 2416 Buc.
4288 2371 4521 2418 omnes
4604 2353 4644 2416 ii

2700 2446 2769 2502 et
2808 2435 2997 2502 docti.
3089 2436 3224 2503 Sed
3282 2437 3439 2520 quid
3497 2436 3661 2521 ego?
3752 2435 3945 2513 Vide,
3991 2436 4084 2501 mi
4126 2443 4347 2520 pater:
4416 2439 4516 2505 sic
4560 2374 4642 2503 fo·

2698 2543 2862 2606 quor
2903 2544 3102 2607 quum
3149 2523 3313 2587 mihi
3356 2523 3435 2588 de
3459 2522 3713 2587 Christi
3756 2522 3968 2606 gloria
4013 2529 4081 2586 et
4121 2523 4432 2589 ecclesiae
4479 2524 4645 2589 aedi-

2700 2608 2849 2674 ficio
2913 2608 3160 2692 aliquid
3225 2608 3601 2693 persuadeo.
3703 2607 3964 2672 Vellem
4023 2608 4200 2672 enim
4262 2607 4395 2674 Gal.
4452 2609 4647 2675 semel

2699 2693 2822 2759 hoc
2886 2694 2956 2758 in
3024 2694 3244 2759 animo
3311 2693 3670 2759 destinasse
3726 2713 4064 2776 nunquam
4121 2693 4646 2778 interquiescere,

2700 2777 2907 2844 donec
2949 2789 3301 2862 perpetuos
3344 2780 3416 2843 in
3462 2778 3770 2863 epistolas
3813 2778 4030 2857 Pauli,
4093 2778 4329 2844 deinde
4375 2780 4452 2845 in
4497 2781 4651 2847 Pro-

2701 2865 2956 2948 phetas,
3004 2864 3238 2930 deinde
3292 2865 3361 2929 in
3408 2864 3696 2948 reliquos
3755 2862 3954 2929 libros
4013 2884 4232 2930 sacros
4290 2867 4655 2951 scripsisset

2701 2952 3220 3017 commentarios.
3304 2951 3491 3016 Deus
3544 2951 3744 3027 bone,
3804 2957 4127 3031 quantum
4184 2951 4300 3016 illa
4350 2952 4654 3018 iuvarent

2702 3036 3073 3103 ecclesiam!
3143 3046 3463 3187 quantum
3530 3034 3613 3101 ad
3680 3035 3956 3120 gloriam
4015 3036 4268 3103 Christi
4332 3038 4653 3106 facerent!

2701 3144 2900 3206 quam
2944 3144 3077 3187 non
3119 3143 3157 3187 a
3201 3122 3501 3187 olendam
3544 3121 4105 3188 immortalitatem
4169 3125 4655 3208 compararentl

2701 3210 2797 3273 At
2838 3210 3102 3274 interim
3118 3260 3135 3287 ,
3195 3206 3351 3273 dum
3410 3207 3725 3292 apologiis
3783 3216 3851 3273 et
3893 3207 4113 3274 nescio
4168 3209 4406 3291 quibus
4450 3213 4659 3295 impo-

2703 3292 2954 3372 dimur,
3013 3293 3359 3359 scribimus
3413 3301 3590 3360 certe
3644 3314 3765 3359 1100
3822 3295 4009 3358 otiosi
4067 3315 4322 3373 sumus,
4380 3297 4500 3363 sed
4546 3297 4657 3362 illa

2700 3380 2839 3464 peti
2882 3401 2965 3444 01
3008 3379 3514 3455 commentariis,
3559 3379 3692 3444 imo
3726 3380 3857 3444 iam
3896 3400 3979 3445 01
4021 3378 4138 3444 1110
4184 3379 4407 3448 divino
4452 3389 4528 3448 et
4559 3383 4656 3447 in·

2702 3464 3126 3547 comparabili
3183 3464 3345 3528 Inst.
3423 3464 3587 3530 libro
3647 3464 3966 3530 eiusmodi
4023 3475 4307 3550 possent.
4407 3469 4655 3534 Essent

2702 3551 2912 3634 magis
2956 3549 3325 3633 conspicua,
3372 3558 3438 3614 et
3480 3549 3892 3633 frequentius
3936 3570 4010 3615 ac
4057 3550 4322 3631 diutius,
4368 3553 4509 3619 imo
4555 3573 4656 3619 ae·

2698 3643 2982 3714 ternum,
3016 3635 3089 3699 in
3111 3635 3415 3702 manibus
3436 3635 3777 3701 hominum
3795 3643 4239 3715 versarentur,
4277 3659 4486 3721 quum
4508 3639 4657 3705 alio·

2700 3724 2813 3806 qui
2856 3720 3195 3787 videamus
3240 3720 3511 3787 alterius
3554 3722 3816 3820 generis
3860 3724 4103 3806 scripta
4142 3724 4280 3789 fere
4322 3731 4655 3809 tempora·

2701 3830 2829 3873 nea
2872 3828 3032 3873 esse.
3121 3807 3317 3872 Hanc
3359 3806 3696 3873 licentlam
3754 3808 4022 3874 liberius
4079 3816 4299 3874 tecum
4344 3810 4656 3896 loquendi

2703 3893 2762 4045 13
2762 3893 2985 4045 hlnliihi
3039 3893 3172 3957 iam
3231 3913 3511 3977 usurpo,
3571 3891 3965 3958 condonabis
4025 3892 4348 3961 desiderio
4404 3897 4655 3981 gloriae

2849 3979 2974 4045 ’sti.

2873 4065 2980 4130 De
3023 4065 3264 4130 iuvene
3308 4063 3421 4129 illo
3478 4062 3675 4128 hodie
3728 4083 3877 4129 cum
3922 4065 4006 4128 D.
4054 4064 4213 4130 Rue.
4262 4068 4385 4151 egi.
4479 4070 4655 4134 Eum

2703 4149 2969 4216 habebit
3012 4149 3745 4215 commendatissimum.
3835 4150 3981 4234 Ego
4036 4149 4249 4217 adhuc
4306 4175 4439 4218 non
4504 4155 4658 4233 vidi,

2703 4235 2819 4301 sed
2875 4237 3259 4319 priusquam
3316 4235 3470 4301 hinc
3530 4232 3856 4299 discedam
3921 4255 4328 4320 cognoscam.
4438 4240 4543 4305 Et
4605 4241 4656 4304 si

2704 4342 2866 4404 opus
2912 4323 2999 4386 sit
3041 4322 3169 4403 ipsi
3214 4321 3411 4386 etiam
3457 4319 3710 4385 Falesio
3752 4321 4237 4387 commendabo.

2877 4406 3054 4488 Quid
3101 4416 3440 4489 praeterea
3487 4405 3812 4471 scribam?
3903 4407 4077 4472 Belli
4122 4428 4271 4473 011111
4315 4409 4657 4475 Brunswi·

2702 4495 2870 4558 censi
2923 4493 3265 4558 historiam
3326 4493 3408 4556 D.
3466 4491 3548 4555 B.
3606 4490 3873 4556 missam
3931 4492 4119 4558 dixit.
4144 4495 4229 4578 ¹¹)
4325 4496 4657 4562 Rumores

2704 4581 2816 4660 qui
2860 4579 2969 4645 hic
3015 4578 3094 4643 de
3140 4580 3304 4663 Imp.
3348 4587 3767 4662 sparguntur,
3812 4599 4004 4661 quam
4049 4580 4189 4645 veri
4234 4580 4370 4645 sint
4412 4583 4652 4648 nescio,

2703 4665 2847 4747 Ego
2913 4664 3096 4729 illinc
3155 4662 3238 4728 ad
3292 4673 3355 4728 te
3424 4663 3702 4729 scribam
3760 4685 4184 4748 quaecunque
4250 4687 4653 4750 cognovero:

2702 4749 2891 4814 modo
2958 4751 3156 4815 etiam
3222 4757 3290 4815 tu
3358 4750 3485 4813 mei
3556 4770 3688 4813 non
3755 4749 4154 4815 obliviscare.
4257 4753 4342 4817 D.
4412 4751 4651 4818 Saxon.

2702 4835 3034 4919 apostolus
3078 4836 3379 4899 narravit
3422 4834 3505 4900 D.
3556 4835 3695 4899 Fal.
3756 4835 3975 4900 nescio
4031 4835 4185 4919 quid
4240 4839 4474 4903 turbae
4538 4859 4653 4904 01-

2904 5091 2963 5156 9)
2997 5090 3335 5145 Prodierunt
3368 5107 3515 5145 anno
3549 5098 3796 5162 sequente
3829 5091 3984 5160 apud
4017 5093 4195 5161 ipsum
4234 5092 4531 5150 Romam.

2870 5158 3087 5280 193900
3119 5159 3403 5214 Balduino
3439 5167 3568 5214 tunc
3613 5164 3867 5230 temporis
3901 5163 4260 5231 Arqentoratt'
4289 5169 4653 5218 commorante

2697 5245 2745 5282 ‘⁹'
2786 5228 2965 5361 N‘11)
3003 5268 3094 5349 'De
3126 5297 3332 5352 Bucen·
3362 5297 3595 5353 historia
3642 5299 3766 5352 belli

3812 5298 3973 5352 huius
4007 5300 4250 5369 loquitur
4284 5302 4445 5356 enom
4502 5301 4649 5356 Viro-

2697 5371 2786 5420 tus
2820 5366 2977 5433 infra
3012 5364 3089 5420 N.
3127 5364 3242 5418 731.
3812 5411 3817 5416 .
