<?xml version="1.0" encoding="UTF-8"?>
<!DOCTYPE html PUBLIC "-//W3C//DTD XHTML 1.0 Transitional//EN"
    "http://www.w3.org/TR/xhtml1/DTD/xhtml1-transitional.dtd">
<html xmlns="http://www.w3.org/1999/xhtml" xml:lang="en" lang="en">
 <head>
  <title>
</title>
<meta http-equiv="Content-Type" content="text/html;charset=utf-8" />
  <meta name='ocr-system' content='tesseract 3.04.00' />
  <meta name='ocr-capabilities' content='ocr_page ocr_carea ocr_par ocr_line ocrx_word'/>
</head>
<body>
  <div class='ocr_page' id='page_1' title='image "./ioanniscalvinio10unkngoog_0130.png"; bbox 0 0 4825 6175; ppageno 0'>
   <div class='ocr_carea' id='block_1_1' title="bbox 625 412 746 476">
    <p class='ocr_par' dir='ltr' id='par_1_1' title="bbox 625 412 746 476">
     <span class='ocr_line' id='line_1_1' title="bbox 625 412 746 476; baseline -0.008 0"><span class='ocrx_word' id='word_1_1' title='bbox 625 412 746 476; x_wconf 84' lang='lat'>199</span> 
     </span>
    </p>
   </div>
   <div class='ocr_carea' id='block_1_2' title="bbox 613 595 2578 4708">
    <p class='ocr_par' dir='ltr' id='par_1_2' title="bbox 614 595 2578 1608">
     <span class='ocr_line' id='line_1_2' title="bbox 614 595 2573 680; baseline -0.002 -16"><span class='ocrx_word' id='word_1_2' title='bbox 614 605 825 664; x_wconf 85' lang='lat' dir='ltr'>totam</span> <span class='ocrx_word' id='word_1_3' title='bbox 866 599 1038 664; x_wconf 78' lang='lat' dir='ltr'>vitae</span> <span class='ocrx_word' id='word_1_4' title='bbox 1081 599 1220 664; x_wconf 86' lang='lat' dir='ltr'>eius</span> <span class='ocrx_word' id='word_1_5' title='bbox 1264 598 1608 663; x_wconf 76' lang='lat' dir='ltr'><strong>historiam</strong></span> <span class='ocrx_word' id='word_1_6' title='bbox 1650 597 1964 663; x_wconf 88' lang='lat' dir='ltr'>dedecore</span> <span class='ocrx_word' id='word_1_7' title='bbox 2005 595 2270 680; x_wconf 80' lang='lat' dir='ltr'><strong>plenam</strong></span> <span class='ocrx_word' id='word_1_8' title='bbox 2311 595 2573 661; x_wconf 83' lang='lat' dir='ltr'>referre.</span> 
     </span>
     <span class='ocr_line' id='line_1_3' title="bbox 617 683 2574 768; baseline -0.002 -18"><span class='ocrx_word' id='word_1_9' title='bbox 617 684 967 751; x_wconf 83' lang='lat' dir='ltr'>Sententia</span> <span class='ocrx_word' id='word_1_10' title='bbox 1027 684 1289 768; x_wconf 90' lang='lat' dir='ltr'>quidem</span> <span class='ocrx_word' id='word_1_11' title='bbox 1335 692 1564 749; x_wconf 87' lang='lat' dir='ltr'>nostra</span> <span class='ocrx_word' id='word_1_12' title='bbox 1603 705 1643 748; x_wconf 90' lang='lat' dir='ltr'>a</span> <span class='ocrx_word' id='word_1_13' title='bbox 1688 705 1801 766; x_wconf 89' lang='lat' dir='ltr'>spe</span> <span class='ocrx_word' id='word_1_14' title='bbox 1843 683 2195 748; x_wconf 86' lang='lat' dir='ltr'>ministerii</span> <span class='ocrx_word' id='word_1_15' title='bbox 2240 684 2311 747; x_wconf 91' lang='lat' dir='ltr'>in</span> <span class='ocrx_word' id='word_1_16' title='bbox 2354 689 2574 766; x_wconf 90' lang='lat' dir='ltr'>poste-</span> 
     </span>
     <span class='ocr_line' id='line_1_4' title="bbox 617 769 2575 847; baseline -0.002 -11"><span class='ocrx_word' id='word_1_17' title='bbox 617 792 769 836; x_wconf 88' lang='lat' dir='ltr'>rum</span> <span class='ocrx_word' id='word_1_18' title='bbox 836 781 979 835; x_wconf 88' lang='lat' dir='ltr'>erat</span> <span class='ocrx_word' id='word_1_19' title='bbox 1047 770 1368 837; x_wconf 82' lang='lat' dir='ltr'>exclusus.</span> <span class='ocrx_word' id='word_1_20' title='bbox 1400 774 1480 847; x_wconf 78' lang='lat'>¹²)</span> <span class='ocrx_word' id='word_1_21' title='bbox 1570 770 1927 835; x_wconf 76' lang='lat' dir='ltr'>Confessus</span> <span class='ocrx_word' id='word_1_22' title='bbox 1994 776 2095 834; x_wconf 90' lang='lat' dir='ltr'>est</span> <span class='ocrx_word' id='word_1_23' title='bbox 2151 769 2575 834; x_wconf 86' lang='lat' dir='ltr'>verissimum</span> 
     </span>
     <span class='ocr_line' id='line_1_5' title="bbox 618 853 2578 939; baseline -0.003 -16"><span class='ocrx_word' id='word_1_24' title='bbox 618 877 762 923; x_wconf 89' lang='lat' dir='ltr'>esse</span> <span class='ocrx_word' id='word_1_25' title='bbox 806 854 1119 939; x_wconf 91' lang='lat' dir='ltr'>quidquid</span> <span class='ocrx_word' id='word_1_26' title='bbox 1181 855 1485 922; x_wconf 78' lang='lat' dir='ltr'>dixerant</span> <span class='ocrx_word' id='word_1_27' title='bbox 1537 855 1773 921; x_wconf 86' lang='lat' dir='ltr'>fratres</span> <span class='ocrx_word' id='word_1_28' title='bbox 1818 855 2046 920; x_wconf 80' lang='lat' dir='ltr'>nostri.</span> <span class='ocrx_word' id='word_1_29' title='bbox 2134 853 2380 919; x_wconf 77' lang='lat' dir='ltr'>Triduo</span> <span class='ocrx_word' id='word_1_30' title='bbox 2424 860 2578 936; x_wconf 88' lang='lat' dir='ltr'>post</span> 
     </span>
     <span class='ocr_line' id='line_1_6' title="bbox 618 940 2577 1019; baseline -0.003 -11"><span class='ocrx_word' id='word_1_31' title='bbox 618 950 737 1008; x_wconf 88' lang='lat' dir='ltr'>aut</span> <span class='ocrx_word' id='word_1_32' title='bbox 778 943 1037 1008; x_wconf 86' lang='lat' dir='ltr'>circiter</span> <span class='ocrx_word' id='word_1_33' title='bbox 1079 942 1317 1007; x_wconf 88' lang='lat' dir='ltr'>obtulit</span> <span class='ocrx_word' id='word_1_34' title='bbox 1356 963 1427 1006; x_wconf 89' lang='lat' dir='ltr'>se</span> <span class='ocrx_word' id='word_1_35' title='bbox 1471 940 1784 1006; x_wconf 86' lang='lat' dir='ltr'>fratribus</span> <span class='ocrx_word' id='word_1_36' title='bbox 1824 940 2051 1006; x_wconf 87' lang='lat' dir='ltr'>classis</span> <span class='ocrx_word' id='word_1_37' title='bbox 2093 940 2437 1019; x_wconf 79' lang='lat' dir='ltr'>Gaiensis,</span> <span class='ocrx_word' id='word_1_38' title='bbox 2497 946 2577 1004; x_wconf 88' lang='lat' dir='ltr'>ut</span> 
     </span>
     <span class='ocr_line' id='line_1_7' title="bbox 618 1026 2575 1110; baseline -0.001 -18"><span class='ocrx_word' id='word_1_39' title='bbox 618 1028 743 1094; x_wconf 87' lang='lat' dir='ltr'>sibi</span> <span class='ocrx_word' id='word_1_40' title='bbox 797 1028 978 1095; x_wconf 91' lang='lat' dir='ltr'>locus</span> <span class='ocrx_word' id='word_1_41' title='bbox 1034 1028 1206 1110; x_wconf 89' lang='lat' dir='ltr'>apud</span> <span class='ocrx_word' id='word_1_42' title='bbox 1265 1049 1373 1093; x_wconf 92' lang='lat' dir='ltr'>eos</span> <span class='ocrx_word' id='word_1_43' title='bbox 1430 1028 1718 1092; x_wconf 87' lang='lat' dir='ltr'>daretur.</span> <span class='ocrx_word' id='word_1_44' title='bbox 1809 1027 1940 1092; x_wconf 90' lang='lat' dir='ltr'>Hic</span> <span class='ocrx_word' id='word_1_45' title='bbox 1984 1026 2248 1091; x_wconf 87' lang='lat' dir='ltr'>cernitis</span> <span class='ocrx_word' id='word_1_46' title='bbox 2286 1026 2575 1092; x_wconf 90' lang='lat' dir='ltr'>hominis</span> 
     </span>
     <span class='ocr_line' id='line_1_8' title="bbox 618 1109 2574 1197; baseline -0.001 -19"><span class='ocrx_word' id='word_1_47' title='bbox 618 1113 1033 1197; x_wconf 79' lang='lat' dir='ltr'>desperatam</span> <span class='ocrx_word' id='word_1_48' title='bbox 1089 1113 1591 1196; x_wconf 87' lang='lat' dir='ltr'>impudentiam,</span> <span class='ocrx_word' id='word_1_49' title='bbox 1650 1113 1764 1197; x_wconf 91' lang='lat' dir='ltr'>qui</span> <span class='ocrx_word' id='word_1_50' title='bbox 1817 1114 1887 1177; x_wconf 91' lang='lat' dir='ltr'>in</span> <span class='ocrx_word' id='word_1_51' title='bbox 1947 1121 2137 1177; x_wconf 89' lang='lat' dir='ltr'>coetu</span> <span class='ocrx_word' id='word_1_52' title='bbox 2192 1119 2415 1177; x_wconf 90' lang='lat' dir='ltr'>nostro</span> <span class='ocrx_word' id='word_1_53' title='bbox 2474 1109 2574 1177; x_wconf 91' lang='lat' dir='ltr'>bis</span> 
     </span>
     <span class='ocr_line' id='line_1_9' title="bbox 618 1196 2575 1280; baseline -0.002 -15"><span class='ocrx_word' id='word_1_54' title='bbox 618 1207 737 1265; x_wconf 89' lang='lat' dir='ltr'>aut</span> <span class='ocrx_word' id='word_1_55' title='bbox 779 1207 882 1264; x_wconf 88' lang='lat' dir='ltr'>ter</span> <span class='ocrx_word' id='word_1_56' title='bbox 926 1210 1322 1276; x_wconf 88' lang='lat' dir='ltr'>asseruerat,</span> <span class='ocrx_word' id='word_1_57' title='bbox 1384 1200 1507 1265; x_wconf 89' lang='lat' dir='ltr'>sibi</span> <span class='ocrx_word' id='word_1_58' title='bbox 1551 1198 1917 1264; x_wconf 89' lang='lat' dir='ltr'>necessario</span> <span class='ocrx_word' id='word_1_59' title='bbox 1964 1198 2044 1264; x_wconf 86' lang='lat' dir='ltr'>ab</span> <span class='ocrx_word' id='word_1_60' title='bbox 2091 1197 2270 1262; x_wconf 90' lang='lat' dir='ltr'>omni</span> <span class='ocrx_word' id='word_1_61' title='bbox 2313 1196 2575 1280; x_wconf 90' lang='lat' dir='ltr'>publico</span> 
     </span>
     <span class='ocr_line' id='line_1_10' title="bbox 615 1282 2574 1368; baseline -0.002 -19"><span class='ocrx_word' id='word_1_62' title='bbox 615 1306 889 1350; x_wconf 89' lang='lat' dir='ltr'>munere</span> <span class='ocrx_word' id='word_1_63' title='bbox 934 1285 1493 1368; x_wconf 83' lang='lat' dir='ltr'>supersedendum</span> <span class='ocrx_word' id='word_1_64' title='bbox 1529 1305 1687 1349; x_wconf 87' lang='lat' dir='ltr'>esse.</span> <span class='ocrx_word' id='word_1_65' title='bbox 1743 1282 1931 1348; x_wconf 88' lang='lat' dir='ltr'>Idem</span> <span class='ocrx_word' id='word_1_66' title='bbox 1965 1284 2037 1347; x_wconf 90' lang='lat' dir='ltr'>in</span> <span class='ocrx_word' id='word_1_67' title='bbox 2073 1291 2309 1348; x_wconf 88' lang='lat' dir='ltr'>senatu</span> <span class='ocrx_word' id='word_1_68' title='bbox 2345 1292 2574 1347; x_wconf 89' lang='lat' dir='ltr'>nostro</span> 
     </span>
     <span class='ocr_line' id='line_1_11' title="bbox 616 1366 2570 1452; baseline -0.003 -16"><span class='ocrx_word' id='word_1_69' title='bbox 616 1372 1139 1437; x_wconf 85' lang='lat' dir='ltr'>confirmaverat.</span> <span class='ocrx_word' id='word_1_70' title='bbox 1187 1370 1428 1436; x_wconf 84' lang='lat' dir='ltr'>Statim</span> <span class='ocrx_word' id='word_1_71' title='bbox 1473 1371 1908 1435; x_wconf 85' lang='lat' dir='ltr'>conditionem</span> <span class='ocrx_word' id='word_1_72' title='bbox 1955 1367 2037 1433; x_wconf 89' lang='lat' dir='ltr'>ad</span> <span class='ocrx_word' id='word_1_73' title='bbox 2082 1378 2304 1452; x_wconf 87' lang='lat' dir='ltr'>portas</span> <span class='ocrx_word' id='word_1_74' title='bbox 2348 1366 2570 1433; x_wconf 87' lang='lat' dir='ltr'>ambit.</span> 
     </span>
     <span class='ocr_line' id='line_1_12' title="bbox 614 1452 2574 1534; baseline -0.002 -13"><span class='ocrx_word' id='word_1_75' title='bbox 614 1456 755 1522; x_wconf 86' lang='lat' dir='ltr'>Vos</span> <span class='ocrx_word' id='word_1_76' title='bbox 795 1456 1093 1534; x_wconf 78' lang='lat' dir='ltr'>statuite,</span> <span class='ocrx_word' id='word_1_77' title='bbox 1139 1478 1221 1521; x_wconf 89' lang='lat' dir='ltr'>an</span> <span class='ocrx_word' id='word_1_78' title='bbox 1268 1456 1599 1523; x_wconf 83' lang='lat' dir='ltr'>tolerabile</span> <span class='ocrx_word' id='word_1_79' title='bbox 1648 1457 1736 1520; x_wconf 88' lang='lat' dir='ltr'>sit</span> <span class='ocrx_word' id='word_1_80' title='bbox 1777 1455 2152 1521; x_wconf 88' lang='lat' dir='ltr'>ministrum</span> <span class='ocrx_word' id='word_1_81' title='bbox 2199 1454 2384 1519; x_wconf 89' lang='lat' dir='ltr'>verbi</span> <span class='ocrx_word' id='word_1_82' title='bbox 2428 1452 2574 1518; x_wconf 92' lang='lat' dir='ltr'>Deo</span> 
     </span>
     <span class='ocr_line' id='line_1_13' title="bbox 616 1542 1819 1608; baseline -0.001 -1"><span class='ocrx_word' id='word_1_83' title='bbox 616 1548 682 1607; x_wconf 93' lang='lat' dir='ltr'>et</span> <span class='ocrx_word' id='word_1_84' title='bbox 726 1542 1036 1608; x_wconf 90' lang='lat' dir='ltr'>ecclesiae</span> <span class='ocrx_word' id='word_1_85' title='bbox 1080 1543 1344 1606; x_wconf 83' lang='lat' dir='ltr'>mentiri</span> <span class='ocrx_word' id='word_1_86' title='bbox 1388 1543 1454 1606; x_wconf 90' lang='lat' dir='ltr'>in</span> <span class='ocrx_word' id='word_1_87' title='bbox 1501 1563 1572 1605; x_wconf 83' lang='lat' dir='ltr'>re</span> <span class='ocrx_word' id='word_1_88' title='bbox 1615 1550 1819 1606; x_wconf 88' lang='lat' dir='ltr'>tanta.</span> 
     </span>
    </p>

    <p class='ocr_par' dir='ltr' id='par_1_3' title="bbox 613 1626 2574 4708">
     <span class='ocr_line' id='line_1_14' title="bbox 790 1626 2574 1709; baseline -0.002 -17"><span class='ocrx_word' id='word_1_89' title='bbox 790 1627 938 1709; x_wconf 80' lang='lat' dir='ltr'>Quo</span> <span class='ocrx_word' id='word_1_90' title='bbox 984 1649 1053 1693; x_wconf 90' lang='lat' dir='ltr'>se</span> <span class='ocrx_word' id='word_1_91' title='bbox 1091 1629 1162 1692; x_wconf 92' lang='lat' dir='ltr'>in</span> <span class='ocrx_word' id='word_1_92' title='bbox 1199 1626 1478 1692; x_wconf 86' lang='lat' dir='ltr'>fratrum</span> <span class='ocrx_word' id='word_1_93' title='bbox 1515 1627 1905 1693; x_wconf 80' lang='lat' dir='ltr'>Gaiensium</span> <span class='ocrx_word' id='word_1_94' title='bbox 1945 1627 2235 1691; x_wconf 87' lang='lat' dir='ltr'>favorem</span> <span class='ocrx_word' id='word_1_95' title='bbox 2275 1626 2574 1690; x_wconf 81' lang='lat' dir='ltr'>insinua—</span> 
     </span>
     <span class='ocr_line' id='line_1_15' title="bbox 615 1712 2572 1797; baseline -0.001 -20"><span class='ocrx_word' id='word_1_96' title='bbox 615 1722 738 1790; x_wconf 88' lang='lat' dir='ltr'>ret,</span> <span class='ocrx_word' id='word_1_97' title='bbox 785 1713 984 1779; x_wconf 84' lang='lat' dir='ltr'>finxit</span> <span class='ocrx_word' id='word_1_98' title='bbox 1026 1735 1094 1779; x_wconf 87' lang='lat' dir='ltr'>sc</span> <span class='ocrx_word' id='word_1_99' title='bbox 1141 1714 1381 1778; x_wconf 88' lang='lat' dir='ltr'>habere</span> <span class='ocrx_word' id='word_1_100' title='bbox 1427 1713 1751 1797; x_wconf 86' lang='lat' dir='ltr'>quaedam</span> <span class='ocrx_word' id='word_1_101' title='bbox 1796 1732 2035 1778; x_wconf 86' lang='lat' dir='ltr'>arcana</span> <span class='ocrx_word' id='word_1_102' title='bbox 2078 1731 2246 1794; x_wconf 89' lang='lat' dir='ltr'>quae</span> <span class='ocrx_word' id='word_1_103' title='bbox 2288 1712 2360 1776; x_wconf 91' lang='lat' dir='ltr'>in</span> <span class='ocrx_word' id='word_1_104' title='bbox 2405 1719 2572 1776; x_wconf 88' lang='lat' dir='ltr'>tem-</span> 
     </span>
     <span class='ocr_line' id='line_1_16' title="bbox 614 1797 2574 1884; baseline -0.002 -20"><span class='ocrx_word' id='word_1_105' title='bbox 614 1821 740 1884; x_wconf 90' lang='lat' dir='ltr'>pus</span> <span class='ocrx_word' id='word_1_106' title='bbox 782 1811 1218 1882; x_wconf 88' lang='lat' dir='ltr'>opportunum</span> <span class='ocrx_word' id='word_1_107' title='bbox 1278 1799 1587 1864; x_wconf 84' lang='lat' dir='ltr'>differret.</span> <span class='ocrx_word' id='word_1_108' title='bbox 1680 1799 2006 1864; x_wconf 83' lang='lat' dir='ltr'>Privatim</span> <span class='ocrx_word' id='word_1_109' title='bbox 2050 1797 2574 1879; x_wconf 79' lang='lat' dir='ltr'>conquerebatur</span> 
     </span>
     <span class='ocr_line' id='line_1_17' title="bbox 614 1881 2574 1969; baseline -0.002 -20"><span class='ocrx_word' id='word_1_110' title='bbox 614 1885 688 1949; x_wconf 90' lang='lat' dir='ltr'>in</span> <span class='ocrx_word' id='word_1_111' title='bbox 732 1907 922 1950; x_wconf 89' lang='lat' dir='ltr'>aures</span> <span class='ocrx_word' id='word_1_112' title='bbox 967 1886 1394 1969; x_wconf 86' lang='lat' dir='ltr'>singulorum,</span> <span class='ocrx_word' id='word_1_113' title='bbox 1441 1887 1706 1950; x_wconf 85' lang='lat' dir='ltr'>fratrem</span> <span class='ocrx_word' id='word_1_114' title='bbox 1750 1896 2049 1949; x_wconf 90' lang='lat' dir='ltr'>nostrum</span> <span class='ocrx_word' id='word_1_115' title='bbox 2079 1881 2413 1948; x_wconf 77' lang='lat' dir='ltr'>Calvinum</span> <span class='ocrx_word' id='word_1_116' title='bbox 2448 1883 2574 1948; x_wconf 84' lang='lat' dir='ltr'>sibi</span> 
     </span>
     <span class='ocr_line' id='line_1_18' title="bbox 613 1967 2571 2052; baseline -0.002 -15"><span class='ocrx_word' id='word_1_117' title='bbox 613 1978 684 2037; x_wconf 91' lang='lat' dir='ltr'>et</span> <span class='ocrx_word' id='word_1_118' title='bbox 739 1970 998 2038; x_wconf 90' lang='lat' dir='ltr'>cuidam</span> <span class='ocrx_word' id='word_1_119' title='bbox 1058 1971 1262 2035; x_wconf 83' lang='lat' dir='ltr'>sodali</span> <span class='ocrx_word' id='word_1_120' title='bbox 1329 1993 1479 2047; x_wconf 87' lang='lat' dir='ltr'>sue,</span> <span class='ocrx_word' id='word_1_121' title='bbox 1541 1972 1649 2052; x_wconf 90' lang='lat' dir='ltr'>qui</span> <span class='ocrx_word' id='word_1_122' title='bbox 1710 1989 1859 2034; x_wconf 89' lang='lat' dir='ltr'>cum</span> <span class='ocrx_word' id='word_1_123' title='bbox 1914 1991 1988 2034; x_wconf 90' lang='lat' dir='ltr'>eo</span> <span class='ocrx_word' id='word_1_124' title='bbox 2042 1989 2255 2051; x_wconf 88' lang='lat' dir='ltr'>nuper</span> <span class='ocrx_word' id='word_1_125' title='bbox 2313 1967 2394 2033; x_wconf 89' lang='lat' dir='ltr'>ad</span> <span class='ocrx_word' id='word_1_126' title='bbox 2454 1989 2571 2033; x_wconf 89' lang='lat' dir='ltr'>vos</span> 
     </span>
     <span class='ocr_line' id='line_1_19' title="bbox 613 2054 2572 2139; baseline -0.002 -17"><span class='ocrx_word' id='word_1_127' title='bbox 613 2058 945 2122; x_wconf 84' lang='lat' dir='ltr'>nescimus</span> <span class='ocrx_word' id='word_1_128' title='bbox 991 2078 1120 2139; x_wconf 92' lang='lat' dir='ltr'>qua</span> <span class='ocrx_word' id='word_1_129' title='bbox 1163 2056 1244 2121; x_wconf 91' lang='lat' dir='ltr'>de</span> <span class='ocrx_word' id='word_1_130' title='bbox 1288 2077 1485 2121; x_wconf 87' lang='lat' dir='ltr'>causa</span> <span class='ocrx_word' id='word_1_131' title='bbox 1526 2056 1856 2138; x_wconf 86' lang='lat' dir='ltr'>profectus</span> <span class='ocrx_word' id='word_1_132' title='bbox 1899 2064 2028 2131; x_wconf 88' lang='lat' dir='ltr'>est,</span> <span class='ocrx_word' id='word_1_133' title='bbox 2075 2054 2380 2119; x_wconf 86' lang='lat' dir='ltr'>infestum</span> <span class='ocrx_word' id='word_1_134' title='bbox 2429 2074 2572 2119; x_wconf 89' lang='lat' dir='ltr'>esse</span> 
     </span>
     <span class='ocr_line' id='line_1_20' title="bbox 614 2140 2572 2227; baseline -0.002 -19"><span class='ocrx_word' id='word_1_135' title='bbox 614 2141 787 2227; x_wconf 90' lang='lat' dir='ltr'>quod</span> <span class='ocrx_word' id='word_1_136' title='bbox 841 2143 1189 2225; x_wconf 88' lang='lat' dir='ltr'>parochiae</span> <span class='ocrx_word' id='word_1_137' title='bbox 1245 2141 1582 2206; x_wconf 87' lang='lat' dir='ltr'>cuiusdam</span> <span class='ocrx_word' id='word_1_138' title='bbox 1641 2142 2083 2223; x_wconf 88' lang='lat' dir='ltr'>possessiones</span> <span class='ocrx_word' id='word_1_139' title='bbox 2129 2161 2167 2205; x_wconf 91' lang='lat' dir='ltr'>a</span> <span class='ocrx_word' id='word_1_140' title='bbox 2211 2140 2572 2205; x_wconf 85' lang='lat' dir='ltr'>clarissimo</span> 
     </span>
     <span class='ocr_line' id='line_1_21' title="bbox 615 2224 2571 2311; baseline -0.002 -17"><span class='ocrx_word' id='word_1_141' title='bbox 615 2236 850 2294; x_wconf 89' lang='lat' dir='ltr'>senatu</span> <span class='ocrx_word' id='word_1_142' title='bbox 886 2237 1109 2294; x_wconf 84' lang='lat' dir='ltr'>vestro</span> <span class='ocrx_word' id='word_1_143' title='bbox 1144 2230 1473 2293; x_wconf 86' lang='lat' dir='ltr'>emissent.</span> <span class='ocrx_word' id='word_1_144' title='bbox 1520 2225 1601 2291; x_wconf 95' lang='lat' dir='ltr'>Id</span> <span class='ocrx_word' id='word_1_145' title='bbox 1637 2227 2116 2311; x_wconf 77' lang='lat' dir='ltr'>improbissime</span> <span class='ocrx_word' id='word_1_146' title='bbox 2155 2224 2236 2289; x_wconf 88' lang='lat' dir='ltr'>ab</span> <span class='ocrx_word' id='word_1_147' title='bbox 2273 2248 2347 2290; x_wconf 91' lang='lat' dir='ltr'>eo</span> <span class='ocrx_word' id='word_1_148' title='bbox 2369 2226 2571 2291; x_wconf 87' lang='lat' dir='ltr'>fuisse</span> 
     </span>
     <span class='ocr_line' id='line_1_22' title="bbox 616 2311 2566 2394; baseline -0.003 -14"><span class='ocrx_word' id='word_1_149' title='bbox 616 2315 966 2381; x_wconf 87' lang='lat' dir='ltr'>confictum</span> <span class='ocrx_word' id='word_1_150' title='bbox 1035 2335 1154 2378; x_wconf 85' lang='lat' dir='ltr'>nos</span> <span class='ocrx_word' id='word_1_151' title='bbox 1220 2324 1423 2377; x_wconf 87' lang='lat' dir='ltr'>testes</span> <span class='ocrx_word' id='word_1_152' title='bbox 1486 2334 1735 2388; x_wconf 87' lang='lat' dir='ltr'>sumus,</span> <span class='ocrx_word' id='word_1_153' title='bbox 1804 2324 1869 2377; x_wconf 88' lang='lat' dir='ltr'>et</span> <span class='ocrx_word' id='word_1_154' title='bbox 1933 2332 2038 2376; x_wconf 91' lang='lat' dir='ltr'>res</span> <span class='ocrx_word' id='word_1_155' title='bbox 2102 2312 2245 2394; x_wconf 85' lang='lat' dir='ltr'>ipsa</span> <span class='ocrx_word' id='word_1_156' title='bbox 2310 2311 2566 2377; x_wconf 88' lang='lat' dir='ltr'>clamat.</span> 
     </span>
     <span class='ocr_line' id='line_1_23' title="bbox 616 2398 2570 2483; baseline -0.001 -22"><span class='ocrx_word' id='word_1_157' title='bbox 616 2398 863 2464; x_wconf 86' lang='lat' dir='ltr'>Verum</span> <span class='ocrx_word' id='word_1_158' title='bbox 907 2399 1164 2483; x_wconf 88' lang='lat' dir='ltr'>longius</span> <span class='ocrx_word' id='word_1_159' title='bbox 1208 2399 1417 2463; x_wconf 89' lang='lat' dir='ltr'>multo</span> <span class='ocrx_word' id='word_1_160' title='bbox 1462 2399 1774 2481; x_wconf 88' lang='lat' dir='ltr'>perrupit.</span> <span class='ocrx_word' id='word_1_161' title='bbox 1860 2398 2088 2463; x_wconf 80' lang='lat' dir='ltr'>Berua</span> <span class='ocrx_word' id='word_1_162' title='bbox 2131 2398 2303 2462; x_wconf 91' lang='lat' dir='ltr'>enim</span> <span class='ocrx_word' id='word_1_163' title='bbox 2352 2418 2570 2461; x_wconf 86' lang='lat' dir='ltr'>rever-</span> 
     </span>
     <span class='ocr_line' id='line_1_24' title="bbox 617 2486 2568 2566; baseline -0.003 -16"><span class='ocrx_word' id='word_1_164' title='bbox 617 2507 731 2550; x_wconf 90' lang='lat' dir='ltr'>sus</span> <span class='ocrx_word' id='word_1_165' title='bbox 787 2486 1229 2549; x_wconf 85' lang='lat' dir='ltr'>testimonium</span> <span class='ocrx_word' id='word_1_166' title='bbox 1285 2507 1324 2548; x_wconf 87' lang='lat' dir='ltr'>a</span> <span class='ocrx_word' id='word_1_167' title='bbox 1367 2494 1597 2549; x_wconf 88' lang='lat' dir='ltr'>senatu</span> <span class='ocrx_word' id='word_1_168' title='bbox 1653 2494 1878 2548; x_wconf 90' lang='lat' dir='ltr'>nostro</span> <span class='ocrx_word' id='word_1_169' title='bbox 1934 2505 2133 2566; x_wconf 90' lang='lat' dir='ltr'>quum</span> <span class='ocrx_word' id='word_1_170' title='bbox 2179 2490 2460 2565; x_wconf 88' lang='lat' dir='ltr'>peteret,</span> <span class='ocrx_word' id='word_1_171' title='bbox 2487 2487 2568 2562; x_wconf 81' lang='lat'>¹⁸)</span> 
     </span>
     <span class='ocr_line' id='line_1_25' title="bbox 616 2565 2569 2652; baseline -0.002 -16"><span class='ocrx_word' id='word_1_172' title='bbox 616 2571 846 2636; x_wconf 91' lang='lat' dir='ltr'>multis</span> <span class='ocrx_word' id='word_1_173' title='bbox 890 2579 956 2634; x_wconf 92' lang='lat' dir='ltr'>et</span> <span class='ocrx_word' id='word_1_174' title='bbox 1000 2569 1407 2635; x_wconf 82' lang='lat' dir='ltr'>mordacibus</span> <span class='ocrx_word' id='word_1_175' title='bbox 1464 2569 1806 2633; x_wconf 88' lang='lat' dir='ltr'>calumniis</span> <span class='ocrx_word' id='word_1_176' title='bbox 1852 2589 1970 2633; x_wconf 89' lang='lat' dir='ltr'>nos</span> <span class='ocrx_word' id='word_1_177' title='bbox 2012 2569 2355 2652; x_wconf 80' lang='lat' dir='ltr'>impetivit.</span> <span class='ocrx_word' id='word_1_178' title='bbox 2447 2565 2569 2633; x_wconf 81' lang='lat' dir='ltr'>Se-</span> 
     </span>
     <span class='ocr_line' id='line_1_26' title="bbox 617 2654 2567 2738; baseline -0.001 -17"><span class='ocrx_word' id='word_1_179' title='bbox 617 2666 845 2733; x_wconf 87' lang='lat' dir='ltr'>natus,</span> <span class='ocrx_word' id='word_1_180' title='bbox 904 2656 972 2720; x_wconf 90' lang='lat' dir='ltr'>id</span> <span class='ocrx_word' id='word_1_181' title='bbox 1015 2656 1185 2738; x_wconf 92' lang='lat' dir='ltr'>quod</span> <span class='ocrx_word' id='word_1_182' title='bbox 1228 2669 1403 2733; x_wconf 87' lang='lat' dir='ltr'>erat,</span> <span class='ocrx_word' id='word_1_183' title='bbox 1459 2655 1757 2738; x_wconf 87' lang='lat' dir='ltr'>iniquum</span> <span class='ocrx_word' id='word_1_184' title='bbox 1804 2655 1943 2719; x_wconf 85' lang='lat' dir='ltr'>foro</span> <span class='ocrx_word' id='word_1_185' title='bbox 1987 2663 2171 2719; x_wconf 89' lang='lat' dir='ltr'>ratus</span> <span class='ocrx_word' id='word_1_186' title='bbox 2215 2655 2271 2720; x_wconf 92' lang='lat' dir='ltr'>si</span> <span class='ocrx_word' id='word_1_187' title='bbox 2316 2675 2440 2719; x_wconf 90' lang='lat' dir='ltr'>nos</span> <span class='ocrx_word' id='word_1_188' title='bbox 2485 2654 2567 2719; x_wconf 92' lang='lat' dir='ltr'>ad</span> 
     </span>
     <span class='ocr_line' id='line_1_27' title="bbox 616 2739 2569 2826; baseline -0.001 -20"><span class='ocrx_word' id='word_1_189' title='bbox 616 2741 1071 2826; x_wconf 85' lang='lat' dir='ltr'>purgationem</span> <span class='ocrx_word' id='word_1_190' title='bbox 1111 2764 1241 2806; x_wconf 94' lang='lat' dir='ltr'>non</span> <span class='ocrx_word' id='word_1_191' title='bbox 1278 2741 1673 2819; x_wconf 85' lang='lat' dir='ltr'>admitteret,</span> <span class='ocrx_word' id='word_1_192' title='bbox 1713 2739 1930 2805; x_wconf 87' lang='lat' dir='ltr'>triduo</span> <span class='ocrx_word' id='word_1_193' title='bbox 1967 2749 2115 2823; x_wconf 89' lang='lat' dir='ltr'>post</span> <span class='ocrx_word' id='word_1_194' title='bbox 2153 2762 2300 2804; x_wconf 91' lang='lat' dir='ltr'>eum</span> <span class='ocrx_word' id='word_1_195' title='bbox 2340 2739 2569 2805; x_wconf 90' lang='lat' dir='ltr'>adesse</span> 
     </span>
     <span class='ocr_line' id='line_1_28' title="bbox 615 2825 2569 2911; baseline -0.002 -18"><span class='ocrx_word' id='word_1_196' title='bbox 615 2829 826 2893; x_wconf 90' lang='lat' dir='ltr'>iussit.</span> <span class='ocrx_word' id='word_1_197' title='bbox 858 2831 936 2907; x_wconf 87' lang='lat'>¹⁴)</span> <span class='ocrx_word' id='word_1_198' title='bbox 1024 2828 1161 2892; x_wconf 87' lang='lat' dir='ltr'>Nos</span> <span class='ocrx_word' id='word_1_199' title='bbox 1208 2848 1461 2911; x_wconf 89' lang='lat' dir='ltr'>quoque</span> <span class='ocrx_word' id='word_1_200' title='bbox 1505 2825 1723 2890; x_wconf 87' lang='lat' dir='ltr'>vocati</span> <span class='ocrx_word' id='word_1_201' title='bbox 1778 2848 2025 2892; x_wconf 77' lang='lat' dir='ltr'>sumne.</span> <span class='ocrx_word' id='word_1_202' title='bbox 2112 2826 2403 2891; x_wconf 87' lang='lat' dir='ltr'>Praefati</span> <span class='ocrx_word' id='word_1_203' title='bbox 2452 2846 2569 2891; x_wconf 90' lang='lat' dir='ltr'>nos</span> 
     </span>
     <span class='ocr_line' id='line_1_29' title="bbox 615 2912 2565 2995; baseline -0.002 -17"><span class='ocrx_word' id='word_1_204' title='bbox 615 2914 890 2978; x_wconf 90' lang='lat' dir='ltr'>minime</span> <span class='ocrx_word' id='word_1_205' title='bbox 953 2913 1395 2979; x_wconf 89' lang='lat' dir='ltr'>voluntarium</span> <span class='ocrx_word' id='word_1_206' title='bbox 1463 2932 1613 2976; x_wconf 94' lang='lat' dir='ltr'>cum</span> <span class='ocrx_word' id='word_1_207' title='bbox 1679 2934 1755 2977; x_wconf 92' lang='lat' dir='ltr'>eo</span> <span class='ocrx_word' id='word_1_208' title='bbox 1819 2912 2147 2995; x_wconf 80' lang='lat' dir='ltr'>suscipere</span> <span class='ocrx_word' id='word_1_209' title='bbox 2213 2919 2565 2988; x_wconf 87' lang='lat' dir='ltr'>certamen,</span> 
     </span>
     <span class='ocr_line' id='line_1_30' title="bbox 616 2998 2570 3082; baseline -0.002 -18"><span class='ocrx_word' id='word_1_210' title='bbox 616 2999 847 3064; x_wconf 89' lang='lat' dir='ltr'>mirari</span> <span class='ocrx_word' id='word_1_211' title='bbox 889 3021 1009 3066; x_wconf 91' lang='lat' dir='ltr'>nos</span> <span class='ocrx_word' id='word_1_212' title='bbox 1053 2999 1340 3064; x_wconf 82' lang='lat' dir='ltr'>diximus</span> <span class='ocrx_word' id='word_1_213' title='bbox 1362 3050 1375 3076; x_wconf 90' lang='lat'>,</span> <span class='ocrx_word' id='word_1_214' title='bbox 1419 2998 1564 3081; x_wconf 88' lang='lat' dir='ltr'>quis</span> <span class='ocrx_word' id='word_1_215' title='bbox 1610 3019 1760 3062; x_wconf 91' lang='lat' dir='ltr'>eum</span> <span class='ocrx_word' id='word_1_216' title='bbox 1805 2999 2036 3082; x_wconf 87' lang='lat' dir='ltr'>genius</span> <span class='ocrx_word' id='word_1_217' title='bbox 2079 2998 2446 3074; x_wconf 85' lang='lat' dir='ltr'>incitasset,</span> <span class='ocrx_word' id='word_1_218' title='bbox 2492 3007 2570 3062; x_wconf 90' lang='lat' dir='ltr'>ut</span> 
     </span>
     <span class='ocr_line' id='line_1_31' title="bbox 617 3082 2568 3152; baseline -0.002 -1"><span class='ocrx_word' id='word_1_219' title='bbox 617 3107 738 3151; x_wconf 90' lang='lat' dir='ltr'>nos</span> <span class='ocrx_word' id='word_1_220' title='bbox 781 3085 1188 3152; x_wconf 89' lang='lat' dir='ltr'>criminando</span> <span class='ocrx_word' id='word_1_221' title='bbox 1249 3084 1583 3150; x_wconf 88' lang='lat' dir='ltr'>meliorem</span> <span class='ocrx_word' id='word_1_222' title='bbox 1627 3105 1814 3150; x_wconf 92' lang='lat' dir='ltr'>suam</span> <span class='ocrx_word' id='word_1_223' title='bbox 1850 3104 2116 3149; x_wconf 88' lang='lat' dir='ltr'>causam</span> <span class='ocrx_word' id='word_1_224' title='bbox 2158 3082 2568 3150; x_wconf 82' lang='lat' dir='ltr'>existimaret</span> 
     </span>
     <span class='ocr_line' id='line_1_32' title="bbox 617 3168 2568 3255; baseline -0.003 -17"><span class='ocrx_word' id='word_1_225' title='bbox 617 3172 1076 3238; x_wconf 71' lang='lat' dir='ltr'>sefacturum.</span> <span class='ocrx_word' id='word_1_226' title='bbox 1164 3173 1335 3236; x_wconf 78' lang='lat' dir='ltr'>Tum</span> <span class='ocrx_word' id='word_1_227' title='bbox 1390 3171 1612 3235; x_wconf 90' lang='lat' dir='ltr'>omnia</span> <span class='ocrx_word' id='word_1_228' title='bbox 1652 3170 1770 3235; x_wconf 91' lang='lat' dir='ltr'>illa</span> <span class='ocrx_word' id='word_1_229' title='bbox 1812 3191 1978 3255; x_wconf 88' lang='lat' dir='ltr'>quae</span> <span class='ocrx_word' id='word_1_230' title='bbox 2022 3170 2297 3237; x_wconf 87' lang='lat' dir='ltr'>audistis</span> <span class='ocrx_word' id='word_1_231' title='bbox 2339 3168 2568 3234; x_wconf 90' lang='lat' dir='ltr'>ordine</span> 
     </span>
     <span class='ocr_line' id='line_1_33' title="bbox 616 3254 2568 3339; baseline -0.002 -16"><span class='ocrx_word' id='word_1_232' title='bbox 616 3258 1066 3335; x_wconf 84' lang='lat' dir='ltr'>recitavimus,</span> <span class='ocrx_word' id='word_1_233' title='bbox 1111 3264 1188 3322; x_wconf 87' lang='lat' dir='ltr'>ut</span> <span class='ocrx_word' id='word_1_234' title='bbox 1227 3256 1383 3322; x_wconf 91' lang='lat' dir='ltr'>inde</span> <span class='ocrx_word' id='word_1_235' title='bbox 1425 3256 1741 3321; x_wconf 90' lang='lat' dir='ltr'>iudicium</span> <span class='ocrx_word' id='word_1_236' title='bbox 1787 3258 1991 3326; x_wconf 88' lang='lat' dir='ltr'>fieret.</span> <span class='ocrx_word' id='word_1_237' title='bbox 2077 3254 2260 3321; x_wconf 86' lang='lat' dir='ltr'>Nihil</span> <span class='ocrx_word' id='word_1_238' title='bbox 2300 3276 2568 3339; x_wconf 90' lang='lat' dir='ltr'>prorsus</span> 
     </span>
     <span class='ocr_line' id='line_1_34' title="bbox 616 3340 2569 3427; baseline -0.002 -19"><span class='ocrx_word' id='word_1_239' title='bbox 616 3345 913 3427; x_wconf 86' lang='lat' dir='ltr'>negavit,</span> <span class='ocrx_word' id='word_1_240' title='bbox 972 3364 1183 3426; x_wconf 89' lang='lat' dir='ltr'>neque</span> <span class='ocrx_word' id='word_1_241' title='bbox 1236 3342 1496 3407; x_wconf 88' lang='lat' dir='ltr'>silentio</span> <span class='ocrx_word' id='word_1_242' title='bbox 1549 3351 1895 3408; x_wconf 88' lang='lat' dir='ltr'>contentus</span> <span class='ocrx_word' id='word_1_243' title='bbox 1951 3343 2206 3426; x_wconf 86' lang='lat' dir='ltr'>ingenti</span> <span class='ocrx_word' id='word_1_244' title='bbox 2272 3340 2569 3405; x_wconf 90' lang='lat' dir='ltr'>omnium</span> 
     </span>
     <span class='ocr_line' id='line_1_35' title="bbox 616 3426 2568 3512; baseline -0.002 -18"><span class='ocrx_word' id='word_1_245' title='bbox 616 3436 887 3512; x_wconf 83' lang='lat' dir='ltr'>stupore</span> <span class='ocrx_word' id='word_1_246' title='bbox 930 3429 1262 3494; x_wconf 88' lang='lat' dir='ltr'>confessus</span> <span class='ocrx_word' id='word_1_247' title='bbox 1305 3436 1408 3493; x_wconf 88' lang='lat' dir='ltr'>cst</span> <span class='ocrx_word' id='word_1_248' title='bbox 1449 3427 1516 3492; x_wconf 94' lang='lat' dir='ltr'>id</span> <span class='ocrx_word' id='word_1_249' title='bbox 1538 3435 1772 3512; x_wconf 31' lang='lat' dir='ltr'>‚totum</span> <span class='ocrx_word' id='word_1_250' title='bbox 1814 3449 1956 3493; x_wconf 90' lang='lat' dir='ltr'>esse</span> <span class='ocrx_word' id='word_1_251' title='bbox 1995 3447 2248 3494; x_wconf 88' lang='lat' dir='ltr'>verum.</span> <span class='ocrx_word' id='word_1_252' title='bbox 2311 3426 2568 3491; x_wconf 91' lang='lat' dir='ltr'>Iterum</span> 
     </span>
     <span class='ocr_line' id='line_1_36' title="bbox 614 3510 2568 3598; baseline -0.002 -19"><span class='ocrx_word' id='word_1_253' title='bbox 614 3515 941 3598; x_wconf 86' lang='lat' dir='ltr'>permissu</span> <span class='ocrx_word' id='word_1_254' title='bbox 998 3524 1263 3580; x_wconf 88' lang='lat' dir='ltr'>senatus</span> <span class='ocrx_word' id='word_1_255' title='bbox 1319 3534 1604 3598; x_wconf 88' lang='lat' dir='ltr'>purgare</span> <span class='ocrx_word' id='word_1_256' title='bbox 1662 3533 1782 3578; x_wconf 84' lang='lat' dir='ltr'>nos</span> <span class='ocrx_word' id='word_1_257' title='bbox 1826 3514 2157 3596; x_wconf 89' lang='lat' dir='ltr'>coepimus</span> <span class='ocrx_word' id='word_1_258' title='bbox 2202 3533 2242 3577; x_wconf 90' lang='lat' dir='ltr'>a</span> <span class='ocrx_word' id='word_1_259' title='bbox 2282 3510 2568 3578; x_wconf 85' lang='lat' dir='ltr'>malevo-</span> 
     </span>
     <span class='ocr_line' id='line_1_37' title="bbox 614 3597 2567 3683; baseline -0.003 -18"><span class='ocrx_word' id='word_1_260' title='bbox 614 3600 859 3665; x_wconf 86' lang='lat' dir='ltr'>lentiae</span> <span class='ocrx_word' id='word_1_261' title='bbox 906 3600 1271 3683; x_wconf 89' lang='lat' dir='ltr'>suspicione</span> <span class='ocrx_word' id='word_1_262' title='bbox 1313 3621 1511 3682; x_wconf 91' lang='lat' dir='ltr'>quam</span> <span class='ocrx_word' id='word_1_263' title='bbox 1554 3597 1742 3663; x_wconf 90' lang='lat' dir='ltr'>nobis</span> <span class='ocrx_word' id='word_1_264' title='bbox 1786 3597 2163 3664; x_wconf 88' lang='lat' dir='ltr'>absentibus</span> <span class='ocrx_word' id='word_1_265' title='bbox 2206 3598 2567 3663; x_wconf 89' lang='lat' dir='ltr'>inusserat:</span> 
     </span>
     <span class='ocr_line' id='line_1_38' title="bbox 618 3685 2567 3767; baseline -0.001 -17"><span class='ocrx_word' id='word_1_266' title='bbox 618 3685 930 3752; x_wconf 90' lang='lat' dir='ltr'>diluimus</span> <span class='ocrx_word' id='word_1_267' title='bbox 996 3685 1155 3749; x_wconf 87' lang='lat' dir='ltr'>item</span> <span class='ocrx_word' id='word_1_268' title='bbox 1234 3685 1595 3751; x_wconf 87' lang='lat' dir='ltr'>calumnias</span> <span class='ocrx_word' id='word_1_269' title='bbox 1673 3704 1834 3767; x_wconf 89' lang='lat' dir='ltr'>quas</span> <span class='ocrx_word' id='word_1_270' title='bbox 1910 3685 2098 3750; x_wconf 89' lang='lat' dir='ltr'>nobis</span> <span class='ocrx_word' id='word_1_271' title='bbox 2179 3693 2567 3766; x_wconf 86' lang='lat' dir='ltr'>asperserat.</span> 
     </span>
     <span class='ocr_line' id='line_1_39' title="bbox 618 3768 2566 3855; baseline -0.002 -19"><span class='ocrx_word' id='word_1_272' title='bbox 618 3769 772 3852; x_wconf 75' lang='lat' dir='ltr'>Qua</span> <span class='ocrx_word' id='word_1_273' title='bbox 803 3771 875 3836; x_wconf 91' lang='lat' dir='ltr'>in</span> <span class='ocrx_word' id='word_1_274' title='bbox 911 3782 1095 3855; x_wconf 87' lang='lat' dir='ltr'>parte</span> <span class='ocrx_word' id='word_1_275' title='bbox 1130 3770 1388 3836; x_wconf 81' lang='lat' dir='ltr'>servilis</span> <span class='ocrx_word' id='word_1_276' title='bbox 1421 3770 1674 3854; x_wconf 90' lang='lat' dir='ltr'>ingenii</span> <span class='ocrx_word' id='word_1_277' title='bbox 1695 3768 1946 3835; x_wconf 88' lang='lat' dir='ltr'>malitia</span> <span class='ocrx_word' id='word_1_278' title='bbox 1971 3771 2291 3854; x_wconf 87' lang='lat' dir='ltr'>apparuit.</span> <span class='ocrx_word' id='word_1_279' title='bbox 2339 3770 2566 3834; x_wconf 74' lang='lat' dir='ltr'>&#39;l&#39;esta-</span> 
     </span>
     <span class='ocr_line' id='line_1_40' title="bbox 616 3856 2573 3939; baseline -0.002 -18"><span class='ocrx_word' id='word_1_280' title='bbox 616 3865 730 3922; x_wconf 87' lang='lat' dir='ltr'>tus</span> <span class='ocrx_word' id='word_1_281' title='bbox 788 3858 962 3922; x_wconf 87' lang='lat' dir='ltr'>enim</span> <span class='ocrx_word' id='word_1_282' title='bbox 1020 3864 1121 3922; x_wconf 87' lang='lat' dir='ltr'>cst</span> <span class='ocrx_word' id='word_1_283' title='bbox 1177 3877 1394 3922; x_wconf 86' lang='lat' dir='ltr'>coram</span> <span class='ocrx_word' id='word_1_284' title='bbox 1451 3864 1681 3921; x_wconf 88' lang='lat' dir='ltr'>senatu</span> <span class='ocrx_word' id='word_1_285' title='bbox 1739 3876 1811 3920; x_wconf 93' lang='lat' dir='ltr'>se</span> <span class='ocrx_word' id='word_1_286' title='bbox 1867 3856 2110 3939; x_wconf 89' lang='lat' dir='ltr'>absque</span> <span class='ocrx_word' id='word_1_287' title='bbox 2165 3856 2363 3920; x_wconf 89' lang='lat' dir='ltr'>ullius</span> <span class='ocrx_word' id='word_1_288' title='bbox 2415 3861 2573 3919; x_wconf 87' lang='lat' dir='ltr'>nota</span> 
     </span>
     <span class='ocr_line' id='line_1_41' title="bbox 614 3941 2571 4026; baseline -0.002 -19"><span class='ocrx_word' id='word_1_289' title='bbox 614 3950 837 4026; x_wconf 90' lang='lat' dir='ltr'>petere</span> <span class='ocrx_word' id='word_1_290' title='bbox 879 3943 1279 4022; x_wconf 89' lang='lat' dir='ltr'>missionem,</span> <span class='ocrx_word' id='word_1_291' title='bbox 1324 3963 1446 4007; x_wconf 89' lang='lat' dir='ltr'>nec</span> <span class='ocrx_word' id='word_1_292' title='bbox 1488 3941 1612 4006; x_wconf 91' lang='lat' dir='ltr'>sibi</span> <span class='ocrx_word' id='word_1_293' title='bbox 1647 3942 1716 4005; x_wconf 90' lang='lat' dir='ltr'>in</span> <span class='ocrx_word' id='word_1_294' title='bbox 1753 3941 1971 4006; x_wconf 91' lang='lat' dir='ltr'>animo</span> <span class='ocrx_word' id='word_1_295' title='bbox 2015 3962 2157 4007; x_wconf 90' lang='lat' dir='ltr'>esse</span> <span class='ocrx_word' id='word_1_296' title='bbox 2242 3941 2571 4023; x_wconf 89' lang='lat' dir='ltr'>uempiam</span> 
     </span>
     <span class='ocr_line' id='line_1_42' title="bbox 619 4026 2572 4112; baseline -0.002 -19"><span class='ocrx_word' id='word_1_297' title='bbox 619 4049 901 4112; x_wconf 87' lang='lat' dir='ltr'>gravare</span> <span class='ocrx_word' id='word_1_298' title='bbox 944 4027 1209 4094; x_wconf 86' lang='lat' dir='ltr'>invidia.</span> <span class='ocrx_word' id='word_1_299' title='bbox 1301 4028 1488 4093; x_wconf 83' lang='lat' dir='ltr'>Actis</span> <span class='ocrx_word' id='word_1_300' title='bbox 1532 4036 1749 4092; x_wconf 89' lang='lat' dir='ltr'>autem</span> <span class='ocrx_word' id='word_1_301' title='bbox 1790 4026 2065 4110; x_wconf 92' lang='lat' dir='ltr'>publicis</span> <span class='ocrx_word' id='word_1_302' title='bbox 2108 4048 2222 4092; x_wconf 93' lang='lat' dir='ltr'>mu</span> <span class='ocrx_word' id='word_1_303' title='bbox 2249 4036 2317 4091; x_wconf 87' lang='lat' dir='ltr'>ta</span> <span class='ocrx_word' id='word_1_304' title='bbox 2361 4026 2572 4092; x_wconf 90' lang='lat' dir='ltr'>conti-</span> 
     </span>
     <span class='ocr_line' id='line_1_43' title="bbox 618 4111 2568 4197; baseline -0.002 -19"><span class='ocrx_word' id='word_1_305' title='bbox 618 4112 948 4179; x_wconf 89' lang='lat' dir='ltr'>nebantur</span> <span class='ocrx_word' id='word_1_306' title='bbox 1011 4113 1248 4197; x_wconf 91' lang='lat' dir='ltr'>quibus</span> <span class='ocrx_word' id='word_1_307' title='bbox 1315 4114 1502 4177; x_wconf 90' lang='lat' dir='ltr'>nobis</span> <span class='ocrx_word' id='word_1_308' title='bbox 1565 4112 1790 4177; x_wconf 91' lang='lat' dir='ltr'>odium</span> <span class='ocrx_word' id='word_1_309' title='bbox 1855 4114 2141 4178; x_wconf 86' lang='lat' dir='ltr'>conflare</span> <span class='ocrx_word' id='word_1_310' title='bbox 2206 4111 2568 4178; x_wconf 83' lang='lat' dir='ltr'>studuerat.</span> 
     </span>
     <span class='ocr_line' id='line_1_44' title="bbox 616 4197 2572 4281; baseline -0.002 -17"><span class='ocrx_word' id='word_1_311' title='bbox 616 4199 934 4265; x_wconf 87' lang='lat' dir='ltr'>Defensio</span> <span class='ocrx_word' id='word_1_312' title='bbox 988 4207 1216 4264; x_wconf 89' lang='lat' dir='ltr'>nostra</span> <span class='ocrx_word' id='word_1_313' title='bbox 1259 4199 1408 4264; x_wconf 87' lang='lat' dir='ltr'>talis</span> <span class='ocrx_word' id='word_1_314' title='bbox 1450 4200 1576 4264; x_wconf 86' lang='lat' dir='ltr'>fuit</span> <span class='ocrx_word' id='word_1_315' title='bbox 1616 4207 1694 4264; x_wconf 91' lang='lat' dir='ltr'>ut</span> <span class='ocrx_word' id='word_1_316' title='bbox 1735 4200 2174 4281; x_wconf 89' lang='lat' dir='ltr'>nequissimus</span> <span class='ocrx_word' id='word_1_317' title='bbox 2215 4197 2572 4263; x_wconf 88' lang='lat' dir='ltr'>calumnia-</span> 
     </span>
     <span class='ocr_line' id='line_1_45' title="bbox 619 4282 2573 4367; baseline -0.001 -18"><span class='ocrx_word' id='word_1_318' title='bbox 619 4293 726 4349; x_wconf 90' lang='lat' dir='ltr'>tor</span> <span class='ocrx_word' id='word_1_319' title='bbox 769 4286 850 4350; x_wconf 92' lang='lat' dir='ltr'>ab</span> <span class='ocrx_word' id='word_1_320' title='bbox 895 4287 1197 4350; x_wconf 88' lang='lat' dir='ltr'>omnibus</span> <span class='ocrx_word' id='word_1_321' title='bbox 1261 4285 1675 4349; x_wconf 80' lang='lat' dir='ltr'>iudicaretur.</span> <span class='ocrx_word' id='word_1_322' title='bbox 1765 4282 1900 4352; x_wconf 82' lang='lat' dir='ltr'>Sed</span> <span class='ocrx_word' id='word_1_323' title='bbox 1967 4284 2123 4367; x_wconf 90' lang='lat' dir='ltr'>quid</span> <span class='ocrx_word' id='word_1_324' title='bbox 2183 4284 2573 4367; x_wconf 84' lang='lat' dir='ltr'>perferimus</span> 
     </span>
     <span class='ocr_line' id='line_1_46' title="bbox 619 4367 2574 4454; baseline -0.002 -19"><span class='ocrx_word' id='word_1_325' title='bbox 619 4370 892 4436; x_wconf 90' lang='lat' dir='ltr'>aliorum</span> <span class='ocrx_word' id='word_1_326' title='bbox 940 4370 1222 4436; x_wconf 79' lang='lat' dir='ltr'>iudicia?</span> <span class='ocrx_word' id='word_1_327' title='bbox 1272 4371 1421 4452; x_wconf 86' lang='lat' dir='ltr'>Ipse</span> <span class='ocrx_word' id='word_1_328' title='bbox 1466 4369 1972 4438; x_wconf 85' lang='lat' dir='ltr'>obmutescendo</span> <span class='ocrx_word' id='word_1_329' title='bbox 2017 4390 2088 4435; x_wconf 88' lang='lat' dir='ltr'>se</span> <span class='ocrx_word' id='word_1_330' title='bbox 2131 4369 2352 4454; x_wconf 89' lang='lat' dir='ltr'>palam</span> <span class='ocrx_word' id='word_1_331' title='bbox 2395 4367 2574 4433; x_wconf 89' lang='lat' dir='ltr'>dam-</span> 
     </span>
     <span class='ocr_line' id='line_1_47' title="bbox 618 4454 2574 4539; baseline 0 -19"><span class='ocrx_word' id='word_1_332' title='bbox 618 4457 822 4521; x_wconf 88' lang='lat' dir='ltr'>navit.</span> <span class='ocrx_word' id='word_1_333' title='bbox 910 4456 1139 4539; x_wconf 87' lang='lat' dir='ltr'>Neque</span> <span class='ocrx_word' id='word_1_334' title='bbox 1183 4454 1249 4520; x_wconf 93' lang='lat' dir='ltr'>id</span> <span class='ocrx_word' id='word_1_335' title='bbox 1296 4455 1517 4531; x_wconf 89' lang='lat' dir='ltr'>mod0‚</span> <span class='ocrx_word' id='word_1_336' title='bbox 1564 4455 1676 4520; x_wconf 88' lang='lat' dir='ltr'>sed</span> <span class='ocrx_word' id='word_1_337' title='bbox 1721 4456 2010 4520; x_wconf 80' lang='lat' dir='ltr'>maxima</span> <span class='ocrx_word' id='word_1_338' title='bbox 2053 4478 2136 4521; x_wconf 84' lang='lat' dir='ltr'>ex</span> <span class='ocrx_word' id='word_1_339' title='bbox 2181 4464 2369 4539; x_wconf 84' lang='lat' dir='ltr'>parte</span> <span class='ocrx_word' id='word_1_340' title='bbox 2413 4474 2574 4520; x_wconf 89' lang='lat' dir='ltr'>vera</span> 
     </span>
     <span class='ocr_line' id='line_1_48' title="bbox 621 4539 2573 4624; baseline -0.002 -17"><span class='ocrx_word' id='word_1_341' title='bbox 621 4561 763 4608; x_wconf 86' lang='lat' dir='ltr'>esse</span> <span class='ocrx_word' id='word_1_342' title='bbox 807 4543 1026 4606; x_wconf 87' lang='lat' dir='ltr'>omnia</span> <span class='ocrx_word' id='word_1_343' title='bbox 1072 4542 1246 4606; x_wconf 89' lang='lat' dir='ltr'>ultro</span> <span class='ocrx_word' id='word_1_344' title='bbox 1293 4543 1545 4605; x_wconf 84' lang='lat' dir='ltr'>annuit.</span> <span class='ocrx_word' id='word_1_345' title='bbox 1635 4539 1810 4621; x_wconf 78' lang='lat' dir='ltr'>Quia</span> <span class='ocrx_word' id='word_1_346' title='bbox 1853 4562 1988 4605; x_wconf 93' lang='lat' dir='ltr'>non</span> <span class='ocrx_word' id='word_1_347' title='bbox 2046 4540 2208 4606; x_wconf 89' lang='lat' dir='ltr'>adeo</span> <span class='ocrx_word' id='word_1_348' title='bbox 2263 4542 2573 4624; x_wconf 84' lang='lat' dir='ltr'>frequens</span> 
     </span>
     <span class='ocr_line' id='line_1_49' title="bbox 621 4625 2573 4708; baseline -0.001 -16"><span class='ocrx_word' id='word_1_349' title='bbox 621 4637 763 4692; x_wconf 86' lang='lat' dir='ltr'>erat</span> <span class='ocrx_word' id='word_1_350' title='bbox 785 4636 1069 4704; x_wconf 88' lang='lat' dir='ltr'>senatus,</span> <span class='ocrx_word' id='word_1_351' title='bbox 1108 4630 1349 4692; x_wconf 83' lang='lat' dir='ltr'>reiecta</span> <span class='ocrx_word' id='word_1_352' title='bbox 1384 4628 1505 4690; x_wconf 90' lang='lat' dir='ltr'>fuit</span> <span class='ocrx_word' id='word_1_353' title='bbox 1539 4648 1734 4692; x_wconf 87' lang='lat' dir='ltr'>causa</span> <span class='ocrx_word' id='word_1_354' title='bbox 1768 4626 1836 4691; x_wconf 92' lang='lat' dir='ltr'>in</span> <span class='ocrx_word' id='word_1_355' title='bbox 1859 4625 2254 4692; x_wconf 90' lang='lat' dir='ltr'>hodiernum</span> <span class='ocrx_word' id='word_1_356' title='bbox 2280 4625 2573 4708; x_wconf 79' lang='lat' dir='ltr'>diem.¹⁵)</span> 
     </span>
    </p>
   </div>
   <div class='ocr_carea' id='block_1_3' title="bbox 619 4819 1032 4829">
    <p class='ocr_par' dir='ltr' id='par_1_4' title="bbox 619 4819 1032 4829">
     <span class='ocr_line' id='line_1_50' title="bbox 619 4819 1032 4829; baseline 0 1346"><span class='ocrx_word' id='word_1_357' title='bbox 619 4819 1032 4829; x_wconf 95' lang='lat' dir='ltr'> </span> 
     </span>
    </p>
   </div>
   <div class='ocr_carea' id='block_1_4' title="bbox 619 4917 2573 5053">
    <p class='ocr_par' dir='ltr' id='par_1_5' title="bbox 619 4917 2573 5053">
     <span class='ocr_line' id='line_1_51' title="bbox 794 4917 2573 4988; baseline 0.002 -18"><span class='ocrx_word' id='word_1_358' title='bbox 794 4919 886 4984; x_wconf 89' lang='grc'>12)</span> <span class='ocrx_word' id='word_1_359' title='bbox 928 4917 1118 4971; x_wconf 75' lang='lat' dir='ltr'>Etiam</span> <span class='ocrx_word' id='word_1_360' title='bbox 1173 4925 1394 4970; x_wconf 67' lang='lat' dir='ltr'>senatus·</span> <span class='ocrx_word' id='word_1_361' title='bbox 1441 4918 1679 4974; x_wconf 78' lang='lat' dir='ltr'>decreto.-</span> <span class='ocrx_word' id='word_1_362' title='bbox 1732 4919 1958 4973; x_wconf 86' lang='lat' dir='ltr'>attendu</span> <span class='ocrx_word' id='word_1_363' title='bbox 2007 4917 2134 4988; x_wconf 89' lang='lat' dir='ltr'>qu&#39;il</span> <span class='ocrx_word' id='word_1_364' title='bbox 2180 4917 2312 4971; x_wconf 82' lang='lat' dir='ltr'>s’est</span> <span class='ocrx_word' id='word_1_365' title='bbox 2346 4918 2573 4986; x_wconf 72' lang='lat' dir='ltr'>mocque</span> 
     </span>
     <span class='ocr_line' id='line_1_52' title="bbox 619 4986 1509 5053; baseline -0.007 -11"><span class='ocrx_word' id='word_1_366' title='bbox 619 4989 689 5042; x_wconf 88' lang='lat' dir='ltr'>de</span> <span class='ocrx_word' id='word_1_367' title='bbox 725 4988 863 5040; x_wconf 88' lang='lat' dir='ltr'>Dicu</span> <span class='ocrx_word' id='word_1_368' title='bbox 899 4993 956 5038; x_wconf 89' lang='lat' dir='ltr'>et</span> <span class='ocrx_word' id='word_1_369' title='bbox 990 4986 1058 5039; x_wconf 92' lang='lat' dir='ltr'>de</span> <span class='ocrx_word' id='word_1_370' title='bbox 1093 4988 1147 5038; x_wconf 89' lang='lat' dir='ltr'>la</span> <span class='ocrx_word' id='word_1_371' title='bbox 1180 4986 1509 5053; x_wconf 72' lang='lat' dir='ltr'>Scignmirie.</span> 
     </span>
    </p>
   </div>
   <div class='ocr_carea' id='block_1_5' title="bbox 620 5055 2570 5331">
    <p class='ocr_par' dir='ltr' id='par_1_6' title="bbox 797 5055 1480 5123">
     <span class='ocr_line' id='line_1_53' title="bbox 797 5055 1480 5123; baseline 0.006 -17"><span class='ocrx_word' id='word_1_372' title='bbox 797 5055 887 5115; x_wconf 84' lang='lat'>13)</span> <span class='ocrx_word' id='word_1_373' title='bbox 924 5056 1048 5109; x_wconf 78' lang='lat' dir='ltr'>vide</span> <span class='ocrx_word' id='word_1_374' title='bbox 1081 5071 1250 5123; x_wconf 70' lang='lat' dir='ltr'>supra</span> <span class='ocrx_word' id='word_1_375' title='bbox 1284 5065 1392 5108; x_wconf 77' lang='lat' dir='ltr'>not.</span> <span class='ocrx_word' id='word_1_376' title='bbox 1432 5055 1480 5111; x_wconf 90' lang='lat'>1.</span> 
     </span>
    </p>

    <p class='ocr_par' dir='ltr' id='par_1_7' title="bbox 795 5121 2138 5190">
     <span class='ocr_line' id='line_1_54' title="bbox 795 5121 2138 5190; baseline 0 -15"><span class='ocrx_word' id='word_1_377' title='bbox 795 5121 886 5186; x_wconf 82' lang='lat'>14)</span> <span class='ocrx_word' id='word_1_378' title='bbox 925 5124 979 5176; x_wconf 77' lang='lat' dir='ltr'>d.</span> <span class='ocrx_word' id='word_1_379' title='bbox 1016 5122 1100 5176; x_wconf 88' lang='grc'>23.</span> <span class='ocrx_word' id='word_1_380' title='bbox 1143 5123 1255 5177; x_wconf 78' lang='lat' dir='ltr'>Oct.</span> <span class='ocrx_word' id='word_1_381' title='bbox 1296 5125 1408 5187; x_wconf 71' lang='lat' dir='ltr'>(Re</span> <span class='ocrx_word' id='word_1_382' title='bbox 1448 5165 1458 5176; x_wconf 93' lang='lat'>.</span> <span class='ocrx_word' id='word_1_383' title='bbox 1496 5125 1572 5177; x_wconf 79' lang='lat' dir='ltr'>du</span> <span class='ocrx_word' id='word_1_384' title='bbox 1612 5124 1828 5178; x_wconf 70' lang='lat' dir='ltr'>Causea</span> <span class='ocrx_word' id='word_1_385' title='bbox 1859 5126 1953 5188; x_wconf 81' lang='lat' dir='ltr'>fol.</span> <span class='ocrx_word' id='word_1_386' title='bbox 1990 5122 2138 5190; x_wconf 92' lang='grc'><strong>271.)</strong></span> 
     </span>
    </p>

    <p class='ocr_par' dir='ltr' id='par_1_8' title="bbox 620 5142 2570 5331">
     <span class='ocr_line' id='line_1_55' title="bbox 795 5142 2570 5259; baseline 0.001 -14"><span class='ocrx_word' id='word_1_387' title='bbox 795 5192 891 5255; x_wconf 77' lang='lat'>15)</span> <span class='ocrx_word' id='word_1_388' title='bbox 928 5192 980 5245; x_wconf 80' lang='lat' dir='ltr'>d.</span> <span class='ocrx_word' id='word_1_389' title='bbox 1018 5191 1100 5246; x_wconf 85' lang='lat'>26.</span> <span class='ocrx_word' id='word_1_390' title='bbox 1147 5194 1257 5247; x_wconf 76' lang='lat' dir='ltr'>Oct.</span> <span class='ocrx_word' id='word_1_391' title='bbox 1295 5142 1449 5258; x_wconf 58' lang='lat' dir='ltr'>(ibig.</span> <span class='ocrx_word' id='word_1_392' title='bbox 1485 5194 1581 5258; x_wconf 75' lang='lat' dir='ltr'>fol.</span> <span class='ocrx_word' id='word_1_393' title='bbox 1619 5191 1724 5245; x_wconf 90' lang='grc'>272</span> <span class='ocrx_word' id='word_1_394' title='bbox 1761 5192 1835 5259; x_wconf 84' lang='lat' dir='ltr'>v.)</span> <span class='ocrx_word' id='word_1_395' title='bbox 1885 5194 1982 5248; x_wconf 81' lang='lat' dir='ltr'>ubi</span> <span class='ocrx_word' id='word_1_396' title='bbox 2023 5193 2184 5246; x_wconf 74' lang='lat' dir='ltr'>etiam</span> <span class='ocrx_word' id='word_1_397' title='bbox 2233 5208 2301 5246; x_wconf 65' lang='lat' dir='ltr'>ea·</span> <span class='ocrx_word' id='word_1_398' title='bbox 2345 5208 2440 5247; x_wconf 76' lang='lat' dir='ltr'>ore</span> <span class='ocrx_word' id='word_1_399' title='bbox 2474 5196 2570 5246; x_wconf 77' lang='lat' dir='ltr'>mi-</span> 
     </span>
     <span class='ocr_line' id='line_1_56' title="bbox 620 5261 2569 5331; baseline -0.001 -16"><span class='ocrx_word' id='word_1_400' title='bbox 620 5262 922 5315; x_wconf 74' lang='lat' dir='ltr'>nistrorum</span> <span class='ocrx_word' id='word_1_401' title='bbox 954 5262 1220 5326; x_wconf 78' lang='lat' dir='ltr'>refertur.-</span> <span class='ocrx_word' id='word_1_402' title='bbox 1267 5278 1371 5330; x_wconf 89' lang='lat' dir='ltr'>que</span> <span class='ocrx_word' id='word_1_403' title='bbox 1418 5268 1650 5331; x_wconf 84' lang='lat' dir='ltr'>suyvant</span> <span class='ocrx_word' id='word_1_404' title='bbox 1695 5262 1876 5316; x_wconf 87' lang='lat' dir='ltr'>lordre</span> <span class='ocrx_word' id='word_1_405' title='bbox 1912 5262 1981 5316; x_wconf 87' lang='lat' dir='ltr'>de</span> <span class='ocrx_word' id='word_1_406' title='bbox 2015 5263 2066 5315; x_wconf 87' lang='lat' dir='ltr'>le</span> <span class='ocrx_word' id='word_1_407' title='bbox 2105 5262 2204 5316; x_wconf 87' lang='lat' dir='ltr'>lise</span> <span class='ocrx_word' id='word_1_408' title='bbox 2239 5261 2306 5314; x_wconf 89' lang='lat' dir='ltr'>ils</span> <span class='ocrx_word' id='word_1_409' title='bbox 2342 5267 2470 5314; x_wconf 85' lang='lat' dir='ltr'>sont</span> <span class='ocrx_word' id='word_1_410' title='bbox 2504 5276 2569 5314; x_wconf 88' lang='lat' dir='ltr'>en</span> 
     </span>
    </p>
   </div>
   <div class='ocr_carea' id='block_1_6' title="bbox 615 5329 2572 5399">
    <p class='ocr_par' dir='ltr' id='par_1_9' title="bbox 615 5329 2572 5399">
     <span class='ocr_line' id='line_1_57' title="bbox 615 5329 2572 5399; baseline -0.001 -16"><span class='ocrx_word' id='word_1_411' title='bbox 615 5330 979 5383; x_wconf 84' lang='lat' dir='ltr'>deliberation</span> <span class='ocrx_word' id='word_1_412' title='bbox 1016 5330 1117 5384; x_wconf 88' lang='lat' dir='ltr'>den</span> <span class='ocrx_word' id='word_1_413' title='bbox 1155 5333 1391 5399; x_wconf 79' lang='lat' dir='ltr'>esci-ipre</span> <span class='ocrx_word' id='word_1_414' title='bbox 1427 5348 1532 5383; x_wconf 86' lang='lat' dir='ltr'>aux</span> <span class='ocrx_word' id='word_1_415' title='bbox 1568 5330 1941 5399; x_wconf 76' lang='lat' dir='ltr'>predicateurs</span> <span class='ocrx_word' id='word_1_416' title='bbox 1978 5331 2045 5383; x_wconf 91' lang='lat' dir='ltr'>de</span> <span class='ocrx_word' id='word_1_417' title='bbox 2118 5345 2246 5383; x_wconf 83' lang='lat' dir='ltr'>erne</span> <span class='ocrx_word' id='word_1_418' title='bbox 2282 5329 2428 5382; x_wconf 86' lang='lat' dir='ltr'>dela</span> <span class='ocrx_word' id='word_1_419' title='bbox 2450 5345 2572 5382; x_wconf 91' lang='lat' dir='ltr'>con-</span> 
     </span>
    </p>
   </div>
   <div class='ocr_carea' id='block_1_7' title="bbox 2159 407 3103 475">
    <p class='ocr_par' dir='ltr' id='par_1_10' title="bbox 2159 407 3103 475">
     <span class='ocr_line' id='line_1_58' title="bbox 2159 407 3103 475; baseline -0.001 0"><span class='ocrx_word' id='word_1_420' title='bbox 2159 407 2690 475; x_wconf 73' lang='lat' dir='ltr'>EPISTOLAE</span> <span class='ocrx_word' id='word_1_421' title='bbox 2737 412 2859 473; x_wconf 83' lang='lat'>717</span> <span class='ocrx_word' id='word_1_422' title='bbox 2875 446 2962 458; x_wconf 89' lang='lat'>—</span> <span class='ocrx_word' id='word_1_423' title='bbox 2976 411 3103 474; x_wconf 86' lang='grc'>720</span> 
     </span>
    </p>
   </div>
   <div class='ocr_carea' id='block_1_8' title="bbox 2613 596 2641 5366">
    <p class='ocr_par' dir='ltr' id='par_1_11' title="bbox 2613 596 2641 5366">
     <span class='ocr_line' id='line_1_59' title="bbox 2613 596 2641 5366; baseline 0 0"><span class='ocrx_word' id='word_1_424' title='bbox 2613 596 2641 5366; x_wconf 95' lang='lat' dir='ltr'> </span> 
     </span>
    </p>
   </div>
   <div class='ocr_carea' id='block_1_9' title="bbox 4506 414 4603 479">
    <p class='ocr_par' dir='ltr' id='par_1_12' title="bbox 4506 414 4603 479">
     <span class='ocr_line' id='line_1_60' title="bbox 4506 414 4603 479; baseline 0.031 -3"><span class='ocrx_word' id='word_1_425' title='bbox 4506 414 4603 479; x_wconf 85' lang='grc'>200</span> 
     </span>
    </p>
   </div>
   <div class='ocr_carea' id='block_1_10' title="bbox 2674 595 4631 2567">
    <p class='ocr_par' dir='ltr' id='par_1_13' title="bbox 2676 595 4616 1454">
     <span class='ocr_line' id='line_1_61' title="bbox 2679 595 4606 681; baseline 0.001 -18"><span class='ocrx_word' id='word_1_426' title='bbox 2679 597 3042 681; x_wconf 85' lang='lat' dir='ltr'>Postquam</span> <span class='ocrx_word' id='word_1_427' title='bbox 3085 595 3449 663; x_wconf 88' lang='lat' dir='ltr'>introducti</span> <span class='ocrx_word' id='word_1_428' title='bbox 3492 595 3736 662; x_wconf 86' lang='lat' dir='ltr'>fuimus</span> <span class='ocrx_word' id='word_1_429' title='bbox 3750 647 3766 675; x_wconf 88' lang='lat'>,</span> <span class='ocrx_word' id='word_1_430' title='bbox 3827 602 4096 664; x_wconf 85' lang='lat' dir='ltr'>senatus</span> <span class='ocrx_word' id='word_1_431' title='bbox 4141 597 4477 664; x_wconf 90' lang='lat' dir='ltr'>nobiscum</span> <span class='ocrx_word' id='word_1_432' title='bbox 4513 621 4606 665; x_wconf 82' lang='lat' dir='ltr'>ex-</span> 
     </span>
     <span class='ocr_line' id='line_1_62' title="bbox 2678 681 4607 767; baseline 0.002 -19"><span class='ocrx_word' id='word_1_433' title='bbox 2678 683 3038 767; x_wconf 89' lang='lat' dir='ltr'>postulavit</span> <span class='ocrx_word' id='word_1_434' title='bbox 3081 682 3250 766; x_wconf 89' lang='lat' dir='ltr'>quod</span> <span class='ocrx_word' id='word_1_435' title='bbox 3295 704 3428 748; x_wconf 92' lang='lat' dir='ltr'>non</span> <span class='ocrx_word' id='word_1_436' title='bbox 3464 683 3659 749; x_wconf 90' lang='lat' dir='ltr'>citius</span> <span class='ocrx_word' id='word_1_437' title='bbox 3705 682 3787 748; x_wconf 90' lang='lat' dir='ltr'>ad</span> <span class='ocrx_word' id='word_1_438' title='bbox 3824 703 3895 749; x_wconf 89' lang='lat' dir='ltr'>se</span> <span class='ocrx_word' id='word_1_439' title='bbox 3931 681 4395 749; x_wconf 88' lang='lat' dir='ltr'>detulissemus</span> <span class='ocrx_word' id='word_1_440' title='bbox 4437 684 4607 752; x_wconf 86' lang='lat' dir='ltr'>talem</span> 
     </span>
     <span class='ocr_line' id='line_1_63' title="bbox 2680 768 4607 854; baseline 0.001 -19"><span class='ocrx_word' id='word_1_441' title='bbox 2680 790 2963 835; x_wconf 88' lang='lat' dir='ltr'>causam.</span> <span class='ocrx_word' id='word_1_442' title='bbox 3053 768 3298 834; x_wconf 83' lang='lat' dir='ltr'>Facilis</span> <span class='ocrx_word' id='word_1_443' title='bbox 3351 768 3477 833; x_wconf 88' lang='lat' dir='ltr'>fuit</span> <span class='ocrx_word' id='word_1_444' title='bbox 3535 779 3602 832; x_wconf 86' lang='lat' dir='ltr'>et</span> <span class='ocrx_word' id='word_1_445' title='bbox 3653 776 3961 852; x_wconf 86' lang='lat' dir='ltr'>prompta</span> <span class='ocrx_word' id='word_1_446' title='bbox 4016 770 4378 835; x_wconf 87' lang='lat' dir='ltr'>excusatio:</span> <span class='ocrx_word' id='word_1_447' title='bbox 4445 771 4607 854; x_wconf 84' lang='lat' dir='ltr'>quod,</span> 
     </span>
     <span class='ocr_line' id='line_1_64' title="bbox 2680 854 4610 937; baseline 0.002 -18"><span class='ocrx_word' id='word_1_448' title='bbox 2680 875 2882 937; x_wconf 91' lang='lat' dir='ltr'>quum</span> <span class='ocrx_word' id='word_1_449' title='bbox 2927 855 3274 919; x_wconf 86' lang='lat' dir='ltr'>fuissemus</span> <span class='ocrx_word' id='word_1_450' title='bbox 3314 856 3489 919; x_wconf 88' lang='lat' dir='ltr'>iusto</span> <span class='ocrx_word' id='word_1_451' title='bbox 3534 854 3982 934; x_wconf 85' lang='lat' dir='ltr'>humaniores,</span> <span class='ocrx_word' id='word_1_452' title='bbox 4026 861 4253 921; x_wconf 85' lang='lat' dir='ltr'>tamen</span> <span class='ocrx_word' id='word_1_453' title='bbox 4299 877 4610 922; x_wconf 82' lang='lat' dir='ltr'>accusare-</span> 
     </span>
     <span class='ocr_line' id='line_1_65' title="bbox 2678 939 4610 1009; baseline 0.003 -5"><span class='ocrx_word' id='word_1_454' title='bbox 2678 961 2830 1004; x_wconf 90' lang='lat' dir='ltr'>mur</span> <span class='ocrx_word' id='word_1_455' title='bbox 2873 940 3111 1004; x_wconf 89' lang='lat' dir='ltr'>nimiae</span> <span class='ocrx_word' id='word_1_456' title='bbox 3156 939 3495 1006; x_wconf 89' lang='lat' dir='ltr'>saevitiae:</span> <span class='ocrx_word' id='word_1_457' title='bbox 3541 946 3869 1006; x_wconf 87' lang='lat' dir='ltr'>caeterum</span> <span class='ocrx_word' id='word_1_458' title='bbox 3915 940 4021 1007; x_wconf 89' lang='lat' dir='ltr'>vel</span> <span class='ocrx_word' id='word_1_459' title='bbox 4068 940 4482 1007; x_wconf 88' lang='lat' dir='ltr'>clementiam</span> <span class='ocrx_word' id='word_1_460' title='bbox 4523 943 4610 1009; x_wconf 87' lang='lat' dir='ltr'>vel</span> 
     </span>
     <span class='ocr_line' id='line_1_66' title="bbox 2678 1024 4613 1110; baseline 0.002 -20"><span class='ocrx_word' id='word_1_461' title='bbox 2678 1024 3157 1110; x_wconf 84' lang='lat' dir='ltr'>indulgentiam</span> <span class='ocrx_word' id='word_1_462' title='bbox 3213 1033 3508 1091; x_wconf 83' lang='lat' dir='ltr'>nostram</span> <span class='ocrx_word' id='word_1_463' title='bbox 3570 1046 3987 1109; x_wconf 85' lang='lat' dir='ltr'>nequaquam</span> <span class='ocrx_word' id='word_1_464' title='bbox 4042 1046 4118 1092; x_wconf 91' lang='lat' dir='ltr'>eo</span> <span class='ocrx_word' id='word_1_465' title='bbox 4174 1034 4498 1110; x_wconf 87' lang='lat' dir='ltr'>spectasse</span> <span class='ocrx_word' id='word_1_466' title='bbox 4547 1037 4613 1095; x_wconf 80' lang='lat' dir='ltr'>ut</span> 
     </span>
     <span class='ocr_line' id='line_1_67' title="bbox 2679 1111 4611 1197; baseline 0.002 -21"><span class='ocrx_word' id='word_1_467' title='bbox 2679 1111 2962 1177; x_wconf 88' lang='lat' dir='ltr'>aleretur</span> <span class='ocrx_word' id='word_1_468' title='bbox 3004 1113 3073 1175; x_wconf 92' lang='lat' dir='ltr'>in</span> <span class='ocrx_word' id='word_1_469' title='bbox 3121 1111 3257 1176; x_wconf 91' lang='lat' dir='ltr'>suis</span> <span class='ocrx_word' id='word_1_470' title='bbox 3300 1111 3480 1177; x_wconf 87' lang='lat' dir='ltr'>vitiis</span> <span class='ocrx_word' id='word_1_471' title='bbox 3499 1162 3514 1189; x_wconf 90' lang='lat'><em>‚</em></span> <span class='ocrx_word' id='word_1_472' title='bbox 3574 1111 3690 1176; x_wconf 89' lang='lat' dir='ltr'>sed</span> <span class='ocrx_word' id='word_1_473' title='bbox 3745 1132 3829 1177; x_wconf 91' lang='lat' dir='ltr'>ne</span> <span class='ocrx_word' id='word_1_474' title='bbox 3872 1111 4295 1195; x_wconf 87' lang='lat' dir='ltr'>praecipitem</span> <span class='ocrx_word' id='word_1_475' title='bbox 4339 1113 4611 1197; x_wconf 87' lang='lat' dir='ltr'>impelle-</span> 
     </span>
     <span class='ocr_line' id='line_1_68' title="bbox 2676 1196 4616 1281; baseline 0.002 -20"><span class='ocrx_word' id='word_1_476' title='bbox 2676 1219 2913 1262; x_wconf 65' lang='lat' dir='ltr'>remus».</span> <span class='ocrx_word' id='word_1_477' title='bbox 3001 1197 3245 1262; x_wconf 87' lang='lat' dir='ltr'>Postea</span> <span class='ocrx_word' id='word_1_478' title='bbox 3307 1196 3690 1281; x_wconf 85' lang='lat' dir='ltr'>rogavimus</span> <span class='ocrx_word' id='word_1_479' title='bbox 3755 1218 3887 1262; x_wconf 91' lang='lat' dir='ltr'>uno</span> <span class='ocrx_word' id='word_1_480' title='bbox 3942 1199 4142 1264; x_wconf 84' lang='lat' dir='ltr'>verbo</span> <span class='ocrx_word' id='word_1_481' title='bbox 4199 1208 4501 1264; x_wconf 86' lang='lat' dir='ltr'>senatum</span> <span class='ocrx_word' id='word_1_482' title='bbox 4548 1209 4616 1265; x_wconf 85' lang='lat' dir='ltr'>ut</span> 
     </span>
     <span class='ocr_line' id='line_1_69' title="bbox 2677 1282 4615 1367; baseline 0.003 -20"><span class='ocrx_word' id='word_1_483' title='bbox 2677 1282 3126 1348; x_wconf 87' lang='lat' dir='ltr'>testimonium</span> <span class='ocrx_word' id='word_1_484' title='bbox 3184 1303 3267 1347; x_wconf 87' lang='lat' dir='ltr'>ex</span> <span class='ocrx_word' id='word_1_485' title='bbox 3313 1284 3475 1349; x_wconf 89' lang='lat' dir='ltr'>actis</span> <span class='ocrx_word' id='word_1_486' title='bbox 3528 1282 3805 1367; x_wconf 89' lang='lat' dir='ltr'>publicis</span> <span class='ocrx_word' id='word_1_487' title='bbox 3862 1282 4169 1349; x_wconf 84' lang='lat' dir='ltr'>redderet</span> <span class='ocrx_word' id='word_1_488' title='bbox 4210 1285 4365 1350; x_wconf 83' lang='lat' dir='ltr'>clar.</span> <span class='ocrx_word' id='word_1_489' title='bbox 4414 1293 4615 1352; x_wconf 84' lang='lat' dir='ltr'>vestro</span> 
     </span>
     <span class='ocr_line' id='line_1_70' title="bbox 2678 1366 4616 1454; baseline 0.002 -20"><span class='ocrx_word' id='word_1_490' title='bbox 2678 1366 2974 1434; x_wconf 81' lang='lat' dir='ltr'>Senatui.</span> <span class='ocrx_word' id='word_1_491' title='bbox 2993 1366 3074 1453; x_wconf 77' lang='lat'>¹⁶)</span> <span class='ocrx_word' id='word_1_492' title='bbox 3121 1366 3315 1448; x_wconf 80' lang='lat' dir='ltr'>Quod</span> <span class='ocrx_word' id='word_1_493' title='bbox 3350 1389 3421 1433; x_wconf 86' lang='lat' dir='ltr'>se</span> <span class='ocrx_word' id='word_1_494' title='bbox 3455 1370 3778 1434; x_wconf 82' lang='lat' dir='ltr'>facturum</span> <span class='ocrx_word' id='word_1_495' title='bbox 3815 1390 3948 1433; x_wconf 92' lang='lat' dir='ltr'>non</span> <span class='ocrx_word' id='word_1_496' title='bbox 3985 1367 4337 1436; x_wconf 79' lang='lat' dir='ltr'>difficulter</span> <span class='ocrx_word' id='word_1_497' title='bbox 4370 1371 4616 1454; x_wconf 87' lang='lat' dir='ltr'>recepit.</span> 
     </span>
    </p>

    <p class='ocr_par' dir='ltr' id='par_1_14' title="bbox 2674 1454 4631 2567">
     <span class='ocr_line' id='line_1_71' title="bbox 2848 1454 4617 1538; baseline 0.003 -20"><span class='ocrx_word' id='word_1_498' title='bbox 2848 1454 3043 1520; x_wconf 91' lang='lat' dir='ltr'>Nunc</span> <span class='ocrx_word' id='word_1_499' title='bbox 3109 1462 3408 1536; x_wconf 88' lang='lat' dir='ltr'>superest</span> <span class='ocrx_word' id='word_1_500' title='bbox 3461 1462 3538 1519; x_wconf 90' lang='lat' dir='ltr'>ut</span> <span class='ocrx_word' id='word_1_501' title='bbox 3590 1455 3721 1538; x_wconf 91' lang='lat' dir='ltr'>ipsi</span> <span class='ocrx_word' id='word_1_502' title='bbox 3785 1475 4039 1538; x_wconf 89' lang='lat' dir='ltr'>quoque</span> <span class='ocrx_word' id='word_1_503' title='bbox 4103 1465 4323 1538; x_wconf 87' lang='lat' dir='ltr'>partes</span> <span class='ocrx_word' id='word_1_504' title='bbox 4381 1467 4617 1523; x_wconf 80' lang='lat' dir='ltr'>vestras</span> 
     </span>
     <span class='ocr_line' id='line_1_72' title="bbox 2677 1539 4619 1622; baseline 0.003 -19"><span class='ocrx_word' id='word_1_505' title='bbox 2677 1539 3024 1622; x_wconf 89' lang='lat' dir='ltr'>impleatis.</span> <span class='ocrx_word' id='word_1_506' title='bbox 3111 1540 3262 1605; x_wconf 91' lang='lat' dir='ltr'>Non</span> <span class='ocrx_word' id='word_1_507' title='bbox 3319 1541 3478 1604; x_wconf 89' lang='lat' dir='ltr'>estis</span> <span class='ocrx_word' id='word_1_508' title='bbox 3522 1561 3562 1604; x_wconf 92' lang='lat' dir='ltr'>a</span> <span class='ocrx_word' id='word_1_509' title='bbox 3603 1540 3792 1606; x_wconf 91' lang='lat' dir='ltr'>nobis</span> <span class='ocrx_word' id='word_1_510' title='bbox 3852 1540 3957 1605; x_wconf 88' lang='lat' dir='ltr'>vel</span> <span class='ocrx_word' id='word_1_511' title='bbox 4017 1539 4292 1606; x_wconf 92' lang='lat' dir='ltr'>docendi</span> <span class='ocrx_word' id='word_1_512' title='bbox 4336 1541 4451 1607; x_wconf 90' lang='lat' dir='ltr'>vel</span> <span class='ocrx_word' id='word_1_513' title='bbox 4492 1562 4619 1608; x_wconf 90' lang='lat' dir='ltr'>mo·</span> 
     </span>
     <span class='ocr_line' id='line_1_73' title="bbox 2676 1624 4620 1708; baseline 0.002 -19"><span class='ocrx_word' id='word_1_514' title='bbox 2676 1625 2892 1689; x_wconf 90' lang='lat' dir='ltr'>nendi.</span> <span class='ocrx_word' id='word_1_515' title='bbox 2981 1624 3241 1690; x_wconf 86' lang='lat' dir='ltr'>Videtis</span> <span class='ocrx_word' id='word_1_516' title='bbox 3283 1632 3603 1708; x_wconf 87' lang='lat' dir='ltr'>quantum</span> <span class='ocrx_word' id='word_1_517' title='bbox 3658 1627 3919 1691; x_wconf 89' lang='lat' dir='ltr'>intersit</span> <span class='ocrx_word' id='word_1_518' title='bbox 3962 1627 4323 1692; x_wconf 91' lang='lat' dir='ltr'>communis</span> <span class='ocrx_word' id='word_1_519' title='bbox 4368 1647 4620 1694; x_wconf 88' lang='lat' dir='ltr'>concor-</span> 
     </span>
     <span class='ocr_line' id='line_1_74' title="bbox 2677 1710 4624 1789; baseline 0.002 -15"><span class='ocrx_word' id='word_1_520' title='bbox 2677 1710 2842 1789; x_wconf 87' lang='lat' dir='ltr'>diae,</span> <span class='ocrx_word' id='word_1_521' title='bbox 2890 1731 3020 1775; x_wconf 91' lang='lat' dir='ltr'>non</span> <span class='ocrx_word' id='word_1_522' title='bbox 3066 1712 3394 1776; x_wconf 88' lang='lat' dir='ltr'>contemni</span> <span class='ocrx_word' id='word_1_523' title='bbox 3440 1733 3480 1775; x_wconf 88' lang='lat' dir='ltr'>a</span> <span class='ocrx_word' id='word_1_524' title='bbox 3521 1711 3710 1777; x_wconf 88' lang='lat' dir='ltr'>vobis</span> <span class='ocrx_word' id='word_1_525' title='bbox 3754 1721 4050 1778; x_wconf 88' lang='lat' dir='ltr'>nostram</span> <span class='ocrx_word' id='word_1_526' title='bbox 4094 1712 4457 1779; x_wconf 88' lang='lat' dir='ltr'>ecclesiam.</span> <span class='ocrx_word' id='word_1_527' title='bbox 4543 1713 4624 1778; x_wconf 75' lang='lat' dir='ltr'>Et</span> 
     </span>
     <span class='ocr_line' id='line_1_75' title="bbox 2680 1796 4623 1880; baseline 0.002 -19"><span class='ocrx_word' id='word_1_528' title='bbox 2680 1817 2794 1861; x_wconf 91' lang='lat' dir='ltr'>vos</span> <span class='ocrx_word' id='word_1_529' title='bbox 2838 1796 3232 1862; x_wconf 88' lang='lat' dir='ltr'>cordatiores</span> <span class='ocrx_word' id='word_1_530' title='bbox 3289 1796 3652 1862; x_wconf 90' lang='lat' dir='ltr'>iudicamus</span> <span class='ocrx_word' id='word_1_531' title='bbox 3706 1817 3900 1880; x_wconf 88' lang='lat' dir='ltr'>quam</span> <span class='ocrx_word' id='word_1_532' title='bbox 3946 1808 4019 1863; x_wconf 91' lang='lat' dir='ltr'>ut</span> <span class='ocrx_word' id='word_1_533' title='bbox 4062 1798 4131 1863; x_wconf 90' lang='lat' dir='ltr'>in</span> <span class='ocrx_word' id='word_1_534' title='bbox 4176 1799 4378 1864; x_wconf 91' lang='lat' dir='ltr'>ullius</span> <span class='ocrx_word' id='word_1_535' title='bbox 4422 1799 4623 1864; x_wconf 89' lang='lat' dir='ltr'>homi-</span> 
     </span>
     <span class='ocr_line' id='line_1_76' title="bbox 2677 1881 4622 1966; baseline 0.003 -21"><span class='ocrx_word' id='word_1_536' title='bbox 2677 1882 2782 1948; x_wconf 91' lang='lat' dir='ltr'>nis</span> <span class='ocrx_word' id='word_1_537' title='bbox 2816 1884 3097 1966; x_wconf 90' lang='lat' dir='ltr'>gratiam</span> <span class='ocrx_word' id='word_1_538' title='bbox 3143 1881 3317 1946; x_wconf 85' lang='lat' dir='ltr'>malo</span> <span class='ocrx_word' id='word_1_539' title='bbox 3361 1883 3665 1966; x_wconf 84' lang='lat' dir='ltr'>exemplo</span> <span class='ocrx_word' id='word_1_540' title='bbox 3701 1882 4024 1948; x_wconf 85' lang='lat' dir='ltr'>calculum</span> <span class='ocrx_word' id='word_1_541' title='bbox 4060 1892 4353 1950; x_wconf 89' lang='lat' dir='ltr'>vestrum</span> <span class='ocrx_word' id='word_1_542' title='bbox 4391 1883 4622 1951; x_wconf 80' lang='lat' dir='ltr'>addere</span> 
     </span>
     <span class='ocr_line' id='line_1_77' title="bbox 2675 1966 4621 2053; baseline 0.001 -21"><span class='ocrx_word' id='word_1_543' title='bbox 2675 1967 2911 2033; x_wconf 86' lang='lat' dir='ltr'>velitis.</span> <span class='ocrx_word' id='word_1_544' title='bbox 2957 1966 3181 2032; x_wconf 89' lang='lat' dir='ltr'>Unum</span> <span class='ocrx_word' id='word_1_545' title='bbox 3209 1977 3311 2032; x_wconf 90' lang='lat' dir='ltr'>est</span> <span class='ocrx_word' id='word_1_546' title='bbox 3345 1966 3516 2051; x_wconf 90' lang='lat' dir='ltr'>quod</span> <span class='ocrx_word' id='word_1_547' title='bbox 3555 1967 3833 2033; x_wconf 88' lang='lat' dir='ltr'>velimus</span> <span class='ocrx_word' id='word_1_548' title='bbox 3867 1988 3908 2033; x_wconf 89' lang='lat' dir='ltr'>a</span> <span class='ocrx_word' id='word_1_549' title='bbox 3941 1968 4127 2035; x_wconf 89' lang='lat' dir='ltr'>vobis</span> <span class='ocrx_word' id='word_1_550' title='bbox 4161 1970 4621 2053; x_wconf 86' lang='lat' dir='ltr'>impetratum:</span> 
     </span>
     <span class='ocr_line' id='line_1_78' title="bbox 2674 2052 4624 2137; baseline 0.003 -20"><span class='ocrx_word' id='word_1_551' title='bbox 2674 2073 2758 2117; x_wconf 91' lang='lat' dir='ltr'>ne</span> <span class='ocrx_word' id='word_1_552' title='bbox 2791 2052 3163 2137; x_wconf 88' lang='lat' dir='ltr'>gravemini</span> <span class='ocrx_word' id='word_1_553' title='bbox 3197 2054 3266 2117; x_wconf 90' lang='lat' dir='ltr'>in</span> <span class='ocrx_word' id='word_1_554' title='bbox 3305 2064 3535 2119; x_wconf 86' lang='lat' dir='ltr'>senatu</span> <span class='ocrx_word' id='word_1_555' title='bbox 3572 2060 3792 2119; x_wconf 84' lang='lat' dir='ltr'>vestro</span> <span class='ocrx_word' id='word_1_556' title='bbox 3828 2075 4153 2120; x_wconf 90' lang='lat' dir='ltr'>summam</span> <span class='ocrx_word' id='word_1_557' title='bbox 4189 2055 4390 2121; x_wconf 89' lang='lat' dir='ltr'>huius</span> <span class='ocrx_word' id='word_1_558' title='bbox 4427 2056 4624 2122; x_wconf 86' lang='lat' dir='ltr'>histo-</span> 
     </span>
     <span class='ocr_line' id='line_1_79' title="bbox 2674 2138 4627 2225; baseline 0.001 -22"><span class='ocrx_word' id='word_1_559' title='bbox 2674 2138 2810 2203; x_wconf 89' lang='lat' dir='ltr'>riae</span> <span class='ocrx_word' id='word_1_560' title='bbox 2854 2146 3077 2203; x_wconf 86' lang='lat' dir='ltr'>nostro</span> <span class='ocrx_word' id='word_1_561' title='bbox 3120 2139 3383 2204; x_wconf 90' lang='lat' dir='ltr'>nomine</span> <span class='ocrx_word' id='word_1_562' title='bbox 3424 2140 3687 2205; x_wconf 84' lang='lat' dir='ltr'>referre.</span> <span class='ocrx_word' id='word_1_563' title='bbox 3751 2140 4027 2205; x_wconf 85' lang='lat' dir='ltr'>Miseret</span> <span class='ocrx_word' id='word_1_564' title='bbox 4059 2161 4180 2206; x_wconf 92' lang='lat' dir='ltr'>nos</span> <span class='ocrx_word' id='word_1_565' title='bbox 4215 2139 4484 2225; x_wconf 88' lang='lat' dir='ltr'>quidem</span> <span class='ocrx_word' id='word_1_566' title='bbox 4519 2141 4627 2205; x_wconf 89' lang='lat' dir='ltr'>ho-</span> 
     </span>
     <span class='ocr_line' id='line_1_80' title="bbox 2674 2223 4627 2309; baseline 0.002 -21"><span class='ocrx_word' id='word_1_567' title='bbox 2674 2225 2872 2289; x_wconf 89' lang='lat' dir='ltr'>minis</span> <span class='ocrx_word' id='word_1_568' title='bbox 2927 2245 3195 2307; x_wconf 91' lang='lat' dir='ltr'>prorsus</span> <span class='ocrx_word' id='word_1_569' title='bbox 3248 2223 3505 2307; x_wconf 87' lang='lat' dir='ltr'>perditi.</span> <span class='ocrx_word' id='word_1_570' title='bbox 3596 2225 3850 2290; x_wconf 88' lang='lat' dir='ltr'>Verum</span> <span class='ocrx_word' id='word_1_571' title='bbox 3892 2226 4203 2309; x_wconf 89' lang='lat' dir='ltr'>quoniam</span> <span class='ocrx_word' id='word_1_572' title='bbox 4246 2227 4393 2292; x_wconf 84' lang='lat' dir='ltr'>fieri</span> <span class='ocrx_word' id='word_1_573' title='bbox 4443 2226 4627 2292; x_wconf 87' lang='lat' dir='ltr'>aliter</span> 
     </span>
     <span class='ocr_line' id='line_1_81' title="bbox 2674 2310 4631 2394; baseline 0.002 -20"><span class='ocrx_word' id='word_1_574' title='bbox 2674 2311 2925 2393; x_wconf 89' lang='lat' dir='ltr'>nequit,</span> <span class='ocrx_word' id='word_1_575' title='bbox 2972 2318 3248 2393; x_wconf 86' lang='lat' dir='ltr'>pereant</span> <span class='ocrx_word' id='word_1_576' title='bbox 3281 2312 3394 2393; x_wconf 89' lang='lat' dir='ltr'>qui</span> <span class='ocrx_word' id='word_1_577' title='bbox 3434 2310 3600 2376; x_wconf 91' lang='lat' dir='ltr'>tales</span> <span class='ocrx_word' id='word_1_578' title='bbox 3637 2320 3797 2375; x_wconf 88' lang='lat' dir='ltr'>sunt</span> <span class='ocrx_word' id='word_1_579' title='bbox 3830 2312 4045 2392; x_wconf 86' lang='lat' dir='ltr'>potius</span> <span class='ocrx_word' id='word_1_580' title='bbox 4082 2333 4277 2394; x_wconf 90' lang='lat' dir='ltr'>quam</span> <span class='ocrx_word' id='word_1_581' title='bbox 4315 2324 4392 2377; x_wconf 91' lang='lat' dir='ltr'>ut</span> <span class='ocrx_word' id='word_1_582' title='bbox 4434 2324 4631 2377; x_wconf 91' lang='lat' dir='ltr'>totam</span> 
     </span>
     <span class='ocr_line' id='line_1_82' title="bbox 2675 2394 4630 2478; baseline 0.002 -19"><span class='ocrx_word' id='word_1_583' title='bbox 2675 2394 2802 2460; x_wconf 92' lang='lat' dir='ltr'>Dei</span> <span class='ocrx_word' id='word_1_584' title='bbox 2847 2397 3187 2461; x_wconf 88' lang='lat' dir='ltr'>ecclesiam</span> <span class='ocrx_word' id='word_1_585' title='bbox 3231 2396 3528 2478; x_wconf 89' lang='lat' dir='ltr'>perdant.</span> <span class='ocrx_word' id='word_1_586' title='bbox 3610 2396 3866 2475; x_wconf 86' lang='lat' dir='ltr'>Valete,</span> <span class='ocrx_word' id='word_1_587' title='bbox 3914 2398 4348 2463; x_wconf 84' lang='lat' dir='ltr'>amantissimi</span> <span class='ocrx_word' id='word_1_588' title='bbox 4394 2400 4528 2463; x_wconf 84' lang='lat' dir='ltr'>viri</span> <span class='ocrx_word' id='word_1_589' title='bbox 4572 2407 4630 2464; x_wconf 89' lang='lat' dir='ltr'>et</span> 
     </span>
     <span class='ocr_line' id='line_1_83' title="bbox 2674 2480 3624 2567; baseline 0 -21"><span class='ocrx_word' id='word_1_590' title='bbox 2674 2482 2897 2547; x_wconf 86' lang='lat' dir='ltr'>fratris</span> <span class='ocrx_word' id='word_1_591' title='bbox 2940 2481 3127 2547; x_wconf 88' lang='lat' dir='ltr'>nobis</span> <span class='ocrx_word' id='word_1_592' title='bbox 3171 2482 3509 2547; x_wconf 90' lang='lat' dir='ltr'>carissimi.</span> <span class='ocrx_word' id='word_1_593' title='bbox 3543 2480 3624 2567; x_wconf 86' lang='lat'>¹⁷)</span> 
     </span>
    </p>
   </div>
   <div class='ocr_carea' id='block_1_11' title="bbox 3444 2774 3855 2788">
    <p class='ocr_par' dir='ltr' id='par_1_15' title="bbox 3444 2774 3855 2788">
     <span class='ocr_line' id='line_1_84' title="bbox 3444 2774 3855 2788; baseline 0.002 -4"><span class='ocrx_word' id='word_1_594' title='bbox 3444 2774 3855 2788; x_wconf 56' lang='lat' dir='ltr'>m-</span> 
     </span>
    </p>
   </div>
   <div class='ocr_carea' id='block_1_12' title="bbox 3056 2992 4238 3218">
    <p class='ocr_par' dir='ltr' id='par_1_16' title="bbox 3056 2992 4238 3218">
     <span class='ocr_line' id='line_1_85' title="bbox 3578 2992 3726 3066; baseline 0.014 -2"><span class='ocrx_word' id='word_1_595' title='bbox 3578 2992 3726 3066; x_wconf 80' lang='lat'>718.</span> 
     </span>
     <span class='ocr_line' id='line_1_86' title="bbox 3056 3149 4238 3218; baseline 0.003 -4"><span class='ocrx_word' id='word_1_596' title='bbox 3056 3149 3409 3215; x_wconf 84' lang='lat' dir='ltr'><strong>CALVIN</strong></span> <span class='ocrx_word' id='word_1_597' title='bbox 3455 3151 3516 3214; x_wconf 82' lang='lat' dir='ltr'>A</span> <span class='ocrx_word' id='word_1_598' title='bbox 3562 3151 3654 3215; x_wconf 85' lang='lat' dir='ltr'>M.</span> <span class='ocrx_word' id='word_1_599' title='bbox 3701 3149 3831 3216; x_wconf 83' lang='lat' dir='ltr'>DE</span> <span class='ocrx_word' id='word_1_600' title='bbox 3874 3149 4238 3218; x_wconf 78' lang='lat' dir='ltr'>FALAIS.</span> 
     </span>
    </p>
   </div>
   <div class='ocr_carea' id='block_1_13' title="bbox 2849 3319 4355 3404">
    <p class='ocr_par' dir='ltr' id='par_1_17' title="bbox 2849 3319 4355 3404">
     <span class='ocr_line' id='line_1_87' title="bbox 2849 3319 4355 3404; baseline 0 -16"><span class='ocrx_word' id='word_1_601' title='bbox 2849 3319 3283 3404; x_wconf 76' lang='lat' dir='ltr'>Gompliments</span> <span class='ocrx_word' id='word_1_602' title='bbox 3321 3340 3409 3387; x_wconf 80' lang='lat' dir='ltr'>au</span> <span class='ocrx_word' id='word_1_603' title='bbox 3449 3323 3607 3403; x_wconf 70' lang='lat' dir='ltr'>sajet</span> <span class='ocrx_word' id='word_1_604' title='bbox 3647 3322 3724 3389; x_wconf 74' lang='lat' dir='ltr'>de</span> <span class='ocrx_word' id='word_1_605' title='bbox 3765 3342 3844 3388; x_wconf 81' lang='lat' dir='ltr'>sa</span> <span class='ocrx_word' id='word_1_606' title='bbox 3882 3324 4355 3391; x_wconf 63' lang='lat' dir='ltr'>convalescam.</span> 
     </span>
    </p>
   </div>
   <div class='ocr_carea' id='block_1_14' title="bbox 2674 3490 4645 3634">
    <p class='ocr_par' dir='ltr' id='par_1_18' title="bbox 2674 3490 4645 3634">
     <span class='ocr_line' id='line_1_88' title="bbox 2676 3490 4644 3562; baseline 0.001 -15"><span class='ocrx_word' id='word_1_607' title='bbox 2676 3492 2850 3562; x_wconf 81' lang='lat' dir='ltr'>(Orig.</span> <span class='ocrx_word' id='word_1_608' title='bbox 2887 3497 3116 3562; x_wconf 78' lang='lat' dir='ltr'>autogra</span> <span class='ocrx_word' id='word_1_609' title='bbox 3155 3490 3237 3545; x_wconf 87' lang='lat' dir='ltr'>he.</span> <span class='ocrx_word' id='word_1_610' title='bbox 3292 3491 3432 3546; x_wconf 90' lang='lat' dir='ltr'>Bibl.</span> <span class='ocrx_word' id='word_1_611' title='bbox 3467 3493 3536 3546; x_wconf 90' lang='lat' dir='ltr'>de</span> <span class='ocrx_word' id='word_1_612' title='bbox 3571 3491 3790 3547; x_wconf 75' lang='lat' dir='ltr'>Geneve</span> <span class='ocrx_word' id='word_1_613' title='bbox 3845 3493 3971 3547; x_wconf 83' lang='lat' dir='ltr'>Vol.</span> <span class='ocrx_word' id='word_1_614' title='bbox 4013 3491 4130 3558; x_wconf 79' lang='lat'>194,</span> <span class='ocrx_word' id='word_1_615' title='bbox 4166 3493 4257 3548; x_wconf 76' lang='lat' dir='ltr'>fol.</span> <span class='ocrx_word' id='word_1_616' title='bbox 4297 3493 4384 3548; x_wconf 80' lang='grc'>23.</span> <span class='ocrx_word' id='word_1_617' title='bbox 4434 3525 4507 3536; x_wconf 90' lang='lat'>—</span> <span class='ocrx_word' id='word_1_618' title='bbox 4545 3495 4644 3549; x_wconf 75' lang='lat' dir='ltr'>Ed.</span> 
     </span>
     <span class='ocr_line' id='line_1_89' title="bbox 2674 3535 4645 3634; baseline 0.002 -19"><span class='ocrx_word' id='word_1_619' title='bbox 2674 3561 3001 3616; x_wconf 68' lang='lat' dir='ltr'>d’Amstord.</span> <span class='ocrx_word' id='word_1_620' title='bbox 3037 3578 3091 3630; x_wconf 84' lang='lat' dir='ltr'>p.</span> <span class='ocrx_word' id='word_1_621' title='bbox 3117 3565 3129 3580; x_wconf 94' lang='lat'><strong>·</strong></span> <span class='ocrx_word' id='word_1_622' title='bbox 3151 3559 3209 3623; x_wconf 81' lang='lat'>7;</span> <span class='ocrx_word' id='word_1_623' title='bbox 3245 3559 3347 3614; x_wconf 71' lang='lat' dir='ltr'>m</span> <span class='ocrx_word' id='word_1_624' title='bbox 3385 3562 3605 3615; x_wconf 83' lang='lat' dir='ltr'>Bonnet</span> <span class='ocrx_word' id='word_1_625' title='bbox 3639 3563 3685 3619; x_wconf 89' lang='lat'>1.</span> <span class='ocrx_word' id='word_1_626' title='bbox 3723 3535 3853 3630; x_wconf 75' lang='lat'><strong>13&#39;7;</strong></span> <span class='ocrx_word' id='word_1_627' title='bbox 3887 3562 4053 3616; x_wconf 74' lang='lat' dir='ltr'>Trad.</span> <span class='ocrx_word' id='word_1_628' title='bbox 4089 3564 4230 3632; x_wconf 80' lang='lat' dir='ltr'>angl.</span> <span class='ocrx_word' id='word_1_629' title='bbox 4267 3563 4432 3618; x_wconf 61' lang='lat'>1211.</span> <span class='ocrx_word' id='word_1_630' title='bbox 4458 3581 4518 3634; x_wconf 83' lang='lat' dir='ltr'>p.</span> <span class='ocrx_word' id='word_1_631' title='bbox 4546 3564 4645 3630; x_wconf 78' lang='lat'>12.)</span> 
     </span>
    </p>
   </div>
   <div class='ocr_carea' id='block_1_15' title="bbox 2981 3730 4422 3903">
    <p class='ocr_par' dir='ltr' id='par_1_19' title="bbox 2981 3730 4422 3903">
     <span class='ocr_line' id='line_1_90' title="bbox 2981 3730 4249 3818; baseline -0.001 -20"><span class='ocrx_word' id='word_1_632' title='bbox 2981 3735 3043 3798; x_wconf 88' lang='lat' dir='ltr'>A</span> <span class='ocrx_word' id='word_1_633' title='bbox 3088 3732 3563 3818; x_wconf 86' lang='lat' dir='ltr'>Monseigneur</span> <span class='ocrx_word' id='word_1_634' title='bbox 3600 3733 3850 3799; x_wconf 86' lang='lat' dir='ltr'>Monsr.</span> <span class='ocrx_word' id='word_1_635' title='bbox 3897 3730 3978 3798; x_wconf 90' lang='lat' dir='ltr'>de</span> <span class='ocrx_word' id='word_1_636' title='bbox 4022 3732 4249 3798; x_wconf 80' lang='lat' dir='ltr'>Fallez</span> 
     </span>
     <span class='ocr_line' id='line_1_91' title="bbox 3909 3816 4422 3903; baseline 0.006 -21"><span class='ocrx_word' id='word_1_637' title='bbox 3909 3838 3950 3882; x_wconf 87' lang='lat' dir='ltr'>a</span> <span class='ocrx_word' id='word_1_638' title='bbox 3991 3816 4422 3903; x_wconf 80' lang='lat' dir='ltr'>Strasbourg.</span> 
     </span>
    </p>
   </div>
   <div class='ocr_carea' id='block_1_16' title="bbox 2675 3954 4653 4723">
    <p class='ocr_par' dir='ltr' id='par_1_20' title="bbox 2675 3954 4653 4723">
     <span class='ocr_line' id='line_1_92' title="bbox 2844 3954 4648 4039; baseline 0.001 -19"><span class='ocrx_word' id='word_1_639' title='bbox 2844 3954 3333 4039; x_wconf 86' lang='lat' dir='ltr'>Monseigneur,</span> <span class='ocrx_word' id='word_1_640' title='bbox 3379 3954 3630 4038; x_wconf 88' lang='lat' dir='ltr'>iespere</span> <span class='ocrx_word' id='word_1_641' title='bbox 3672 3956 3937 4020; x_wconf 85' lang='lat' dir='ltr'>suivant</span> <span class='ocrx_word' id='word_1_642' title='bbox 3971 3971 4045 4019; x_wconf 91' lang='lat' dir='ltr'>ce</span> <span class='ocrx_word' id='word_1_643' title='bbox 4080 3975 4217 4038; x_wconf 88' lang='lat' dir='ltr'>que·</span> <span class='ocrx_word' id='word_1_644' title='bbox 4240 3976 4417 4021; x_wconf 85' lang='lat' dir='ltr'>nous</span> <span class='ocrx_word' id='word_1_645' title='bbox 4460 3977 4648 4021; x_wconf 89' lang='lat' dir='ltr'>man-</span> 
     </span>
     <span class='ocr_line' id='line_1_93' title="bbox 2676 4038 4647 4124; baseline 0.002 -19"><span class='ocrx_word' id='word_1_646' title='bbox 2676 4039 2814 4107; x_wconf 93' lang='lat' dir='ltr'>doit</span> <span class='ocrx_word' id='word_1_647' title='bbox 2857 4039 3336 4105; x_wconf 88' lang='lat' dir='ltr'>dernierement</span> <span class='ocrx_word' id='word_1_648' title='bbox 3379 4041 3669 4106; x_wconf 89' lang='lat' dir='ltr'>Antoine</span> <span class='ocrx_word' id='word_1_649' title='bbox 3717 4038 3993 4118; x_wconf 74' lang='lat' dir='ltr'>Mailzet,</span> <span class='ocrx_word' id='word_1_650' title='bbox 4052 4061 4178 4124; x_wconf 91' lang='lat' dir='ltr'>que</span> <span class='ocrx_word' id='word_1_651' title='bbox 4236 4062 4407 4107; x_wconf 92' lang='lat' dir='ltr'>vous</span> <span class='ocrx_word' id='word_1_652' title='bbox 4472 4051 4647 4108; x_wconf 81' lang='lat' dir='ltr'>estes</span> 
     </span>
     <span class='ocr_line' id='line_1_94' title="bbox 2675 4125 4650 4210; baseline 0.001 -18"><span class='ocrx_word' id='word_1_653' title='bbox 2675 4149 2758 4192; x_wconf 93' lang='lat' dir='ltr'>en</span> <span class='ocrx_word' id='word_1_654' title='bbox 2801 4126 3143 4192; x_wconf 87' lang='lat' dir='ltr'>meilleure</span> <span class='ocrx_word' id='word_1_655' title='bbox 3187 4125 3563 4210; x_wconf 87' lang='lat' dir='ltr'>disposition</span> <span class='ocrx_word' id='word_1_656' title='bbox 3625 4147 3751 4210; x_wconf 90' lang='lat' dir='ltr'>que</span> <span class='ocrx_word' id='word_1_657' title='bbox 3811 4126 3892 4192; x_wconf 92' lang='lat' dir='ltr'>de</span> <span class='ocrx_word' id='word_1_658' title='bbox 3935 4135 4272 4193; x_wconf 89' lang='lat' dir='ltr'>coustume</span> <span class='ocrx_word' id='word_1_659' title='bbox 4290 4177 4306 4203; x_wconf 90' lang='lat'>,</span> <span class='ocrx_word' id='word_1_660' title='bbox 4365 4125 4551 4193; x_wconf 85' lang='lat' dir='ltr'>dont</span> <span class='ocrx_word' id='word_1_661' title='bbox 4593 4129 4650 4193; x_wconf 86' lang='lat' dir='ltr'>ie</span> 
     </span>
     <span class='ocr_line' id='line_1_95' title="bbox 2675 4210 4650 4295; baseline 0.001 -19"><span class='ocrx_word' id='word_1_662' title='bbox 2675 4213 2990 4278; x_wconf 76' lang='lat' dir='ltr'>remei-cie</span> <span class='ocrx_word' id='word_1_663' title='bbox 3043 4218 3266 4277; x_wconf 89' lang='lat' dir='ltr'>nostre</span> <span class='ocrx_word' id='word_1_664' title='bbox 3323 4210 3450 4277; x_wconf 92' lang='lat' dir='ltr'>bon</span> <span class='ocrx_word' id='word_1_665' title='bbox 3494 4213 3700 4291; x_wconf 91' lang='lat' dir='ltr'>Dieu,</span> <span class='ocrx_word' id='word_1_666' title='bbox 3753 4211 3817 4278; x_wconf 91' lang='lat' dir='ltr'>le</span> <span class='ocrx_word' id='word_1_667' title='bbox 3862 4212 4085 4295; x_wconf 87' lang='lat' dir='ltr'>priant</span> <span class='ocrx_word' id='word_1_668' title='bbox 4144 4211 4224 4277; x_wconf 92' lang='lat' dir='ltr'>de</span> <span class='ocrx_word' id='word_1_669' title='bbox 4268 4233 4445 4279; x_wconf 86' lang='lat' dir='ltr'>vous</span> <span class='ocrx_word' id='word_1_670' title='bbox 4495 4235 4650 4280; x_wconf 89' lang='lat' dir='ltr'>con-</span> 
     </span>
     <span class='ocr_line' id='line_1_96' title="bbox 2675 4295 4653 4384; baseline -0.001 -20"><span class='ocrx_word' id='word_1_671' title='bbox 2675 4299 2914 4364; x_wconf 85' lang='lat' dir='ltr'>fermer</span> <span class='ocrx_word' id='word_1_672' title='bbox 2966 4297 3387 4381; x_wconf 90' lang='lat' dir='ltr'>pleinement.</span> <span class='ocrx_word' id='word_1_673' title='bbox 3476 4297 3610 4363; x_wconf 81' lang='lat' dir='ltr'>Gar</span> <span class='ocrx_word' id='word_1_674' title='bbox 3663 4298 3725 4363; x_wconf 91' lang='lat' dir='ltr'>ie</span> <span class='ocrx_word' id='word_1_675' title='bbox 3786 4318 3869 4363; x_wconf 86' lang='lat' dir='ltr'>ne</span> <span class='ocrx_word' id='word_1_676' title='bbox 3928 4295 4169 4363; x_wconf 85' lang='lat' dir='ltr'>doubte</span> <span class='ocrx_word' id='word_1_677' title='bbox 4222 4318 4342 4380; x_wconf 90' lang='lat' dir='ltr'>pas</span> <span class='ocrx_word' id='word_1_678' title='bbox 4403 4320 4550 4384; x_wconf 90' lang='lat' dir='ltr'>que</span> <span class='ocrx_word' id='word_1_679' title='bbox 4590 4298 4653 4364; x_wconf 84' lang='lat' dir='ltr'>la</span> 
     </span>
     <span class='ocr_line' id='line_1_97' title="bbox 2675 4382 4649 4469; baseline 0 -20"><span class='ocrx_word' id='word_1_680' title='bbox 2675 4383 2958 4449; x_wconf 80' lang='lat' dir='ltr'>maladie</span> <span class='ocrx_word' id='word_1_681' title='bbox 3016 4405 3101 4447; x_wconf 90' lang='lat' dir='ltr'>ne</span> <span class='ocrx_word' id='word_1_682' title='bbox 3161 4403 3324 4448; x_wconf 88' lang='lat' dir='ltr'>vous</span> <span class='ocrx_word' id='word_1_683' title='bbox 3381 4384 3475 4448; x_wconf 89' lang='lat' dir='ltr'>ait</span> <span class='ocrx_word' id='word_1_684' title='bbox 3533 4384 3727 4449; x_wconf 86' lang='lat' dir='ltr'>laisse</span> <span class='ocrx_word' id='word_1_685' title='bbox 3796 4405 3925 4449; x_wconf 91' lang='lat' dir='ltr'>une</span> <span class='ocrx_word' id='word_1_686' title='bbox 3979 4382 4222 4467; x_wconf 87' lang='lat' dir='ltr'>longue</span> <span class='ocrx_word' id='word_1_687' title='bbox 4276 4405 4511 4469; x_wconf 86' lang='lat' dir='ltr'>queue</span> <span class='ocrx_word' id='word_1_688' title='bbox 4572 4383 4649 4449; x_wconf 84' lang='lat' dir='ltr'>de</span> 
     </span>
     <span class='ocr_line' id='line_1_98' title="bbox 2676 4468 4651 4552; baseline 0.003 -19"><span class='ocrx_word' id='word_1_689' title='bbox 2676 4468 2995 4535; x_wconf 87' lang='lat' dir='ltr'>foiblesse.</span> <span class='ocrx_word' id='word_1_690' title='bbox 3084 4468 3259 4534; x_wconf 86' lang='lat' dir='ltr'>Mais</span> <span class='ocrx_word' id='word_1_691' title='bbox 3315 4468 3527 4552; x_wconf 81' lang='lat' dir='ltr'>celluy</span> <span class='ocrx_word' id='word_1_692' title='bbox 3582 4470 3694 4551; x_wconf 90' lang='lat' dir='ltr'>qui</span> <span class='ocrx_word' id='word_1_693' title='bbox 3739 4491 3777 4535; x_wconf 88' lang='lat' dir='ltr'>a</span> <span class='ocrx_word' id='word_1_694' title='bbox 3818 4489 4190 4535; x_wconf 91' lang='lat' dir='ltr'>commence</span> <span class='ocrx_word' id='word_1_695' title='bbox 4235 4491 4274 4534; x_wconf 92' lang='lat' dir='ltr'>a</span> <span class='ocrx_word' id='word_1_696' title='bbox 4320 4491 4504 4537; x_wconf 87' lang='lat' dir='ltr'>vous</span> <span class='ocrx_word' id='word_1_697' title='bbox 4550 4492 4651 4537; x_wconf 87' lang='lat' dir='ltr'>re-</span> 
     </span>
     <span class='ocr_line' id='line_1_99' title="bbox 2677 4552 4653 4640; baseline 0.001 -20"><span class='ocrx_word' id='word_1_698' title='bbox 2677 4563 2922 4621; x_wconf 90' lang='lat' dir='ltr'>mectre</span> <span class='ocrx_word' id='word_1_699' title='bbox 2966 4576 3051 4619; x_wconf 90' lang='lat' dir='ltr'>au</span> <span class='ocrx_word' id='word_1_700' title='bbox 3106 4552 3336 4621; x_wconf 89' lang='lat' dir='ltr'>dessus</span> <span class='ocrx_word' id='word_1_701' title='bbox 3354 4604 3368 4631; x_wconf 92' lang='lat'>,</span> <span class='ocrx_word' id='word_1_702' title='bbox 3414 4553 3709 4637; x_wconf 87' lang='lat' dir='ltr'>parfera,</span> <span class='ocrx_word' id='word_1_703' title='bbox 3754 4576 4006 4621; x_wconf 91' lang='lat' dir='ltr'>comme</span> <span class='ocrx_word' id='word_1_704' title='bbox 4050 4554 4302 4638; x_wconf 90' lang='lat' dir='ltr'>iespere</span> <span class='ocrx_word' id='word_1_705' title='bbox 4319 4607 4336 4634; x_wconf 88' lang='lat'>,</span> <span class='ocrx_word' id='word_1_706' title='bbox 4396 4577 4540 4640; x_wconf 82' lang='lat' dir='ltr'>par</span> <span class='ocrx_word' id='word_1_707' title='bbox 4584 4576 4653 4622; x_wconf 76' lang='lat' dir='ltr'>sa</span> 
     </span>
     <span class='ocr_line' id='line_1_100' title="bbox 2677 4641 4651 4723; baseline 0.002 -17"><span class='ocrx_word' id='word_1_708' title='bbox 2677 4642 2873 4706; x_wconf 89' lang='lat' dir='ltr'>bonte</span> <span class='ocrx_word' id='word_1_709' title='bbox 2917 4641 3172 4720; x_wconf 90' lang='lat' dir='ltr'>infinie,</span> <span class='ocrx_word' id='word_1_710' title='bbox 3217 4648 3363 4705; x_wconf 86' lang='lat' dir='ltr'>tant</span> <span class='ocrx_word' id='word_1_711' title='bbox 3402 4660 3572 4723; x_wconf 89' lang='lat' dir='ltr'>pour</span> <span class='ocrx_word' id='word_1_712' title='bbox 3614 4641 3921 4706; x_wconf 85' lang='lat' dir='ltr'>exaulser</span> <span class='ocrx_word' id='word_1_713' title='bbox 3962 4641 4059 4706; x_wconf 88' lang='lat' dir='ltr'>les</span> <span class='ocrx_word' id='word_1_714' title='bbox 4101 4641 4355 4723; x_wconf 84' lang='lat' dir='ltr'>prieres</span> <span class='ocrx_word' id='word_1_715' title='bbox 4407 4642 4502 4709; x_wconf 88' lang='lat' dir='ltr'>de</span> <span class='ocrx_word' id='word_1_716' title='bbox 4549 4663 4651 4709; x_wconf 81' lang='lat' dir='ltr'>ses</span> 
     </span>
    </p>
   </div>
   <div class='ocr_carea' id='block_1_17' title="bbox 2678 4815 3084 4824">
    <p class='ocr_par' dir='ltr' id='par_1_21' title="bbox 2678 4815 3084 4824">
     <span class='ocr_line' id='line_1_101' title="bbox 2678 4815 3084 4824; baseline 0 1351"><span class='ocrx_word' id='word_1_717' title='bbox 2678 4815 3084 4824; x_wconf 95' lang='lat' dir='ltr'> </span> 
     </span>
    </p>
   </div>
   <div class='ocr_carea' id='block_1_18' title="bbox 2672 4913 4653 5396">
    <p class='ocr_par' dir='ltr' id='par_1_22' title="bbox 2672 4913 4653 5054">
     <span class='ocr_line' id='line_1_102' title="bbox 2678 4913 4653 4985; baseline 0.002 -16"><span class='ocrx_word' id='word_1_718' title='bbox 2678 4915 2953 4969; x_wconf 77' lang='lat' dir='ltr'>versation</span> <span class='ocrx_word' id='word_1_719' title='bbox 2990 4922 3048 4967; x_wconf 88' lang='lat' dir='ltr'>et</span> <span class='ocrx_word' id='word_1_720' title='bbox 3083 4914 3170 4968; x_wconf 86' lang='lat' dir='ltr'>vie</span> <span class='ocrx_word' id='word_1_721' title='bbox 3205 4914 3363 4968; x_wconf 84' lang='lat' dir='ltr'>dudit</span> <span class='ocrx_word' id='word_1_722' title='bbox 3394 4913 3762 4984; x_wconf 76' lang='lat' dir='ltr'>champereau</span> <span class='ocrx_word' id='word_1_723' title='bbox 3775 4957 3788 4982; x_wconf 88' lang='lat'>,</span> <span class='ocrx_word' id='word_1_724' title='bbox 3839 4914 3987 4985; x_wconf 77' lang='lat' dir='ltr'>quod</span> <span class='ocrx_word' id='word_1_725' title='bbox 4031 4915 4320 4982; x_wconf 66' lang='lat' dir='ltr'>manifeste</span> <span class='ocrx_word' id='word_1_726' title='bbox 4364 4917 4456 4973; x_wconf 77' lang='lat' dir='ltr'>ad</span> <span class='ocrx_word' id='word_1_727' title='bbox 4508 4918 4653 4974; x_wconf 69' lang='lat' dir='ltr'>hane</span> 
     </span>
     <span class='ocr_line' id='line_1_103' title="bbox 2672 4982 3579 5054; baseline -0.002 -16"><span class='ocrx_word' id='word_1_728' title='bbox 2672 4990 3011 5054; x_wconf 75' lang='lat' dir='ltr'>praesentem</span> <span class='ocrx_word' id='word_1_729' title='bbox 3045 4982 3325 5051; x_wconf 75' lang='lat' dir='ltr'>epistolam</span> <span class='ocrx_word' id='word_1_730' title='bbox 3359 4989 3579 5050; x_wconf 69' lang='lat' dir='ltr'>spectat.</span> 
     </span>
    </p>

    <p class='ocr_par' dir='ltr' id='par_1_23' title="bbox 2675 5051 4651 5253">
     <span class='ocr_line' id='line_1_104' title="bbox 2848 5051 4649 5126; baseline 0.003 -22"><span class='ocrx_word' id='word_1_731' title='bbox 2848 5051 2938 5114; x_wconf 83' lang='lat'>16)</span> <span class='ocrx_word' id='word_1_732' title='bbox 2976 5051 3229 5121; x_wconf 75' lang='lat' dir='ltr'>Sui-quoy</span> <span class='ocrx_word' id='word_1_733' title='bbox 3263 5069 3297 5105; x_wconf 78' lang='lat' dir='ltr'>a</span> <span class='ocrx_word' id='word_1_734' title='bbox 3319 5058 3436 5105; x_wconf 84' lang='lat' dir='ltr'>este</span> <span class='ocrx_word' id='word_1_735' title='bbox 3471 5052 3683 5106; x_wconf 83' lang='lat' dir='ltr'>resoluz</span> <span class='ocrx_word' id='word_1_736' title='bbox 3720 5069 3827 5122; x_wconf 87' lang='lat' dir='ltr'>que</span> <span class='ocrx_word' id='word_1_737' title='bbox 3861 5069 3953 5105; x_wconf 83' lang='lat' dir='ltr'>sus</span> <span class='ocrx_word' id='word_1_738' title='bbox 3987 5053 4042 5105; x_wconf 84' lang='lat' dir='ltr'>la</span> <span class='ocrx_word' id='word_1_739' title='bbox 4075 5054 4242 5108; x_wconf 84' lang='lat' dir='ltr'>lettre</span> <span class='ocrx_word' id='word_1_740' title='bbox 4276 5070 4546 5126; x_wconf 78' lang='lat' dir='ltr'>envoyee</span> <span class='ocrx_word' id='word_1_741' title='bbox 4580 5055 4649 5110; x_wconf 77' lang='lat' dir='ltr'>de</span> 
     </span>
     <span class='ocr_line' id='line_1_105' title="bbox 2675 5118 4651 5193; baseline 0 -15"><span class='ocrx_word' id='word_1_742' title='bbox 2675 5125 2857 5178; x_wconf 88' lang='lat' dir='ltr'>Berne</span> <span class='ocrx_word' id='word_1_743' title='bbox 2893 5122 2984 5174; x_wconf 91' lang='lat' dir='ltr'>lon</span> <span class='ocrx_word' id='word_1_744' title='bbox 3019 5120 3229 5190; x_wconf 82' lang='lat' dir='ltr'>doybge</span> <span class='ocrx_word' id='word_1_745' title='bbox 3272 5120 3387 5173; x_wconf 83' lang='lat' dir='ltr'>fere</span> <span class='ocrx_word' id='word_1_746' title='bbox 3422 5137 3684 5191; x_wconf 81' lang='lat' dir='ltr'>responce</span> <span class='ocrx_word' id='word_1_747' title='bbox 3721 5128 3815 5176; x_wconf 79' lang='lat' dir='ltr'>etc.</span> <span class='ocrx_word' id='word_1_748' title='bbox 3853 5149 3916 5159; x_wconf 90' lang='lat'>—-</span> <span class='ocrx_word' id='word_1_749' title='bbox 3953 5118 4038 5172; x_wconf 86' lang='grc'>27.</span> <span class='ocrx_word' id='word_1_750' title='bbox 4082 5120 4225 5176; x_wconf 68' lang='lat' dir='ltr'>Oct„-</span> <span class='ocrx_word' id='word_1_751' title='bbox 4269 5122 4324 5175; x_wconf 76' lang='lat' dir='ltr'>la</span> <span class='ocrx_word' id='word_1_752' title='bbox 4370 5140 4651 5193; x_wconf 77' lang='lat' dir='ltr'>responoe</span> 
     </span>
     <span class='ocr_line' id='line_1_106' title="bbox 2675 5188 3451 5253; baseline -0.005 -6"><span class='ocrx_word' id='word_1_753' title='bbox 2675 5210 2707 5246; x_wconf 85' lang='lat' dir='ltr'>a</span> <span class='ocrx_word' id='word_1_754' title='bbox 2742 5192 2921 5247; x_wconf 86' lang='lat' dir='ltr'>Berne</span> <span class='ocrx_word' id='word_1_755' title='bbox 2957 5195 3043 5242; x_wconf 86' lang='lat' dir='ltr'>est</span> <span class='ocrx_word' id='word_1_756' title='bbox 3076 5190 3212 5242; x_wconf 74' lang='lat' dir='ltr'>liene</span> <span class='ocrx_word' id='word_1_757' title='bbox 3250 5188 3451 5253; x_wconf 61' lang='lat' dir='ltr'>(ibid).</span> 
     </span>
    </p>

    <p class='ocr_par' dir='ltr' id='par_1_24' title="bbox 2677 5256 4648 5396">
     <span class='ocr_line' id='line_1_107' title="bbox 2852 5256 4648 5325; baseline 0.002 -13"><span class='ocrx_word' id='word_1_758' title='bbox 2852 5258 2944 5324; x_wconf 86' lang='grc'>17)</span> <span class='ocrx_word' id='word_1_759' title='bbox 2981 5256 3145 5311; x_wconf 80' lang='lat' dir='ltr'>Diem</span> <span class='ocrx_word' id='word_1_760' title='bbox 3182 5258 3440 5325; x_wconf 73' lang='lat' dir='ltr'>epistolae</span> <span class='ocrx_word' id='word_1_761' title='bbox 3473 5257 3710 5311; x_wconf 74' lang='lat' dir='ltr'>natalem</span> <span class='ocrx_word' id='word_1_762' title='bbox 3735 5272 3803 5310; x_wconf 75' lang='lat' dir='ltr'>ex</span> <span class='ocrx_word' id='word_1_763' title='bbox 3825 5272 3999 5325; x_wconf 73' lang='lat' dir='ltr'>supra</span> <span class='ocrx_word' id='word_1_764' title='bbox 4034 5256 4213 5325; x_wconf 76' lang='lat' dir='ltr'>dictis,</span> <span class='ocrx_word' id='word_1_765' title='bbox 4246 5260 4505 5314; x_wconf 68' lang='lat' dir='ltr'>maxime</span> <span class='ocrx_word' id='word_1_766' title='bbox 4538 5265 4648 5315; x_wconf 71' lang='lat' dir='ltr'>not.</span> 
     </span>
     <span class='ocr_line' id='line_1_108' title="bbox 2677 5326 3424 5396; baseline -0.004 -16"><span class='ocrx_word' id='word_1_767' title='bbox 2677 5326 2763 5394; x_wconf 83' lang='lat'>15,</span> <span class='ocrx_word' id='word_1_768' title='bbox 2798 5329 2949 5383; x_wconf 74' lang='lat' dir='ltr'>nullo</span> <span class='ocrx_word' id='word_1_769' title='bbox 2982 5326 3195 5396; x_wconf 71' lang='lat' dir='ltr'>neqotio</span> <span class='ocrx_word' id='word_1_770' title='bbox 3231 5328 3424 5381; x_wconf 73' lang='lat' dir='ltr'>elicies.</span> 
     </span>
    </p>
   </div>
   <div class='ocr_carea' id='block_1_19' title="bbox 4766 5 4806 1602">
    <p class='ocr_par' dir='ltr' id='par_1_25' title="bbox 4766 5 4806 1602">
     <span class='ocr_line' id='line_1_109' title="bbox 4766 5 4806 1602; baseline 0 0"><span class='ocrx_word' id='word_1_771' title='bbox 4766 5 4806 1602; x_wconf 95' lang='lat' dir='ltr'> </span> 
     </span>
    </p>
   </div>
   <div class='ocr_carea' id='block_1_20' title="bbox 4773 1803 4789 2499">
    <p class='ocr_par' dir='ltr' id='par_1_26' title="bbox 4773 1803 4789 2499">
     <span class='ocr_line' id='line_1_110' title="bbox 4773 1803 4789 2499; baseline 0 0"><span class='ocrx_word' id='word_1_772' title='bbox 4773 1803 4789 2499; x_wconf 95' lang='lat' dir='ltr'> </span> 
     </span>
    </p>
   </div>
   <div class='ocr_carea' id='block_1_21' title="bbox 4786 4507 4798 6140">
    <p class='ocr_par' dir='ltr' id='par_1_27' title="bbox 4786 4507 4798 6140">
     <span class='ocr_line' id='line_1_111' title="bbox 4786 4507 4798 6140; baseline 0 0"><span class='ocrx_word' id='word_1_773' title='bbox 4786 4507 4798 6140; x_wconf 95' lang='lat' dir='ltr'> </span> 
     </span>
    </p>
   </div>
  </div>
 </body>
</html>
