4825 6175
645 457 771 520 543

642 664 719 709 66
771 642 900 708 1166
956 662 1110 726 pere
1165 642 1404 709 celeste
1460 662 1625 709 vous
1668 642 2018 728 appellera,
2077 641 2419 708 tellement
2460 641 2599 726 quil

644 749 732 793 ne
775 725 1035 792 tiendra
1078 748 1208 811 qna
1246 748 1413 796 vous
1470 749 1596 812 que
1655 747 1819 794 vous
1862 749 1946 794 ne
1980 728 2227 795 suiviez
2270 728 2597 810 lexemple

643 813 728 880 de
770 823 992 879 nostre
1032 834 1191 897 pere
1233 813 1591 880 Abraham.
1681 813 1742 878 Il
1778 824 1881 880 est
1929 835 2094 900 vray
2139 834 2265 899 que
2299 833 2465 880 vous
2510 834 2597 878 ne

642 908 984 966 trouverez
1038 900 1168 965 lieu
1236 920 1321 966 en
1380 908 1553 966 terre
1619 920 1704 965 ou
1766 921 1928 966 vous
1998 899 2171 965 soiea
2228 921 2269 964 a
2320 910 2596 978 seurete,

642 1006 894 1052 comme
952 984 1034 1050 de
1088 985 1248 1052 faict
1294 1006 1367 1051 66
1409 992 1560 1052 6661
1616 1006 1735 1069 pas
1790 987 2010 1051 raison
2055 1006 2181 1068 que
2217 994 2443 1050 nostre
2484 984 2595 1071 foy

643 1072 773 1136 soit
847 1078 1149 1155 exempte
1226 1071 1306 1136 de
1367 1091 1472 1137 ses
1537 1071 1883 1139 exercices.
1907 1070 1965 1153 ⁶)
2080 1071 2255 1137 Mais
2319 1071 2597 1155 puisque

641 1178 810 1224 nous
865 1176 1149 1222 sommes
1201 1177 1286 1221 au
1343 1169 1557 1241 temps
1613 1157 1694 1221 (16
1752 1156 2042 1234 66161161,
2102 1157 2150 1220 11
2213 1177 2297 1241 ny
2355 1177 2395 1222 a
2453 1157 2596 1220 rien

642 1242 946 1308 meilleur
997 1262 1124 1323 que
1182 1241 1264 1308 de
1307 1264 1472 1307 nous
1515 1243 1752 1307 retirer
1804 1264 1844 1307 a
1891 1242 2255 1327 lenseigne,
2301 1263 2385 1306 ou
2430 1263 2597 1307 nous

641 1328 949 1411 prenions
1004 1348 1286 1413 courage
1344 1326 1425 1393 de
1479 1326 1783 1393 batailler
1837 1337 2319 1393 eonstamment
2361 1327 2599 1409 iusqua

641 1416 709 1480 la
751 1426 945 1478 mort.
1050 1413 1209 1480 Cest
1264 1434 1403 1497 ung
1456 1420 1780 1498 avantage
1834 1413 1948 1497 qui
1992 1423 2140 1478 nest
2183 1434 2299 1496 pas
2343 1435 2383 1478 a
2425 1433 2597 1477 mes-

640 1501 882 1651 priser,
938 1510 1143 1583 quant
1192 1498 1342 1563 dieu
1394 1517 1560 1563 nous
1616 1496 1831 1563 donne
1876 1498 2061 1563 loisir
2105 1498 2184 1564 (16
2228 1518 2397 1564 nous
2440 1518 2595 1563 con·

668 1608 901 1664 6111161,
948 1587 1081 1650 afin
1126 1605 1251 1668 que
1292 1584 1360 1649 la
1404 1585 1814 1667 preparation
1855 1606 2021 1649 nous
2053 1605 2240 1650 serve
2261 1606 2343 1650 en
2384 1595 2596 1666 temps

643 1679 712 1738 et
777 1694 858 1737 en
929 1671 1079 1735 lieu.
1179 1669 1314 1734 Car
1366 1691 1442 1735 ce
1495 1691 1661 1736 nous
1717 1669 1898 1735 doibt
1953 1671 2102 1735 bien
2162 1679 2335 1736 estre
2394 1689 2594 1747 assez,

644 1765 853 1841 quant
911 1757 958 1820 il
1005 1777 1169 1821 nous
1220 1777 1402 1820 arme
1458 1754 1537 1820 de
1595 1777 1669 1820 sa
1725 1765 1918 1820 vertu
1963 1775 2130 1839 pour
2172 1766 2347 1821 estre
2391 1755 2594 1820 victo-

643 1844 837 1908 rieux
880 1841 1121 1908 devant
1164 1863 1290 1924 que
1323 1862 1493 1907 nous
1538 1862 1907 1924 esprouver.
1972 1841 2147 1906 Mais
2194 1860 2436 1926 pource
2471 1861 2597 1923 que

643 1929 740 1994 les
761 1948 1320 1994 commencemens
1356 1947 1434 1991 611
1473 1935 1624 1991 sont
1657 1925 1974 2005 difficiles,
2020 1935 2088 1991 61
2129 1927 2195 1991 16
2229 1926 2595 2009 poursuitte

645 2034 879 2080 encore
923 2013 1088 2097 plus,
1134 2012 1182 2076 il
1227 2035 1320 2095 ny
1365 2033 1406 2076 a
1439 2013 1581 2076 rien
1617 2011 1918 2077 meilleur
1953 2032 2077 2095 que
2114 2012 2194 2077 de
2230 2012 2407 2096 prier
2445 2010 2596 2076 dieu

645 2099 781 2183 quil
823 2121 987 2165 vous
1031 2095 1227 2163 tende
1262 2098 1326 2163 la
1360 2098 1538 2162 main
1575 2106 1643 2162 et
1677 2118 1839 2163 vous
1877 2098 2090 2163 donne
2111 2117 2393 2183 courage
2432 2118 2597 2179 pour

644 2195 1016 2251 surmonter
1070 2194 1217 2250 tous
1272 2184 1606 2248 obstacles.
1711 2184 1813 2247 De
1869 2204 2041 2269 quoy
2098 2185 2276 2249 aussi
2322 2203 2489 2247 nous
2532 2182 2596 2246 le

646 2270 1026 2355 supplirons
1091 2290 1251 2335 avec
1320 2291 1511 2346 vous,
1578 2276 1647 2333 et
1707 2268 1845 2351 quil
1911 2270 2023 2353 luy
2101 2269 2303 2352 plaise
2380 2266 2461 2332 de
2525 2289 2595 2332 66

646 2368 976 2422 monstrer
1033 2366 1253 2421 vostre
1309 2364 1682 2439 protecteur
1736 2355 2008 2437 iusques
2063 2374 2103 2419 a
2146 2354 2214 2419 la
2256 2355 2346 2418 fin
2365 2404 2381 2432 ,
2437 2375 2595 2419 vous

643 2443 1059 2507 maintenant
1101 2441 1636 2506 non-seulement
1699 2449 1926 2505 contre
1967 2440 2063 2506 les
2106 2439 2382 2522 iniques,
2429 2440 2596 2504 mais

644 2529 822 2593 aussi
867 2538 1091 2593 contre
1135 2524 1392 2592 Sathan
1438 2527 1580 2590 leur
1625 2525 1788 2591 chef.
1866 2527 2080 2608 Apres
2123 2532 2365 2590 mestre
2407 2524 2600 2589 hum·

642 2613 932 2679 blement
989 2610 1447 2678 recommendo
1501 2631 1542 2675 a
1594 2623 1814 2676 vostre
1867 2610 2087 2676 bonne
2139 2632 2333 2695 grace
2391 2620 2462 2676 et
2517 2610 2597 2675 (16

643 2698 1139 2765 Madamoiselle
1195 2708 1417 2762 vostre
1475 2697 1715 2761 femme
1736 2698 1794 2773 ⁷)
1817 2745 1832 2760 .
1858 2746 1873 2760 .
1899 2743 1915 2759 .
1942 2746 1956 2762 .
2057 2702 2127 2760 19
2175 2697 2361 2780 iuing
2413 2700 2594 2761 1547.

1541 3207 1699 3278 ⁹2⁰.

1115 3360 1645 3429 ZERKIN'I'ES
1691 3360 2127 3429 CALVINO.

821 3535 1065 3600 Tristia
1086 3555 1163 3598 ex
1190 3535 1537 3600 Germania
1549 3560 1571 3615 ‚-
1604 3555 1683 3600 ex
2013 3532 2427 3615 Wittenberya
2461 3534 2595 3597 iam

627 3621 968 3707 proximus
1024 3621 1202 3685 ardet
1269 3618 1604 3705 Umleyon3
1655 3620 1928 3685 Hebwoii
1982 3618 2324 3684 deliberant
2338 3669 2355 3698 ,
2408 3618 2595 3702 trepi-

638 3709 808 3788 dant,
851 3713 910 3772 et
949 3726 1144 3788 usque
1183 3711 1564 3772 mandantur.

946 3877 1052 3943 (Ex
1087 3877 1422 3946 autographo
1458 3876 1587 3930 Cod.
1626 3876 1862 3933 Gothaui
1895 3873 2016 3941 405,
2052 3875 2141 3929 fol.
2182 3873 2262 3939 6.)

631 4068 696 4132 A
740 4066 1083 4131 Monsieur
1125 4064 1333 4130 Iehan
1378 4064 1617 4130 Calvin
1664 4065 1968 4130 ministre
2023 4063 2104 4128 de
2158 4063 2313 4128 Iesu
2358 4062 2590 4130 Christ

676 4172 717 4215 a
760 4150 1034 4217 Geneve
1080 4170 1232 4215 mon
1278 4151 1573 4216 honnore
1618 4150 1930 4235 seigneur
1971 4159 2037 4214 et
2080 4148 2289 4234 grand
2335 4169 2540 4235 amys.

809 4285 1093 4368 Quando
1137 4285 1306 4350 nihil
1347 4286 1637 4352 faustum
1697 4308 1773 4353 66
1827 4306 2212 4370 prosperum
2268 4298 2371 4351 est
2411 4286 2583 4369 quod

632 4374 716 4441 ad
754 4384 819 4439 te
853 4372 1153 4450 scribam,
1197 4368 1454 4437 Calvino
1488 4371 1878 4450 venerande,
1915 4373 2088 4437 malo
2125 4381 2346 4436 tamen
2383 4374 2581 4437 etiam

632 4478 983 4527 aerumnas
1018 4467 1085 4522 et
1118 4456 1524 4523 calamitates
1551 4466 1809 4523 nostras
1842 4477 2351 4524 commemorare
2384 4479 2585 4542 quam

631 4545 919 4611 officium
976 4542 1060 4609 ad
1115 4551 1180 4607 te
1232 4541 1560 4609 scribendi
1615 4544 1964 4628 negligere.
2054 4540 2584 4610 Obdurescemus

628 4631 800 4698 forte
844 4652 920 4697 66
977 4628 1218 4694 callum
1280 4627 1590 4694 ducemus
1644 4630 1957 4694 continua
2006 4628 2456 4708 miseriarum,
2513 4630 2584 4695 in

630 4738 796 4801 quas
836 4736 959 4781 nos
1005 4715 1332 4780 Dominus
1385 4734 1523 4779 non
1564 4714 1896 4780 immerito
1939 4715 2236 4793 coniecit,
2280 4713 2582 4781 recorda-

631 4805 825 4869 tione.
894 4801 1101 4866 Venit
1142 4799 1422 4867 nuncius
1465 4799 1661 4866 hodie
1704 4800 1925 4865 Berua
1968 4798 2053 4864 ad
2095 4821 2201 4866 me
2243 4821 2394 4867 cum
2436 4801 2582 4866 lite-

629 4889 725 4956 ris
769 4910 808 4953 6
850 4892 1087 4953 senatu
1127 4907 1262 4951 non
1306 4886 1503 4952 huius
1545 4884 1717 4969 quod
1760 4884 1972 4952 dicam
2016 4886 2405 4971 argumenti,
2464 4886 2582 4953 sed

630 4974 933 5040 narravit
977 4971 1141 5036 mihi
1186 4971 1462 5037 nuncius
1506 4969 1709 5055 (quod
1751 4983 1816 5035 te
1861 4971 2065 5037 latere
2106 4972 2309 5051 nolui,
2366 4971 2581 5040 sciens

836 5159 898 5224 6)
937 5160 1048 5215 Les
1080 5161 1260 5229 copies
1295 5164 1345 5216 a
1379 5159 1456 5215 ke
1485 5159 1725 5215 edit-'one
1757 5166 1999 5213 1116116111.-
2033 5177 2124 5214 666
2158 5160 2404 5214 61611666.

839 5227 900 5296 7)
939 5227 1136 5284 simler
1169 5245 1207 5283 6
1238 5224 1401 5284 ἐσήιε
1431 5228 1559 5298 11116,
1596 5243 1726 5283 eam·
1757 5229 1917 5283 doute
1951 5230 1988 5283 ὰ
2022 5243 2187 5285 cause
2218 5228 2286 5283 de
2319 5244 2421 5284 6611
2455 5228 2584 5284 titre

630 5297 701 5354 de
733 5295 1080 5381 Qamot'selk,
1113 5298 1213 5367 qm‘
1243 5298 1311 5353 de
1343 5312 1444 5353 6611
1478 5303 1647 5367 temps
1680 5299 1889 5353 n’avait
1918 5299 2050 5368 plus
2082 5296 2381 5353 Pancieme
2414 5299 2582 5366 619111·-

2187 442 2717 523 Erls'ronm
2759 451 3094 521 ele-921
4514 452 4621 518 564

2699 642 2886 708 cuius
2949 639 3105 707 fidei
3165 636 3603 724 committam)
3676 644 3944 723 captum
4021 658 4166 704 esse
4242 637 4462 705 detine
4496 637 4512 654 '
4554 660 4625 706 ue

2699 726 2961 793 Bernae
3002 722 3414 791 tabellarium
3458 721 3783 806 quendam
3796 775 3812 801 ,
3866 723 4092 790 literas
4132 743 4173 789 6
4212 725 4449 790 castris

2698 814 2873 879 saris
2913 811 2997 878 ad
3040 831 3268 876 omnes
3310 817 3566 875 nostros
3608 808 3860 876 nobiles
3902 808 4038 876 fiere
4082 809 4464 886 habentem,
4514 811 4627 877 fas-

2699 918 2969 981 cemque
3021 916 3166 963 esse
3219 897 3559 979 ingentem
3602 896 4024 979 epistolarum
4038 947 4055 974 ,
4115 916 4348 960 verum
4390 903 4630 979 praeter

2700 993 3004 1049 senatum
3048 983 3215 1050 scire
3257 981 3592 1046 neminem
3634 980 3795 1065 quid
3837 982 4227 1047 contineant.
4296 981 4629 1048 Caeterum

2698 1069 3110 1135 tabellarium
3153 1067 3354 1133 istum
3398 1087 3688 1145 narrare,
3733 1074 3995 1150 captum
4039 1087 4183 1132 esse
4226 1064 4441 1134 adhuc
4474 1066 4632 1135 meo-

2697 1160 2914 1232 torevn,
2981 1162 3424 1237 expugnatam
3478 1152 3745 1218 tandem
3800 1152 4331 1238 Wittenbergam
4394 1153 4631 1236 ingenti

2699 1240 2968 1306 victoris
3003 1252 3241 1322 strage,
3288 1239 3579 1307 maxima
3599 1239 3910 1321 praesidii
3954 1237 4135 1304 clade
4179 1260 4254 1304 66
4298 1258 4504 1321 paene
4542 1239 4631 1304 in-

2699 1327 3090 1392 ternecione.
3123 1330 3169 1400 ¹)
3230 1324 3339 1389 Ex
3382 1325 3634 1389 civibus
3676 1324 4023 1408 oppidanis
4067 1333 4135 1390 61
4177 1324 4495 1391 militibus
4535 1346 4631 1390 su·

2699 1431 2960 1494 peresse
2994 1410 3442 1494 paucissimos,
3483 1410 3540 1474 si
3577 1411 3711 1475 sint
3744 1410 3975 1494 aliqui:
4022 1411 4137 1475 vix
4172 1411 4464 1476 infantes
4498 1431 4631 1475 eva-

2699 1500 2862 1562 sisse
2927 1494 3223 1563 crudeles
3288 1496 3476 1578 impii
3542 1494 3751 1562 hostis
3788 1516 4042 1562 manus.
4132 1495 4326 1561 Nune
4370 1496 4630 1580 iniquis·

2699 1585 2898 1648 simas
2962 1582 3143 1667 leges
3209 1581 3388 1665 pacis
3453 1581 3727 1647 Electori
3789 1580 4233 1665 praescribere
4300 1579 4632 1648 Gaesarem.

2699 1667 3001 1752 Tigurini
3057 1668 3378 1750 scripsere
3425 1666 3732 1746 Bernam,
3790 1664 4127 1733 0666616111
4178 1675 4332 1732 ante
4389 1687 4634 1733 menses

2700 1754 2949 1837 aliquot
2992 1753 3238 1818 auxilia
3280 1761 3350 1817 et
3392 1751 3687 1817 subsidia
3728 1773 3768 1817 a
3790 1751 4336 1819 Mulhusensibus
4381 1764 4446 1818 et
4486 1753 4634 1819 Rot-

2699 1839 2956 1905 wilam's
3000 1839 3349 1922 flagitasse:
3407 1838 3561 1920 quia
3602 1858 3762 1903 vero
3804 1838 4099 1905 obtinere
4142 1838 4310 1922 quod
4359 1838 4634 1923 postula-

2700 1923 2811 1988 bat
2851 1924 3241 2007 nequiverit,
3288 1934 3511 2006 aperte
3552 1924 3687 1988 iam
3729 1923 3942 1989 literis
3987 1934 4054 1989 et
4107 1927 4368 1990 nunciis
4413 1925 4635 1990 minari

2699 2031 2889 2075 sunm
2934 2009 3017 2073 ad
3074 2011 3248 2092 ipsos
3304 2009 3660 2074 adventum
3717 2029 3848 2074 non
3905 2010 4042 2075 fore
4096 2010 4503 2075 tolerabilem
4544 2031 4635 2075 re-

2700 2093 2993 2161 bellibus.
3084 2095 3305 2159 Huius
3349 2096 3444 2159 rei
3487 2115 3685 2161 causa
3727 2096 3992 2162 comitia
4033 2095 4495 2161 Helvetiorum
4539 2096 4637 2161 ha-

2696 2181 2940 2246 bentur
3004 2180 3307 2245 Thermis
3360 2180 3774 2246 Badensib'us
3791 2233 3807 2258 ,
3878 2202 4157 2263 quorum
4222 2182 4482 2246 exitum
4536 2203 4637 2246 ex·

2698 2276 2936 2349 specto,
2982 2266 3098 2331 sed
3153 2285 3385 2333 vereor
3427 2287 3510 2331 ne
3563 2266 3697 2332 sint
3747 2268 3971 2332 futura
4012 2266 4205 2332 valde
4246 2266 4636 2332 turbulenta.

2700 2351 2888 2433 Quae
2931 2353 3105 2417 enim
3150 2361 3367 2433 potest
3422 2351 3843 2417 consiliorum
3898 2372 4041 2419 6666
4084 2353 4437 2419 6611661(116
4477 2354 4637 2418 inter

2700 2459 2810 2503 eos
2863 2438 2976 2520 qui
3034 2438 3391 2503 Dominum
3466 2457 3601 2502 non
3669 2435 3986 2503 adhibent
4036 2438 4501 2505 consultorem.
4585 2436 4638 2504 Ο

2701 2522 2940 2589 61111166
2983 2534 3050 2588 61
3090 2525 3360 2588 insanos
3404 2543 3540 2600 nos,
3586 2523 3643 2588 61
3685 2524 3968 2606 amplius
4011 2525 4319 2589 timemus
4369 2533 4641 2589 mortem

2702 2609 2874 2673 votis
2929 2609 3232 2673 omnibus
3291 2629 3331 2672 a
3382 2609 3669 2673 Domino
3722 2609 4181 2694 flagitandam,
4239 2619 4316 2673 111
4370 2631 4496 2675 666
4549 2609 4640 2673 his

2700 2694 2893 2759 malis
2937 2694 3256 2760 subducat
3312 2692 3548 2776 quibus
3591 2695 3947 2760 obruimur.
4038 2694 4184 2760 Nisi
4240 2694 4412 2760 forte
4470 2706 4643 2779 puta·

2701 2800 2848 2844 mus
2891 2779 3286 2845 defectiones
3340 2779 3853 2845 clarissimarum
3909 2781 4171 2847 urbium
4227 2780 4640 2860 Germaniae,

2700 2864 3189 2950 profligationes
3231 2867 3678 2931 sanctissimae
3721 2865 4056 2932 doctrinae
4111 2876 4179 2932 et
4221 2867 4429 2945 vitae,
4486 2867 4643 2931 viro-

2700 2972 2849 3015 rum
2885 2951 3345 3034 captivitatem,
3382 2950 3722 3017 clarissimi
3759 2952 4071 3036 principis
4105 2953 4367 3017 ruinam
4404 2958 4476 3017 et
4509 2973 4643 3018 con-

2698 3036 3126 3103 culcationem
3169 3036 3417 3122 gloriae
3460 3034 3715 3105 Christi
3756 3037 3909 3104 Iesu
3951 3039 4131 3105 inter
4170 3039 4506 3119 mortales,
4546 3058 4639 3107 ec-

2697 3122 3043 3189 clesiarum
3107 3123 3406 3189 omnium
3466 3132 3643 3189 recte
3705 3123 4155 3190 institutarum
4219 3125 4636 3202 eversionem,

2697 3208 2865 3273 nihil
2909 3207 2992 3272 ad
3034 3228 3153 3274 nos
3194 3211 3535 3292 pertinere.
3625 3210 3772 3295 Ego
3815 3210 3941 3276 hoc
3977 3211 4251 3276 vulnere
4293 3210 4636 3290 confodior,

2699 3294 2812 3377 qui
2854 3293 3072 3378 gladio
3115 3294 3337 3360 hostili
3381 3294 3595 3377 perire
3638 3295 3902 3360 mallem
3948 3317 4145 3379 quam
4204 3296 4337 3362 ista
4380 3297 4633 3363 intueri.

2698 3379 3049 3445 Caeterum
3073 3379 3333 3462 quando
3379 3399 3499 3445 nec
3528 3381 3759 3446 mortis
3781 3402 3901 3448 nec
3924 3384 4098 3448 vitae
4122 3382 4474 3449 arbitrium
4496 3403 4633 3448 nos-

2698 3472 2840 3530 trae
2874 3465 2979 3530 vel
3007 3465 3286 3549 optionis
3313 3466 3420 3530 vel
3446 3466 3791 3549 potestatis
3820 3476 3938 3546 est,
3979 3466 4400 3553 procidamus
4427 3489 4635 3535 coram

2699 3550 3013 3629 Domino,
3070 3552 3411 3617 flectamus
3467 3573 3689 3637 genua
3744 3553 3959 3619 cordis
4014 3555 4221 3620 nostri
4280 3554 4633 3632 Altissimo,

2698 3646 2774 3700 nt
2817 3637 3046 3702 robore
3089 3637 3240 3702 fidei
3282 3643 3349 3703 et
3389 3639 3742 3719 patientiae
3792 3639 4309 3706 imbecillitatem
4352 3647 4633 3706 nostram

2694 3721 2951 3802 fulciat,
3017 3721 3101 3787 ad
3153 3731 3601 3807 contemptum
3656 3722 3938 3790 crudelis
3993 3726 4309 3791 victoriae
4353 3727 4537 3811 impii
4575 3732 4633 3790 et

2693 3807 2994 3873 scelerati
3039 3807 3264 3874 hostis.
3353 3808 3522 3874 Vale
3560 3810 3633 3875 in
3676 3810 3982 3891 Domino,
4026 3812 4133 3877 cui
4177 3832 4285 3878 me
4330 3832 4452 3895 per
4495 3820 4631 3878 tuas

2691 3914 2916 3978 preces
2980 3893 3505 3961 commendatum
3571 3897 3779 3978 cupis.
3889 3896 4237 3962 Naeoduni
4304 3900 4405 3962 20.
4465 3896 4628 3962 Iunii

3596 4066 3659 4132 N
3660 4066 3905 4132 ioolaus
3947 4067 4333 4135 Zerchintes

3567 4153 3667 4218 tui
3725 4151 4360 4220 observantissimus.

2860 4320 2937 4387 Si
2982 4321 3137 4406 quid
3181 4333 3255 4386 tu
3298 4324 3455 4387 novi
3495 4323 3728 4402 habes,
3787 4325 3889 4388 fac
3928 4326 4158 4391 sciam:
4227 4328 4417 4411 cupio
4458 4325 4623 4391 enim

2686 4406 2895 4472 luctui
2930 4421 2997 4474 et
3030 4409 3304 4473 moerori
3345 4408 3636 4475 habenas
3669 4408 3913 4488 laxare,
3960 4419 4027 4475 et
4059 4414 4371 4494 quoniam
4404 4432 4620 4478 manus

2688 4493 2852 4558 mihi
2888 4495 3019 4577 ipsi
3057 4495 3301 4559 inferre
3344 4495 3677 4577 religione,
3733 4493 4028 4561 hostibus
4071 4498 4386 4563 miseram
4425 4497 4617 4563 vitam

2686 4579 3019 4729 ige-pugna
3058 4581 3295 4645 offerre
3317 4581 3626 4731 Ο1366111111
3670 4578 3887 4730 adligo
3930 4581 4229 4650 absentia
4268 4584 4616 4684 prohibeor.

2686 4686 2917 4816 ...2⁸3
2949 4674 3356 4835 &stiffi
3409 4667 4616 4835 nffifflffitussi‘ifflpssieffissfffsstims

2686 4837 2999 4919 paulatim
3048 4837 3315 4902 tentabo
3358 4857 3758 4903 consumere.
3845 4837 4017 4904 Vale
4059 4843 4321 4908 iterum.

2856 4923 3096 4988 Aliena
3135 4922 3264 4989 fide
3308 4922 3473 4991 haec
3503 4922 3585 4989 ad
3621 4933 3689 4989 te
3721 4923 3954 5004 scribe,
3995 4924 4111 4992 sed
4145 4929 4404 4993 animus
4432 4945 4611 5008 prae-

2681 5009 2855 5092 sagit
2897 5028 3057 5075 vera
3097 5029 3257 5075 esse.

2712 5228 2864 5311 920.
2904 5229 2961 5294 l)
2998 5227 3235 5284 Dedidit
3274 5245 3333 5284 66
3374 5230 3509 5284 urbs
3544 5230 3880 5299 Imperatori
3919 5231 3972 5285 d.
4017 5231 4102 5287 23.
4143 5233 4309 5304 Maii,
4353 5249 4454 5291 noa
4486 5247 4601 5289 66111

2678 5299 3587 5438 :sancgptgmmmhssoessoe
3627 5299 3797 5366 refert
3839 5300 4601 5361 dociminus-uma

4774 2648 4780 2755 1
