4825 6175
624 445 752 509 608

627 627 1083 703 disseruissem
1124 625 1395 693 liberius
1411 675 1427 703 ,
1486 622 1735 708 aliquid
1793 622 1962 689 forte
2016 620 2369 689 excidisset
2411 617 2590 704 quod

626 713 992 803 praestabit
1032 712 1230 779 fuisse
1273 710 1568 779 tacitum.
1589 712 1650 783 12)
1731 708 1816 809 §i
1857 710 1928 775 in
1973 713 2438 793 argumentum
2484 706 2588 804 in-

629 823 733 954 00t⁸¹
713 791 2589 983 ⁰⁸⁸fu¹¹⁸0u53¹23mq1¹1²1⁰¹213i3ffiffitssmsssseffiffiffliimfiffl

629 971 853 1040 Labor
892 970 1022 1036 fuit
1064 989 1262 1035 umus
1305 967 1454 1033 diei.
1544 966 1717 1032 Nam
1761 968 1997 1033 Lunae
2009 968 2070 1049 ⁴)
2128 962 2382 1032 absolvi
2427 960 2588 1028 dua-

628 1059 754 1125 bus
797 1055 933 1122 fere
976 1056 1156 1121 horis
1201 1051 1372 1137 quod
1414 1051 1625 1137 pridie
1657 1052 2141 1119 inchoaveram.
2208 1047 2343 1117 Sed
2389 1046 2474 1113 ab
2509 1067 2587 1113 eo

629 1151 925 1227 tempore
967 1140 1284 1208 nuncium
1323 1159 1461 1205 non
1505 1139 1731 1204 inveni
1745 1190 1760 1218 ,
1819 1137 1931 1223 qui
1975 1139 2141 1203 istuc
2184 1131 2585 1203 concederet.

629 1229 926 1297 Bernam
965 1225 1113 1292 ideo
1157 1225 1337 1292 nolui
1379 1225 1640 1289 mittere
1684 1223 1839 1308 quia
1886 1223 2230 1308 sperabam
2272 1229 2452 1286 recta
2497 1218 2588 1285 ci-

632 1314 770 1381 tius
790 1315 850 1388 ⁵)
906 1312 1233 1397 perlatum
1286 1310 1389 1376 iri.
1495 1311 1692 1377 Nunc
1742 1310 1896 1393 quia
1953 1319 2101 1393 post
2156 1309 2222 1373 lo
2473 1324 2588 1369 ex-

631 1421 668 1469 6
790 1398 1105 1465 tationem
1149 1395 1593 1481 desperabam,
1640 1404 1901 1463 coactus
1944 1416 2091 1462 sum
2134 1412 2241 1459 me
2282 1391 2443 1457 illuc
2485 1411 2590 1456 re·

629 1505 849 1637 gigne
892 1505 1020 1585 quo
1065 1484 1248 1635 psl-ius
1289 1481 1647 1582 nolueram.
1735 1479 1813 1632 {i
1871 1483 1940 1547 in
1993 1488 2288 1629 ιθῳροιὲ
2330 1477 2592 1543 venerit

628 1577 1205 1723 mmmmm&
1245 1588 1889 1738 ffizzffiffi.
1924 1567 2265 1718 xm.
2288 1581 2592 1715 mm?

631 1763 753 1808 vos
794 1741 1158 1825 profectum
1202 1760 1345 1807 esse
1385 1748 1566 1824 puto,
1612 1737 1786 1823 quod
1839 1738 2173 1805 rarissime
2217 1735 2380 1801 alias
2424 1733 2590 1800 acci-

632 1825 749 1894 dit.
816 1827 1006 1906 Vale,
1052 1825 1470 1892 ornatissime
1515 1823 1618 1891 vir
1661 1832 1731 1891 et
1771 1826 1975 1891 frater
2017 1825 2089 1889 in
2125 1820 2414 1888 Domino
2495 1818 2595 1884 lu-

630 1913 879 1979 rimum
944 1911 1342 1979 honorande.
1444 1908 1775 1977 Dominus
1839 1910 1958 1976 tibi
2009 1915 2348 2061 ἑθῐροῐωο-
2519 1905 2590 1983 it,

630 2005 703 2064 te
745 2020 778 2065 s
824 2003 982 2063 mtu
1024 2017 1144 2064 suo
1187 1997 1525 2083 gubernet,
1572 2005 1636 2061 te
1671 2015 1749 2062 ao
1781 2002 1965 2063 tuam
2074 1994 2324 2059 mlliam
2368 1997 2594 2058 servet

633 2085 784 2150 inco
810 2104 1013 2150 umes.
1080 2080 1419 2150 Salutabis
1454 2082 1696 2147 amicos
1731 2102 1876 2149 meo
1919 2080 2202 2147 nomine.
2271 2077 2590 2146 Genevae

634 2174 739 2235 26.
787 2167 1054 2236 Octobr.
1108 2174 1203 2233 11.
1245 2167 1353 2234 die
1394 2187 1478 2232 ex
1521 2189 1648 2250 quo
1706 2175 1858 2233 tuae
1901 2167 2064 2234 mihi
2108 2164 2402 2232 redditae
2446 2163 2587 2227 fue-

632 2263 810 2320 runt·
1552 2339 1836 2406 Ioannes
1879 2337 2201 2406 Calvinus
2243 2343 2416 2401 tuus.

1548 2868 1699 2940 957.

1029 3023 1379 3091 GALVIN
1423 3025 1484 3091 A
1528 3024 1621 3090 M.
1670 3023 1797 3091 DE
1841 3023 2203 3091 FALAIS.

812 3198 881 3263 Il
922 3197 1017 3263 lm·
1060 3197 1271 3263 envoie
1311 3218 1398 3263 un
1451 3202 1573 3264 mot
1614 3199 1692 3263 de
1721 3197 1981 3280 preface
2009 3215 2185 3278 pom·
2226 3194 2591 3279 l'Apoloyie.

634 3368 962 3439 (L’original
997 3368 1066 3421 de
1101 3367 1340 3421 cebillet
1363 3384 1469 3439 que
1485 3368 1561 3424 M.
1581 3369 1795 3424 Bonnet
1827 3369 1869 3422 1.
1906 3366 2010 3422 228
2043 3366 2127 3420 dit
2159 3369 2314 3423 avoir
2347 3385 2421 3421 vu
2454 3367 2591 3421 dans

637 3439 690 3494 le
725 3437 837 3493 MS.
879 3435 980 3492 194
1012 3451 1144 3491 avec
1179 3438 1259 3489 les
1292 3449 1479 3491 autres
1515 3439 1723 3508 lettres,
1760 3445 1817 3492 et
1852 3436 2010 3507 qu'on
2045 3443 2238 3491 trouve
2274 3437 2419 3492 aussi
2454 3436 2591 3490 dans

635 3507 760 3561 l'ed.
795 3505 1028 3561 d'Amst.
1063 3522 1116 3575 p.
1155 3502 1271 3570 146,
1321 3510 1504 3587 parsit
1547 3508 1666 3562 stre
1712 3507 1901 3578 perdu.
1971 3505 2057 3558 Du
2102 3506 2278 3560 moins
2313 3506 2354 3559 il
2386 3521 2521 3559 nous
2557 3523 2591 3558 a

1100 3573 1357 3645 &chuppa
1401 3603 1458 3613 -
1496 3575 1656 3629 Trad.
1694 3576 1835 3646 angl.
1870 3573 1937 3628 11.
1976 3572 2120 3640 132.)

809 3744 1312 3831 Monseigneur,
1372 3766 1455 3812 en
1514 3752 1902 3812 retournant
1954 3745 2193 3811 laultre
2248 3744 2396 3811 iour
2449 3767 2590 3813 mes

633 3832 899 3918 papiers
954 3850 1122 3915 pour
1190 3831 1402 3898 aultre
1473 3831 1769 3898 occasion
1786 3882 1802 3910 ,
1857 3831 1928 3917 iy
1985 3840 2271 3916 trouvay
2328 3853 2423 3897 un
2475 3853 2590 3915 pe-

635 3919 724 3983 tit
786 3926 925 3982 mot
1003 3916 1085 3983 de
1165 3917 1424 4000 preface
1501 3937 1628 4000 que
1667 3918 1918 4002 iavoye
1995 3917 2153 3982 faict
2215 3937 2301 3983 au
2367 3926 2592 3984 retour

636 4002 721 4070 de
762 4003 1033 4069 maistre
1052 4002 1284 4069 Pierre
1322 4001 1509 4070 Vin-ct.
1543 4004 1592 4086 ι)
1657 4004 1731 4070 Ι6
1773 4003 1838 4069 16
1884 4024 2045 4070 vous
2087 4023 2343 4088 envoye
2384 4005 2593 4070 main-

635 4097 901 4188 tenant,
960 4109 1091 4154 non
1147 4109 1266 4172 pas
1322 4097 1471 4154 tant
1520 4090 1677 4155 affin
1735 4089 1874 4188 quil
1926 4089 2054 4155 soit.
2106 4088 2450 4188 applicque
2503 4111 2590 4156 en

628 4195 1100 4326 ssffiffl.
1138 4193 1308 4324 {322ss
1349 4195 1525 4326 533?
1553 4173 2289 4343 ἓξίἒῗὲθὲηῖῖῒωέῗ
2310 4196 2590 4327 ηΐνοῖθ

628 4343 852 4430 oubly,
897 4346 945 4410 il
989 4343 1186 4411 estoit
1229 4343 1539 4412 domeure
1579 4345 1662 4410 la.
2084 4311 2100 4338 ⁹
2265 4283 2305 4345 q
2394 4313 2411 4340 ⁹
2470 4282 2592 4345 W

805 4431 880 4496 Ie
933 4451 1019 4495 ne
1075 4427 1316 4496 doubts
1383 4449 1502 4513 pas
1560 4430 1696 4514 quil
1767 4452 1852 4496 ne
1919 4431 2063 4497 vole
2121 4432 2453 4515 beaucoup
2508 4431 2591 4498 de

627 4516 878 4583 bruicts
920 4537 1087 4600 pour
1144 4514 1208 4582 le
1265 4524 1532 4600 present
1586 4515 1700 4582 des
1758 4517 2022 4584 affaires
2065 4517 2147 4583 de
2190 4528 2367 4585 ceste
2412 4517 2588 4585 ville.

637 4691 702 4698 ,ψ
717 4693 740 4698 ..-
763 4692 994 4698 —00—

836 4803 899 4869 2)
935 4804 1002 4858 dc
1049 4805 1183 4859 bello
1225 4805 1455 4875 scilicet,
1504 4805 1572 4859 de
1610 4805 1967 4876 Imperatoris
2010 4808 2234 4864 vicem-ub
2277 4807 2588 4879 tyrannide,

630 4874 719 4929 vel
750 4872 914 4928 etiam
948 4871 1016 4927 de
1130 4874 1141 4887 ⁶
1219 4874 1232 4888 '
1305 4890 1361 4927 οι
1392 4890 1421 4928 s
1523 4874 1634 4929 im.

840 4939 895 5008 3)
944 4942 1013 4995 V·
1110 4957 1190 5011 ep.
1219 4958 1297 5012 pr
1458 4984 1472 4997 .
1507 4949 1619 4998 not.
1652 4942 1706 4999 3.

838 5010 899 5076 4)
937 5009 1017 5067 17.
1073 5010 1185 5066 Oct.
1248 5041 1312 5050 —
1372 5011 1526 5068 Ηύισ
1566 5018 1721 5081 patet
1769 5014 1884 5082 ipsi
1924 5013 2271 5081 praefationi
2519 5031 2589 5071 ex

626 5080 743 5162 alio
775 5078 960 5137 codice
991 5080 1264 5135 edidimus
1301 5079 1589 5136 Kalendas
1632 5081 1798 5136 huius
1843 5084 2042 5136 menas
2079 5082 2228 5149 falso
2272 5029 2590 5154 emptas

697 5162 818 5202 usse.

840 5218 901 5283 5)
1131 5233 1169 5273 a
1205 5218 1308 5273 tm.-
1352 5219 1542 5273 tutius.

645 5282 806 5366 ,⁹⁶⁷2
846 5283 904 5368 1)
941 5285 1022 5341 Do
1168 5302 1210 5354 e,
1242 5287 1324 5354 fin
1361 5287 1545 5343 Mars.
1619 5287 1691 5343 Ge
1723 5293 1832 5343 mot
1878 5289 1945 5342 do
1972 5286 2196 5358 prc't‘ace
2238 5289 2336 5344 n’oe
2364 5304 2474 5361 pac
2503 5287 2589 5347 616

2177 422 2706 504 EPISTOLAE
2748 432 3090 497 asc-959

4506 434 4613 497 604

2692 617 2890 705 Quoy
2930 640 3059 704 que
3098 639 3266 691 vous
3308 639 3392 685 en
3430 618 3571 684 oica
3588 669 3605 700 ,
3658 637 3748 687 ne
3788 618 4022 684 laissez
4065 636 4186 703 pas
4230 616 4357 684 den
4398 615 4621 684 dormit

2692 727 2734 771 a
2763 712 2990 772 vostre
3024 706 3193 785 aise;
3236 725 3348 772 car
3379 704 3426 770 il
3461 727 3509 790 y
3542 704 3955 802 abeauooup
3989 701 4071 769 de
4105 723 4271 788 gena
4304 705 4415 789 qui
4445 724 4619 788 pren-

2691 799 2858 858 nent
2898 791 3129 875 plaisir
3171 812 3212 857 a
3251 791 3498 856 mentir
3512 838 3530 870 ,
3590 811 3723 857 non
3776 789 4144 856 seulement
4197 787 4280 856 de
4334 810 4455 857 nos
4497 789 4621 856 voi-

2691 879 2849 958 sins,
2894 877 3064 943 mais
3107 877 3288 944 aussi
3332 874 3414 942 de
3457 896 3623 942 ceux
3668 875 3750 942 de
3790 874 4057 942 dedans.
4075 876 4134 958 ²)

2863 964 2967 1029 Le
3008 963 3139 1029 bon
3186 957 3538 1029 Μαῑᾶοκαᾶ
3588 970 3690 1028 est
3746 961 3948 1028 remis
4002 981 4090 1026 au
4145 960 4376 1029 densus
4567 960 4627 1026 la

2691 1071 2887 1135 grace
2932 1048 3014 1115 de
3055 1049 3252 1130 Βίου,
3295 1049 3464 1115 mais
3515 1068 3654 1114 non
3707 1068 3829 1131 pas
3871 1067 4026 1114 sans
4069 1054 4269 1198 ffrant
4359 1046 4375 1061 ⁶
4530 1045 4621 1111 lte.

2863 1135 3238 1213 Monsieur,
3316 1156 3355 1200 a
3400 1155 3508 1200 res
3571 1141 3816 1200 mestre
3879 1133 4084 1199 humb
4111 1140 4333 1199 ement
4397 1153 4626 1200 recom-

2692 1219 2932 1287 mande
2990 1242 3031 1287 a
3088 1227 3308 1286 vostre
3446 1241 3576 1285 nne
3635 1240 3832 1305 grace
3887 1227 3956 1284 et
4008 1217 4091 1285 (16
4133 1216 4626 1298 Madamoiselle,

2692 1308 2755 1373 ie
2792 1307 3057 1391 prieray
3099 1312 3323 1372 nostre
3366 1306 3492 1373 bon
3537 1306 3710 1371 Dieu
3756 1304 3837 1371 de
3883 1325 4047 1371 vous
4089 1306 4276 1371 avoir
4317 1304 4627 1372 tousiours

2694 1413 2778 1458 en
2832 1413 2907 1458 sa
2954 1393 3204 1458 saincte
3383 1391 3480 1458 de.
3582 1391 3842 1457 Iattens
3894 1411 4012 1456 sur
4067 1390 4134 1456 la
4180 1392 4275 1456 fin
4331 1388 4416 1456 de
4470 1399 4630 1459 ceste

2693 1478 2983 1546 semaine
3026 1477 3272 1544 nouvel
3297 1499 3369 1546 es
3412 1477 3493 1543 de
3536 1498 3717 1544 vous.
3807 1477 3904 1544 Oe
3946 1479 4049 1541 26.
4095 1474 4418 1544 doctobre.

2864 1615 3108 1682 Vostre
3150 1615 3419 1681 humble
3451 1616 3624 1682 frere
3666 1624 3735 1681 et
3775 1614 4119 1694 serviteur,

3879 1735 4085 1802 Iehan
4130 1734 4388 1802 Oalvin.

3603 2249 3759 2322 958.

3230 2403 3639 2470 VIRETUS
3685 2400 4121 2470 OALVINO.

2875 2575 3338 2659 Praefationem
3358 2574 3607 2643 Buoero
3643 2574 4006 2641 mittendam
4049 2574 4325 2641 nondum
4366 2575 4647 2659 apedire

2861 2663 2874 2677 “
2949 2662 3275 2730 tabellario
3329 2682 3453 2728 non
3509 2666 3761 2745 repono.
3850 2660 4150 2726 Amicum
4207 2661 4647 2729 consolatura

2685 2668 4645 2817 {xmobwbasaemvaeabadvmariisbom

2695 2835 3072 2919 disciplinae
3108 2840 3323 2900 motas.

2971 3006 3082 3074 (Ex
3117 3006 3457 3076 autographo
3490 3006 3621 3060 Ood.
3661 3004 3867 3060 Gener.
3908 3005 4074 3071 111⁸,
4111 3006 4203 3060 fol.
4240 3003 4385 3070 162.)

2695 3179 3037 3264 Singulari
3074 3179 3443 3245 eruditione
3477 3200 3553 3244 ac
3589 3180 3828 3262 pietate
3863 3180 4280 3245 ornatissimo
4301 3181 4386 3246 D.
4413 3179 4648 3247 Ioanni

2695 3265 2976 3332 Calvino
3020 3265 3435 3332 Genevensis
3488 3265 3798 3332 ecclesiae
3851 3266 4100 3349 pastori
4143 3266 4646 3351 vigilantissimo

2865 3351 3059 3417 fratri
3097 3358 3167 3416 et
3208 3360 3613 3436 symmystae
3657 3351 4010 3434 plurimum
4050 3351 4484 3419 observando.

2867 3487 2936 3554 S.
3016 3489 3118 3553 Eo
3160 3488 3301 3571 ipso
3347 3487 3449 3554 die
3495 3489 3650 3556 hinc
3691 3488 3945 3554 abierat.
3989 3487 4292 3557 Sidam
4332 3512 4468 3575 quo
4503 3500 4645 3556 tuac

2693 3574 2859 3640 mihi
2895 3574 3124 3640 literae
3152 3579 3199 3650 ¹)
3235 3573 3528 3641 redditae
3564 3584 3737 3641 sunt.
3806 3573 4042 3641 Nescio
4085 3596 4281 3659 quam
4326 3599 4493 3643 mox
4528 3577 4645 3643 sim

2693 3670 2913 3726 tutum
2957 3659 3277 3726 nuncium
3322 3660 3692 3739 habiturus,
3746 3660 3863 3744 qui
3904 3682 4018 3727 eas
4064 3661 4395 3728 Basileam
4441 3663 4643 3747 perfe-

2692 3754 2816 3813 rat.
2907 3744 2985 3812 Si
3040 3745 3262 3813 nullus
3309 3753 3611 3814 occurrat
3666 3747 3777 3831 qui
3820 3767 3898 3812 eo
3956 3754 4135 3815 recta
4178 3747 4644 3833 proficiscatur,

2693 3832 2955 3898 mittam
2991 3832 3285 3898 Bernam
3329 3830 3414 3897 ad
3453 3830 3804 3912 Sulzerum,
3848 3833 4048 3898 simul
4091 3842 4287 3918 atque
4328 3835 4644 3902 nuncium

2693 3927 2928 3986 nactus
2968 3917 3172 3984 fuero.
3240 3919 3343 3983 De
3386 3917 3583 3984 rebus
3624 3920 3862 3985 vestris
3895 3940 4042 3985 sum
4081 3941 4213 3986 non
4532 3919 4643 3987 sol·

2692 4004 2931 4071 licitus.
3034 4002 3333 4069 Verebar
3395 4014 3617 4069 autem
3676 4003 3848 4088 quod
3900 4003 4154 4071 weidit.
4254 3941 4415 4073 gg'o
4473 4008 4640 4073 enim

2694 4111 2892 4175 quam
2935 4089 2995 4156 is
3038 4090 3125 4155 sit
3175 4090 3430 4157 invisus
3483 4090 3566 4156 de
3619 4111 3747 4174 quo
3803 4091 4139 4176 scripsisti.
4231 4090 4377 4157 Non
4425 4092 4641 4161 dubito

2694 4176 2854 4260 quin
2899 4175 3108 4242 Satan
3151 4196 3415 4241 omnem
3459 4185 3724 4242 moveat
3755 4176 4043 4260 lapidem
4085 4177 4169 4244 ad
4201 4178 4639 4261 perturbanda

2694 4263 2935 4328 omnia.
3038 4259 3174 4329 Sed
3235 4260 3567 4327 Dominus
3620 4283 3770 4328 eum
3828 4271 4124 4329 conteret
4186 4263 4308 4329 sub
4373 4264 4638 4348 pedibus

2693 4348 2952 4415 vestris.
3042 4346 3463 4413 Luctandum
3507 4348 3652 4425 erit,
3697 4347 3813 4414 sed
3858 4349 4080 4415 vincet
4123 4350 4458 4416 Dominus
4501 4358 4637 4417 tan·

2695 4433 2865 4512 dem,
2933 4455 3053 4500 nec
3119 4431 3328 4500 deerit
3389 4454 3547 4499 suae
3613 4432 3941 4500 ecclesiae.
4042 4435 4319 4503 Utinam
4385 4457 4639 4520 possem

2692 4521 2911 4588 subire
2951 4525 3210 4619 partem
3246 4519 3714 4598 molestiarum,
3759 4519 3994 4603 quibus
4030 4542 4207 4589 nunc
4240 4523 4374 4588 scio
4412 4531 4485 4589 te
4517 4522 4639 4589 dis-

2692 4607 2985 4672 cruciari.
3055 4605 3205 4672 Non
3246 4627 3394 4671 sum
3435 4605 3701 4670 illarum
3741 4604 4009 4690 quidem
4050 4627 4305 4691 expers,
4352 4608 4471 4675 sed
4506 4610 4637 4675 sinc

2693 4691 2830 4756 ullo
2888 4697 3110 4758 vestro
3167 4690 3508 4758 commodo
3565 4699 3633 4757 et
3689 4691 4001 4760 ecclesiae
4041 4692 4277 4760 fructu.
4367 4693 4446 4762 Si
4490 4691 4639 4779 quid

2692 4798 2815 4863 ego
2855 4797 3112 4860 possem
3171 4778 3466 4843 conferre
3480 4828 3497 4854 ‚
3553 4798 3688 4844 non
3739 4798 4137 4863 magnopere
4189 4799 4487 4847 morarer
4526 4779 4636 4845 ho-

2692 4864 2947 4928 minum
2990 4862 3328 4943 invidiam,
3372 4864 3430 4928 si
3470 4863 3664 4930 modo
3706 4885 3855 4930 mea
3890 4884 4090 4948 opera
4122 4864 4385 4949 aliquod
4425 4871 4637 4951 posset

2691 4948 2930 5014 afferre
2994 4948 3525 5015 emolumentum.
3628 4947 3765 5015 Sed
3819 4948 3980 5015 mihi
4039 4949 4310 5018 minime
4370 4950 4635 5018 dubium

2690 5296 2774 5347 Μ
2805 5220 3056 5358 imma&
3087 5220 3323 5355 weit-nt
3356 5238 3413 5278 66
3456 5221 3622 5279 meme
3652 5222 3790 5290 jour
3832 5226 3871 5280 ὰ
3918 5224 4068 5279 Viree
4110 5238 4210 5279 cur
4255 5241 4338 5280 un
4384 5230 4498 5281 tout
4536 5239 4631 5280 ou-

2725 5358 2865 5416 958.
2904 5358 2961 5423 1)
2995 5360 3072 5415 Ν.
3108 5359 3229 5415 954.
