4825 6175
213 438 324 502 449

1088 620 1242 694 867.

667 776 1168 843 FARELLUS
1202 776 1654 845 -CALVINQ

365 947 675 1013 Rumores
713 949 888 1012 varii
940 968 1016 1013 ex
1063 947 1415 1013 Germania
1470 954 1862 1032 sparyuntur
1903 951 2012 1015 sed
2055 951 2150 1015 ni—

203 1036 317 1099 mis
354 1035 607 1099 sinistri
647 1053 839 1115 quam
882 1034 1112 1115 quibus
1152 1033 1310 1113 fides
1351 1035 1668 1101 habeatur.
1761 1035 1938 1099 Inter
1981 1035 2151 1102 Solo-

201 1122 478 1271 gmordffies
519 1125 575 1185 et
620 1120 1060 1185 Neocomenses
1097 1122 1319 1203 yravis
1359 1126 1494 1185 orta
1530 1120 1616 1185 lis
1654 1121 1733 1185 de
1755 1140 1927 1204 payo
1973 1120 2151 1187 Ores-

202 1376 305 1440 (Ex
350 1375 682 1429 bibliotheca
727 1387 1006 1445 pastorum
1045 1375 1506 1511 ΙΝοὲοοῃίθίιείιιω
1523 1415 1537 1441 ,
1583 1376 1725 1446 Epp.
1771 1378 1972 1430 Fal-elli
2019 1378 2148 1431 fasc.

599 1618 683 1682 D.
728 1615 962 1681 Ioanni
1009 1614 1302 1681 Calvin0.

1425 1701 1759 1768 Genevae.
1790 1707 1838 1786 ¹)

359 1835 432 1903 S.
480 1839 626 1919 Ego
670 1837 838 1901 nihil
883 1859 1152 1921 prorsus
1193 1838 1412 1921 accepi
1458 1838 1540 1902 de
1586 1838 1947 1904 Germania
1991 1842 2148 1905 totis

192 1923 433 2008 aliquot
513 1925 865 1989 mensibus.
979 1924 1255 1988 Iacobus
1319 1925 1431 1988 ille
1501 1924 1851 2007 Linchamp
1919 1926 2149 1991 biblio·

273 2010 355 2089 la,
378 2013 438 2086 2)
482 2032 680 2093 quum
729 2033 768 2074 a
827 2022 888 2074 te
938 2019 1006 2073 et
1065 2009 1267 2074 Virdo
1324 2009 1635 2088 redirem,
1692 2011 1762 2075 in
1821 2012 1931 2075 via
1987 2012 2151 2076 mihi

191 2097 471 2162 occurrit
518 2118 592 2161 ac
653 2095 851 2173 dixit,
911 2094 1226 2178 quosdam
1283 2099 1392 2177 qui
1442 2095 1764 2178 Tigurum
1822 2098 2152 2180 petierant

189 2181 411 2246 literas
457 2181 541 2245 ad
585 2203 690 2245 me
735 2180 976 2246 habere
1033 2190 1102 2244 et
1158 2180 1240 2244 ad
1283 2181 1477 2257 alica,
1535 2184 1772 2262 partim
1820 2205 1858 2247 a
1905 2182 2151 2247 Bucero

186 2267 428 2350 partim
476 2269 556 2332 ab
602 2267 761 2331 aliis.
852 2266 988 2331 Sed
1032 2266 1200 2330 nihil
1249 2265 1379 2331 vidi
1428 2288 1636 2348 neque
1690 2268 1916 2333 audivi
1960 2289 2149 2352 prae-

188 2361 385 2418 terea.
481 2353 818 2418 Transivit
862 2353 987 2417 hac
1044 2351 1308 2417 demum
1357 2349 1621 2417 Iacobus
1676 2353 1851 2417 idem
1897 2355 2151 2438 Argen-

187 2447 475 2504 toratum
525 2450 771 2519 petens,
819 2460 1048 2503 verum
1090 2460 1196 2502 me
1245 2460 1370 2501 non
1417 2448 1517 2502 est
1552 2438 1944 2521 alloquutus.
2015 2440 2150 2505 Ru-

184 2545 400 2589 mores
441 2524 675 2589 incerti
712 2532 1135 2606 sparguntur,
1175 2523 1526 2588 Caesarem
1564 2545 1705 2589 sese
1741 2526 2148 2590 communire

186 2630 258 2674 ac
300 2612 635 2688 roborare,
682 2621 746 2674 et
792 2609 958 2673 nihil
1005 2631 1135 2673 non
1172 2609 1428 2674 efficere
1466 2630 1583 2692 pro
1619 2619 1818 2675 nutu:
1867 2610 2146 2676 Germa-

182 2697 361 2761 niam
434 2705 643 2760 totam
708 2695 1066 2759 calamitati
1135 2717 1332 2777 quam
1399 2696 1687 2759 maxime
1759 2697 2148 2778 proximam.

185 2779 274 2848 Ut
315 2780 493 2846 illud
530 2793 659 2845 no'n
707 2780 895 2847 facile
938 2780 1151 2858 cred0,
1198 2783 1290 2845 ita
1326 2780 1447 2845 hoc
1480 2802 1681 2863 supra
1714 2781 1986 2846 modum
2019 2784 2147 2846 for-

180 2867 391 2933 mido:
461 2889 614 2932 nam
678 2888 810 2931 non
870 2869 1054 2948 pauci
1115 2867 1507 2949 praeteriere
1552 2866 1708 2930 anni
1753 2866 1988 2949 quibus
2033 2889 2149 2950 per

182 2973 455 3018 servum
505 2974 697 3018 suum
741 2953 1044 3017 Laterum
1085 2951 1412 3015 Dominus
1469 2951 1608 3016 orbi
1665 2955 1895 3036 gravia
1939 2955 2148 3017 mina-

179 3045 285 3105 tus
343 3051 485 3118 est,
562 3038 643 3104 ob
703 3040 1032 3123 evangelii
1092 3045 1537 3120 contemptum
1600 3047 1666 3101 et
1731 3038 2147 3104 reiectionem

180 3126 639 3208 potissimum,
698 3134 765 3190 et
819 3126 1122 3207 quamvis
1183 3124 1576 3199 Germania,
1641 3125 1762 3188 nisi
1825 3127 2149 3209 propitius

179 3211 403 3278 faveat
451 3222 522 3276 et
561 3220 819 3276 avertat
861 3211 1221 3287 Dominus,
1280 3211 1448 3274 dura
1508 3210 1594 3272 sit
1648 3231 1958 3292 passura,
2013 3234 2147 3276 non

180 3304 405 3363 tamen
455 3299 603 3362 sine
657 3319 898 3380 magno
943 3297 1241 3361 Caesaris
1286 3296 1474 3360 malo.
1566 3294 1927 3361 Contendit
1966 3298 2150 3362 varie

178 3381 351 3451 idem
401 3383 792 3448 Helvetieos
829 3381 1125 3447 scindere
1170 3390 1235 3446 et
1277 3381 1452 3445 inter
1486 3401 1556 3446 se
1600 3382 2025 3460 committere,
2072 3403 2147 3450 ac

175 3470 440 3551 pridem
489 3469 557 3534 id
602 3469 850 3534 factum
907 3469 1135 3533 fuisset
1190 3467 1312 3531 nisi
1369 3488 1488 3549 per
1543 3477 1800 3531 nostros
1843 3467 2147 3535 Christus

176 3556 547 3622 cicurasset
591 3555 991 3620 ferocientes.

349 3640 430 3707 Si
486 3641 650 3705 bene
705 3640 971 3704 memini
1031 3648 1242 3705 tecum
1300 3638 1403 3721 egi
1463 3637 1543 3702 de
1600 3658 1769 3721 pago
1824 3636 2143 3704 Crescen-

175 3726 415 3810 tin0,⁸)
465 3726 577 3792 cui
617 3724 847 3790 foedus
893 3734 993 3789 est
1036 3724 1354 3801 civitatis„
1379 3745 1529 3789 cum
1575 3722 2140 3789 Solodorensibus.

172 3811 571 3878 Praefectus
607 3811 1046 3876 Bao-barinum
1081 3831 1247 3893 pago
1284 3811 1701 3892 praefecerat.
1770 3809 2145 3875 Insolenter

173 3897 367 3963 valde
416 3906 640 3963 actum
689 3897 818 3961 fuit
867 3916 1014 3961 cum
1065 3896 1389 3978 praefecto
1435 3896 1553 3973 bie,
1598 3894 1713 3959 scd
1756 3894 2144 3960 insolentius

171 4004 315 4048 cum
382 3983 760 4049 Barbarino
818 3983 1030 4047 tertio,
1137 3982 1273 4045 Res
1332 4001 1406 4045 eo
1463 3989 1855 4062 pervenerat
1910 3991 1987 4045 ut
2030 3983 2144 4064 qui

173 4067 533 4146 laeserant,
575 4091 704 4134 non
754 4070 894 4131 sine
929 4067 1197 4132 consilio
1234 4068 1399 4131 forte
1436 4087 1659 4130 eorum
1687 4067 1797 4148 qui
1834 4066 2142 4132 videban-

171 4162 282 4219 tur
316 4156 515 4231 laesi,
563 4156 824 4219 tantum
861 4153 1032 4236 apud
1071 4175 1220 4218 suos
1255 4153 1617 4217 effecerunt
1655 4162 1728 4215 ut
1762 4152 1934 4216 iusto
1971 4152 2142 4217 bello

171 4237 651 4307 decertandum
688 4239 1172 4305 contenderent.
1238 4238 1640 4303 Involvisset
1674 4257 1881 4319 paene
1917 4258 2143 4304 omnes

173 4322 444 4392 bellum.
556 4323 690 4391 Sed
748 4326 1070 4390 Dominus
1134 4325 1461 4389 continuit
1515 4323 1992 4389 Neocomenscs
2060 4347 2142 4389 ne

171 4411 326 4492 quid
375 4419 724 4476 tentarent
759 4412 960 4474 armis
1001 4420 1064 4474 et
1105 4408 1585 4491 Arctopolitani
1629 4429 1747 4472 sua
1793 4410 2142 4474 autoritate

169 4496 508 4583 fregerint
582 4506 854 4563 conatus
922 4496 1306 4573 deteriores,
1385 4504 1459 4558 ut
1521 4496 1664 4557 iure
1742 4515 1873 4557 non
1941 4496 2143 4559 armis

168 4592 619 4667 componatur
673 4581 1032 4648 dissidium.
1135 4582 1268 4645 Hic
1326 4602 1466 4644 sese
1520 4580 1762 4643 mirum
1820 4590 1888 4643 et
1944 4601 2143 4663 supra

168 4688 371 4752 quam
422 4670 554 4736 dici
601 4678 816 4753 potest
867 4668 1229 4751 benignum
1288 4673 1576 4749 praestat
1625 4665 1979 4730 Dominus:
2036 4688 2139 4731 re-

199 4874 346 4930 86⁸7.
391 4874 450 4941 1)
494 4873 921 4942 Inscriptionem
952 4886 1152 4926 mamus
1187 4885 1389 4925 coaeva
1423 4870 1657 4925 addidit.

379 4942 447 5007 2)
625 4942 891 4997 dunensis

382 5013 452 5069 3)
496 5011 753 5078 Castior,
790 5027 832 5066 a.
875 5011 1115 5065 Crassior
1159 5008 1316 5063 vicus
1365 5014 1486 5063 erat
1522 5023 1599 5076 pr
1675 5024 1703 5062 e
1737 5006 2138 5063 Landeromcm

165 5081 315 5136 inter
349 5088 659 5149 utrumque
691 5081 873 5135 laeum
906 5080 1066 5134 εἱιαε.
1136 5076 1452 5145 Pontificiis
1486 5091 1664 5132 saone
1686 5082 2002 5132 constanter
2035 5078 2135 5132 ad·

169 5151 308 5206 dicti
340 5150 590 5219 incolae,
626 5166 794 5220 quum
828 5149 901 5203 iis
946 5146 1314 5217 evangelicum
1362 5145 1678 5201 ministrum
1711 5147 1998 5202 obtrudere
2032 5148 2136 5203 vel·

166 5217 280 5275 lent
325 5221 656 5276 Beruenses
701 5218 1005 5273 adiwoante
1053 5216 1324 5285 praefecto
1373 5216 1731 5270 Neoeomenei
1779 5216 2014 5286 Georgia
2070 5216 2138 5271 de

171 5290 505 5358 Pramum,
553 5288 1008 5344 Sammo-mium
1053 5286 1329 5341 auxiliwm
1383 5286 1758 5354 expetierunt,
1820 5287 1919 5354 qai
1967 5285 2138 5340 ’παίω

166 5360 338 5414 meo
373 5360 512 5414 illos
546 5364 777 5413 conatus
808 5358 1002 5412 irritos
1032 5356 1295 5422 fecenmt.
1366 5352 1617 5423 (Rue-hat
1651 5356 1715 5409 V.
1748 5353 1894 5423 283.)

385 5444 619 5500 Calvina·
647 5460 830 5514 opera.
912 5444 1024 5497 Vol.
1066 5442 1212 5496 XII.

1764 440 1926 502 1546
1974 436 2525 506 DECEMB.-—s.
2573 439 2633 506 d.

4082 460 4217 522 450

2248 628 2632 710 spuentibus
2677 628 2972 695 obtrudit
3013 633 3427 717 evangelium
3487 644 3556 700 et
3608 638 3904 706 nolentes
3960 641 4221 707 intrare

2249 714 2442 865 coffiit.
2534 711 2795 780 Saltare
2837 715 3094 800 cogitur
3136 719 3192 784 is
3237 720 3350 802 qui
3396 721 3563 786 nihil
3608 724 3829 790 minus
3873 727 3942 789 in
3989 728 4213 792 animo

2248 798 2338 864 ha
2383 808 2468 864 et.
2560 798 2739 866 Sunt
2777 800 2940 868 haec
2993 804 3266 869 Domini
3320 827 3534 888 opera.
3645 810 4053 893 Cuperemus
4108 835 4217 879 re-

2247 885 2416 950 scire
2462 893 2537 950 ut
2579 906 2774 951 causa
2820 886 3154 954 Francisci
3168 889 3225 976 ⁴)
3286 890 3540 957 habeat.
3644 896 3749 960 De
3796 918 3871 961 eo
3913 900 4215 980 queritur

2250 969 2504 1054 collega
2567 970 2739 1054 quod
2815 973 3041 1038 literas
3120 997 3253 1040 non
3321 977 3682 1044 reddiderit
3762 981 4212 1062 Wattevillavw,

2252 1057 2488 1138 quibus
2556 1057 2768 1122 multa
2831 1059 2904 1122 in
2970 1080 3110 1124 rem
3170 1060 3367 1127 huius
3433 1065 3744 1131 ecclesiae
3797 1068 4208 1150 petebantur.

2251 1142 2400 1206 Etsi
2447 1142 2674 1208 consul
2718 1155 2952 1226 sponte
2996 1153 3153 1229 agat
3195 1169 3388 1228 quam
3436 1152 3929 1230 studiosissime,
3988 1164 4215 1220 tamen

2250 1227 2482 1292 literae
2528 1249 2660 1292 non
2694 1230 2974 1294 fuissent
3007 1232 3297 1310 inutiles,
3342 1256 3576 1300 verum
3622 1239 4049 1304 contulissent
4083 1262 4215 1306 non

2251 1335 2507 1397 parum.
2596 1313 2900 1380 Debebat
2943 1316 3328 1384 Franciscus
3383 1324 3612 1386 maiori
3676 1324 3803 1389 fide
3863 1347 4011 1389 cum
4074 1338 4215 1391 tam

2255 1401 2464 1466 amico
2508 1409 2575 1464 et
2617 1409 2753 1463 tam
2799 1401 2966 1466 bene
3009 1405 3245 1469 merito
3291 1427 3501 1490 agere.
3582 1409 3980 1475 Intellexisti
4025 1412 4217 1495 quale

2255 1486 2483 1550 fecerit
2538 1486 2996 1551 iusiurandum
3043 1538 3371 1555 ......
3382 1497 3440 1568 ⁶)
3500 1516 3699 1576 supra
3755 1496 4213 1580 disputatione.

2254 1571 2460 1636 Faxit
2504 1569 2810 1637 Christus
2853 1583 2927 1638 ut
2969 1595 3214 1654 omneS,
3261 1579 3457 1642 etiam
3493 1601 3625 1643 non
3662 1581 3879 1658 iurati,
3927 1584 4215 1648 officium

2253 1657 2570 1722 faciamus
2616 1664 2682 1722 et
2745 1659 3097 1740 purissime
3153 1663 3513 1745 scripturas
3559 1686 3927 1747 sequamur.
4017 1668 4213 1750 Quod

2255 1742 2549 1808 dicebam
2596 1742 3035 1809 Barbamum
3078 1747 3252 1812 male
3298 1761 3643 1834 exceptum
3682 1753 3900 1827 fuisse,
3949 1754 4013 1817 id
4060 1776 4215 1819 con-

2253 1828 2411 1911 tigit
2455 1828 2560 1892 die
2604 1831 3062 1912 conceptionis.
3152 1834 3496 1918 Particeps
3539 1838 3664 1900 fuit
3705 1838 4097 1903 iniuriarum
4145 1848 4215 1904 et

2253 1914 2502 1979 ictuum
2552 1914 2759 1979 bonus
2805 1915 3105 1997 Eamus,
3149 1923 3259 2001 qui
3304 1941 3379 1984 eo
3416 1922 3657 1987 missus
3694 1925 3907 1988 fuerat
3950 1935 4025 1990 ut
4067 1924 4216 1990 lite·

2255 2021 2365 2064 ras
2407 2000 2760 2083 acciperet:
2829 2023 3061 2067 verum
3127 2025 3246 2087 pro
3312 2006 3521 2073 literis
3588 2010 3814 2073 retulit
3881 2011 4038 2089 alia,
4099 2010 4215 2077 sed

2254 2107 2457 2167 quum
2515 2086 3035 2152 valetudinarius
3093 2091 3212 2164 sit,
3287 2094 3576 2158 nescitur
3634 2117 3719 2159 an
3786 2118 3869 2160 ex
3927 2097 4215 2163 laesione

2256 2169 2502 2253 aliquid
2546 2173 2602 2236 ei
2650 2174 2997 2238 acceSserit
3039 2177 3147 2240 vel
3184 2176 3552 2246 decesserit.
3626 2183 3801 2262 Aget
3843 2183 4212 2264 praefectus

2255 2278 2406 2322 cum
2433 2256 2995 2338 Solodorensibus,
3040 2261 3146 2325 vel
3184 2263 3225 2326 ii
3264 2265 3482 2346 potius
3524 2287 3673 2330 cum
3713 2268 4058 2349 praefecte,
4106 2270 4211 2335 die

2255 2343 2489 2407 Lunae
2542 2348 2635 2406 10.
2682 2343 2994 2410 Ianuarii.
3088 2345 3164 2412 Si
3209 2351 3573 2430 praefectus
3632 2353 3858 2416 fecerit
3900 2354 4208 2432 officium,

2255 2427 2422 2492 bene
2468 2429 2749 2493 habebit.
2840 2428 2961 2495 Sin
3009 2435 3346 2513 promissis
3394 2456 3527 2499 non
3572 2440 3858 2514 steterit,
3915 2440 4211 2505 Bernam

2252 2533 2403 2577 cum
2464 2515 2707 2579 nostris
2770 2526 3039 2598 repetet.
3144 2520 3334 2583 Bona
3397 2543 3623 2587 sumus
3689 2544 3820 2605 spe.
3926 2526 4210 2591 Precare

2253 2598 2619 2664 Dominum
2688 2611 2759 2664 ut
2825 2602 3069 2667 auxilio
3135 2604 3322 2669 nobis
3389 2607 3492 2670 sit.
3599 2607 3731 2688 Qui
3801 2609 4211 2676 reluctantur

2253 2683 2465 2749 modis
2510 2686 2813 2750 omnibus
2857 2709 3079 2754 secum
3123 2689 3531 2755 contendunt
3583 2695 3805 2758 onmia
3847 2695 4208 2762 involvere.

2213 2770 2405 2836 -Dici
2446 2793 2579 2836 non
2623 2782 2835 2854 potest
2894 2771 3049 2855 quid
3095 2773 3305 2840 Satan
3362 2777 3673 2843 moliatur
3715 2800 3832 2862 per
3877 2783 4207 2864 pagulum.

2251 2857 2578 2921 Dominus
2634 2859 2931 2940 increpet
2984 2869 3119 2923 tam
3175 2862 3422 2926 malum
3482 2864 3755 2929 hostem.
3848 2867 4014 2931 Vale
4059 2889 4210 2933 cum

2252 2943 2387 3006 tuis
2432 2943 2766 3020 omnibuS,
2829 2945 3137 3029 coniuge,
3201 2947 3524 3029 GallasiO,
3590 2952 3833 3030 Abella,
3895 2951 4099 3034 Coppa
4143 2961 4211 3018 et

2253 3029 2543 3094 caeteris.
2634 3028 2907 3114 Collega
2958 3040 3025 3096 te
3069 3032 3344 3112 salutat,
3401 3044 3468 3099 et
3522 3036 3760 3102 fratres
3804 3039 3950 3103 mci.
4041 3039 4210 3104 Neo-

2253 3115 2423 3180 comi
2469 3119 2567 3179 23.
2612 3116 2999 3183 Decembris
3049 3122 3229 3183 1546.

3282 3257 3587 3324 Farellus
3632 3268 3784 3325 tuus
3829 3270 4018 3326 totus.

3152 3823 3310 3891 868.

2738 3975 3237 4043 FARELLUS
3282 3977 3720 4044 CALVINO.

2426 4146 2683 4212 Praeter
2739 4148 2877 4213 alia
2935 4149 3069 4230 aqit
3121 4149 3198 4212 de
3247 4146 3544 4215 corderio
3602 4156 3655 4213 et
3711 4150 3984 4215 Erasmo
4048 4153 4211 4218 Neo-

2247 4253 2410 4298 como
2454 4236 2727 4299 avocatis
2767 4235 2961 4314 deque
3003 4253 3155 4298 novo
3197 4235 3487 4299 ministro
3530 4236 3947 4301 adsciscendo.

2250 4405 2361 4467 (Ex
2397 4404 2734 4475 autographo
2788 4405 2931 4459 Bibl.
2952 4406 3771 4537 fpast1pi111leble2‘‹}‹‘.‹)>1ncnsium,
3827 4408 3968 4476 Epp.
4002 4409 4207 4461 Far-elli

2975 4490 3080 4527 asc.
3200 4516 3211 4527 .
3303 4515 3317 4528 .
3428 4513 3442 4527 .

2245 4646 2512 4711 Eximio
2555 4647 2799 4729 pastori
2858 4647 3077 4729 gregis
3121 4645 3372 4711 Christi
3428 4645 3660 4711 Ioanni
3721 4647 3999 4712 Calvino
4047 4647 4201 4711 doc—

2418 4734 2671 4797 tissimo
2715 4732 2901 4795 fratri
2945 4741 3012 4796 et
3053 4742 3459 4816 symmystae
3502 4753 3704 4883 (1ιὲἒῖ
3712 4734 4078 4882 θῖζιέεείωο

2416 4954 2488 5021 S.
2578 4955 2774 5021 Facis
2833 4975 2985 5020 cum
3052 4954 3256 5018 Vireto
3299 4952 3470 5035 quod
3518 4964 3741 5019 nostra
3784 4951 4057 5018 damnas
4103 4954 4202 5040 (et

2449 5144 2512 5205 4)
2548 5143 2706 5197 Idem
2739 5158 2856 5198 eoae
2888 5141 3110 5199 videtur
3144 5142 3210 5198 de
3245 5158 3352 5213 quo
3391 5143 3467 5195 N.
3501 5138 3620 5194 864.

2447 5213 2509 5279 5)
2550 5212 2889 5267 Vocabulum
2939 5213 3118 5283 siyt'llo
3169 5217 3494 5280 coopertam.
3583 5208 3995 5263 Iusiurandum
4053 5209 4199 5264 illud

2238 5280 2559 5413 gicitaegaod
2588 5283 2896 5338 Bou-nemea
2929 5284 3231 5352 exigebant.
3291 5280 3380 5335 De
3403 5294 3511 5348 quo
3541 5279 3659 5332 iam
3692 5293 3869 5346 supra
3901 5276 4199 5334 etRuchat

3713 5432 3783 5485 29
