4825 6175
641 466 767 528 34⁷

638 661 718 717 ut
757 649 1066 717 licuisset.
1146 649 1374 715 Nostri
1408 671 1539 714 non
1582 670 1817 732 parum
1861 657 2097 733 optant
2137 656 2205 714 te
2240 650 2483 727 videre,
2529 658 2599 715 et

643 737 774 803 nisi
829 736 1140 802 valetudo
1197 744 1263 799 te
1318 743 1661 801 excusaret
1721 757 1856 801 non
1911 737 2234 820 effugeres
2290 736 2595 820 obiurga«-

598 876 605 887 .
644 823 889 888 tionem
933 822 1106 905 quod
1147 823 1342 887 toties
1394 830 1665 905 rogatus
1710 843 1841 887 non
1897 823 2146 888 venias.
2264 820 2342 887 Si
2385 822 2595 905 possis

640 918 931 975 statuere
997 908 1188 986 diem,
1256 907 1653 990 dispicerent
1714 909 1952 973 fratres
2017 916 2091 972 ut
2155 914 2314 971 tunc
2370 917 2596 973 coetus

644 995 998 1061 haberetur
1042 995 1274 1072 iustus,
1320 1003 1388 1058 et
1432 1001 1740 1078 ageretur
1793 993 1874 1059 de
1917 993 2000 1059 iis
2041 1014 2206 1075 quae
2248 994 2596 1077 praecipue

643 1103 823 1147 nunc
868 1079 1149 1162 expedit.
1239 1078 1531 1156 Videbis,
1577 1100 1836 1161 quaese,
1892 1080 1949 1144 si
1991 1079 2201 1162 possis
2245 1077 2596 1161 aliquando

643 1167 752 1233 vel
795 1167 1001 1231 animi
1044 1167 1259 1250 gratia
1314 1165 1446 1232 huc
1501 1187 1706 1248 usque
1763 1166 2135 1249 exspatiari.
2237 1163 2314 1230 Si
2357 1164 2597 1230 fratres

643 1254 778 1319 mei
822 1274 951 1318 non
997 1252 1312 1317 festinent
1354 1272 1668 1334 peragere
1711 1273 1894 1335 quac,
1942 1251 2116 1315 domi
2151 1250 2283 1316 illis
2306 1249 2597 1315 curanda

645 1347 820 1416 sunt,
866 1339 1100 1404 saltem
1145 1338 1561 1421 persequutio
1606 1358 1769 1420 quae
1811 1337 2056 1419 passim
2102 1336 2291 1402 ardet
2334 1356 2445 1401 eos
2488 1356 2592 1400 co-

646 1437 759 1510 get
801 1445 1005 1508 ocyus
1049 1425 1281 1488 redire.
1391 1423 1788 1488 &aucharius
1804 1427 1863 1499 2)
1916 1424 2133 1488 nescio
2190 1444 2278 1487 an
2335 1431 2594 1486 tantum

645 1512 735 1577 sit
776 1522 1163 1593 accepturus
1207 1523 1529 1593 quantum
1571 1529 1693 1591 pro
1729 1507 2191 1591 recuperandis
2223 1509 2594 1589 insumpsit.

646 1598 974 1662 Dominus
1031 1617 1257 1660 omnes
1311 1591 1554 1678 dirigat
1611 1602 1679 1658 et
1730 1596 1987 1660 miseris
2040 1593 2348 1660 omnibus
2406 1593 2594 1659 adsit.

647 1683 817 1747 Vale
882 1690 951 1747 et
1002 1681 1166 1745 mihi
1224 1701 1449 1746 omnes
1507 1681 1787 1764 collegas
1842 1681 2311 1746 officiosissime
2364 1679 2593 1744 saluta.

646 1768 921 1833 Fratres
966 1779 1029 1831 te
1075 1767 1329 1832 salvum
1374 1768 1648 1851 cupiunt
1688 1788 1834 1833 cum
1872 1768 2192 1840 omnibus.
2281 1765 2596 1831 Neocomi

648 1858 751 1920 29.
799 1854 961 1919 Maii
1008 1855 1126 1917 154
1136 1858 1191 1917 6.

1685 1988 1988 2054 Farellus
2032 1999 2185 2054 tuus
2227 1995 2425 2052 totus.

1429 2283 1834 2293 ————-—-——-

1545 2518 1701 2588 8⁰⁰.

1148 2670 1619 2742 OALVINUS
1657 2667 2119 2736 PARELLO.

828 2848 1208 2913 Gratulatur
1249 2845 1307 2908 ei
1345 2847 1400 2907 et
1436 2842 1647 2909 Via-eto
1677 2842 1920 2924 felicem
1959 2842 2247 2907 reditum.
2319 2840 2602 2905 Genevae

647 2935 966 3001 comoedia
997 2931 1246 3013 publice
1286 2928 1528 3012 ayenda
1559 2932 2007 3010 praeparatur.
2084 2925 2429 2992 Gaucherii
2474 2925 2602 2991 Fa-

648 3021 791 3086 relli
829 3024 886 3084 et
929 3017 1183 3083 Nieolai
1224 3013 1315 3080 Le
1361 3014 1513 3079 Fert
1553 3016 1813 3099 neyotia.

649 3193 757 3256 (Ex
810 3188 1146 3258 autographo
1194 3185 1324 3240 Ood.
1376 3185 1612 3240 Gothani
1648 3186 1779 3253 404,
1836 3186 1927 3238 fol.
1975 3183 2057 3239 22.
2107 3215 2172 3222 -
2218 3185 2410 3237 Edidit
2446 3184 2602 3238 Bret-

938 3256 1225 3311 schneider
1261 3256 1401 3324 Epp.
1438 3271 1491 3323 p.
1521 3254 1593 3308 21
1629 3256 1728 3309 sed
1761 3255 1964 3323 passim
1998 3253 2293 3321 mendose.)

649 3449 917 3516 Eximio
958 3445 1227 3509 Domini
1272 3443 1480 3507 nostri
1515 3442 1669 3507 Iesu
1714 3442 1966 3508 Christi
2005 3463 2197 3508 servo
2242 3440 2600 3507 Guillelmo

820 3531 1083 3598 Farello
1128 3529 1590 3627 Neocomensis
1634 3529 1944 3595 ecclesiae
1998 3527 2250 3612 pastori
2303 3528 2494 3592 fratri
2535 3537 2602 3592 et

821 3625 1226 3704 symmystae
1270 3635 1624 3681 carisslmo.

819 3755 890 3822 S.
937 3752 1254 3820 Gratulor
1297 3750 1416 3815 tibi
1461 3759 1529 3815 et
1564 3749 1773 3816 Vireto
1816 3749 1990 3833 quod
2032 3750 2219 3815 Deus
2261 3757 2525 3816 sanctae
2549 3754 2598 3825 ι)

643 3854 902 3911 vestrae
968 3838 1276 3923 legationi
1360 3836 1784 3901 benedixerit.
1907 3836 2183 3901 Utinam
2263 3857 2599 3903 successus

643 3929 818 4013 apud
862 3937 1180 4012 tyrannos
1224 3922 1633 4005 respondeat.
1702 3920 1838 3988 Sed
1861 3922 2188 3986 Dominus
2224 3922 2404 3988 hunc
2441 3943 2599 4004 quo-

645 4038 773 4101 que
809 4011 1271 4079 moderabitur.
1332 4008 1520 4073 Nihil
1555 4008 1663 4072 hic
1695 4007 2013 4072 habemus
2049 4008 2224 4085 novi,
2263 4008 2392 4073 nisi
2428 4006 2601 4091 quod

646 4100 935 4169 secunda
978 4095 1310 4164 comoedia
1362 4094 1496 4158 iam
1555 4092 1834 4158 cuditur.
1859 4092 1916 4175 2)
2004 4093 2215 4159 Cuius
2272 4094 2596 4158 actionem

646 4186 868 4253 testati
913 4206 1138 4250 sumus
1198 4181 1383 4246 nobis
1441 4180 1710 4243 minime
1767 4179 2051 4261 probari.
2141 4180 2454 4262 Pugnare
2496 4187 2597 4243 ta-

646 4295 800 4339 men
843 4270 925 4335 ad
968 4278 1337 4335 extremum
1399 4264 1767 4342 noluimus,
1825 4264 1978 4347 quia
2036 4265 2400 4348 periculum
2458 4274 2601 4331 erat

855 4559 915 4625 2)
952 4559 1031 4613 Ia
1064 4557 1411 4626 Delphinum
1452 4572 1638 4626 nuper
1680 4557 1896 4612 diutius
1927 4561 2182 4613 versatus
2214 4560 2280 4612 ut
2312 4555 2461 4611 bona
2493 4570 2601 4611 sua

647 4631 779 4688 olem
809 4629 941 4698 fisco
974 4627 1203 4682 addicta
1234 4631 1603 4695 recuperaret.

672 4700 827 4755 800.
865 4699 922 4759 1)
959 4699 1221 4751 Dominus
1253 4697 1463 4777 faustae
1498 4696 1571 4777 B.
1995 4762 2007 4775 ο
2289 4762 2300 4773 .

648 4767 936 4894 emergit
949 4765 1381 4888 Μωθὺᾔσέιιρε
1400 4764 1628 4889 ἴωπας
1660 4767 2014 4888 m
2051 4833 2284 4911 Bataille
2319 4832 2416 4884 des
2436 4776 2601 4900 ‘griffi

648 4923 837 4962 sances
855 4907 923 4959 de
994 4905 1217 4959 arcules.
1261 4902 1442 4958 Venia
1462 4909 1667 4972 negata
1685 4904 2094 4972 proposuerunt
2110 4899 2306 4955 oham:
2330 4901 2410 4953 les
2428 4902 2597 4953 Actes

645 4977 743 5033 des
768 4977 1052 5045 Apostres,
1085 4988 1228 5042 quae
1246 4972 1470 5028 tandem
1488 4972 1542 5026 d.
1564 4972 1615 5029 4.
1631 4971 2002 5040 Iuliipublice
2025 4975 2154 5025 aeta
2175 4974 2270 5024 est.
2323 4968 2516 5023 Multa
2532 4968 2600 5023 de

646 5046 739 5101 ln's
769 5045 835 5098 in
878 5042 1280 5098 curamontafl-iis
1317 5041 1579 5111 publicis.
1660 5041 1821 5097 Inter
1869 5040 1989 5095 alia
2030 5040 2109 5094 ad
2150 5038 2236 5092 24.
2273 5038 2431 5092 Mass
2460 5039 2597 5093 haec

649 5117 977 5170 oecmwnt:
1021 5113 1125 5167 Sur
1158 5114 1213 5165 la
1247 5118 1501 5181 requeste
1535 5112 1696 5164 faicte
1730 5127 1833 5181 par
1867 5111 1947 5164 les
1978 5110 2197 5163 ioueurs
2232 5108 2329 5161 des
2362 5110 2594 5177 ystoires

650 5190 945 5251 requerant
979 5182 1098 5235 leur
1129 5182 1407 5249 oultroyer
1431 5181 1525 5249 qui
1559 5181 1807 5249 puissent
1839 5181 2027 5248 iouyer
2059 5179 2139 5232 les
2157 5180 2327 5231 Actes
2360 5179 2459 5233 des
2481 5180 2594 5248 Ap·

649 5257 866 5321 posti-es
902 5268 1040 5319 pom·
1072 5250 1417 5304 lediffication
1454 5250 1527 5303 du
1601 5251 1786 5318 euple:
1834 5255 2046 5301 ari-este
2080 5264 2186 5315 que
2220 5247 2261 5299 il
2295 5256 2418 5312 soyt
2451 5264 2594 5301 com-

650 5320 1107 5443 nzugiqugfflgdittze
1139 5321 1343 5388 istoyre
1377 5336 1411 5441 ῗ
1447 5319 1517 5372 M.
1562 5403 1592 5440 Θ
1629 5319 1743 5372 lvin
1777 5322 1835 5371 ct
1867 5318 1914 5370 si
1947 5317 2051 5370 elle
2087 5332 2146 5370 se
2180 5321 2374 5369 trouve
2405 5317 2595 5370 scinne

647 5406 681 5445 e
780 5405 810 5443 e
845 5404 1172 5444 ciceion
1207 5405 1352 5457 quon
1406 5404 1608 5441 aion.

2191 458 2718 527 EPISOEOLAE
2764 463 3103 572 7995802
4522 467 4607 531 343

2700 668 2786 712 ne
2830 647 3238 714 elevaremus
3279 655 3579 715 nostram
3620 650 4038 715 autoritatem
4054 702 4070 727 ‚
4130 652 4187 716 si
4231 653 4609 735 pertinaciter

2701 733 3128 817 repugnando
3145 739 3202 811 ⁸)
3246 735 3514 799 tandem
3549 736 3980 803 vinceremur.
4046 736 4259 803 Video
4294 760 4429 803 non
4464 759 4609 821 posse

2700 819 2929 968 negari
2973 819 3195 884 omnia
3235 819 3730 887 oblectamenta.
3826 821 4061 906 Itaque
4114 823 4281 888 mihi
4336 824 4502 889 satis
4541 833 4611 890 est

2698 906 2757 971 si
2849 925 2942 983 oc,
2988 904 3161 988 quod
3204 926 3340 970 non
3381 915 3482 971 est
3540 906 3701 972 adeo
3755 909 4063 974 vitiosum
4078 960 4094 987 ‚
4148 909 4485 994 indulgeri
4520 912 4611 976 sibi

2698 991 3095 1073 intelligant,
3140 992 3255 1055 sed
3299 991 3487 1058 nobis
3529 993 3773 1059 invitis.

2872 1077 3049 1156 Quia
3113 1077 3439 1143 scribebat
3513 1079 3677 1143 mihi
3743 1100 3954 1162 nuper
4020 1079 4505 1163 Chri-stophome
4553 1079 4612 1145 de

2697 1160 2998 1240 Baldino,
3044 1163 3274 1229 scitote
3317 1164 3389 1228 in
3433 1164 3648 1229 locum
3690 1164 3979 1230 Macrini
4021 1187 4164 1232 esse
4208 1167 4612 1243 suffectum.⁴)

2706 1248 2947 1325 Teaetor,
3003 1268 3207 1329 quum
3248 1249 3681 1315 Matisconem
3695 1253 3752 1325 ⁵)
3798 1250 4188 1331 discederet,
4243 1253 4411 1317 mihi
4468 1252 4614 1335 polli-

2700 1333 2868 1399 citus
2912 1342 3014 1398 est
3055 1355 3126 1399 se
3160 1356 3313 1398 mox
3359 1357 3399 1399 a
3451 1336 3666 1401 reditu
3709 1337 3879 1403 istuc
3920 1337 4186 1403 iturum.
4275 1339 4410 1405 Ubi
4458 1359 4613 1403 vene-

2700 1419 2790 1483 rit
2854 1421 3263 1485 constituetis
3327 1422 3575 1501 omnia,
3646 1443 3731 1487 ne
3794 1444 3902 1488 res
3966 1433 4282 1507 perpetuo
4348 1423 4614 1508 pendeat

2700 1505 2970 1569 Fratres
3035 1513 3184 1571 tuos
3241 1515 3621 1590 exspectare
3676 1509 3749 1572 in
3808 1508 3948 1575 dies
4005 1511 4266 1593 incipio.
4376 1508 4617 1575 Ganaba-

2698 1591 2867 1654 rium
2884 1593 2939 1664 6)
2986 1591 3146 1655 adeo
3196 1613 3527 1657 morosum
3585 1615 3726 1659 esse
3768 1594 3929 1659 mihi
3976 1594 4167 1661 dolet.
4257 1594 4487 1676 Quum
4522 1595 4619 1659 hac

2701 1677 3028 1753 transiret,
3072 1678 3332 1760 rogavit
3373 1680 3642 1743 ubinam
3679 1690 3850 1746 esset
3887 1681 4210 1758 Nicolaue,
4253 1681 4481 1746 fiatris
4517 1680 4621 1744 mei

2700 1782 2897 1826 socer.
2986 1761 3355 1845 Respondi:
3419 1765 3489 1828 in
3547 1764 3926 1830 Germania.
4018 1765 4346 1850 Oupiebat
4386 1766 4622 1844 scilicet,

2694 1847 2934 1912 iniecta
2972 1846 3257 1914 hominis
3300 1850 3654 1932 mentione,
3699 1851 3897 1916 verba
3940 1874 3980 1915 a
4023 1873 4129 1916 me
4173 1853 4313 1917 fieri
4359 1851 4446 1916 de
4491 1852 4622 1915 'Por-

2700 1934 2965 1998 nacensi
3008 1934 3181 1999 villa.
3270 1935 3422 1999 Non
3460 1937 3748 2001 memini.
3817 1936 3995 2017 Quid
4039 1938 4213 2003 enim
4256 1934 4622 2022 profuisset?

2702 2016 3095 2084 Adiudicata
3153 2029 3295 2085 erat
3340 2020 3761 2087 Senarcleniis
3782 2027 3838 2098 ⁷)
3898 2031 4067 2098 tota,
4125 2043 4251 2087 nec
4302 2031 4457 2088 erat
4503 2042 4626 2105 spes

2702 2104 2838 2168 ulla
2882 2105 3141 2170 residua
3188 2105 3479 2185 Νίοοῐαο,
3538 2107 3667 2171 nisi
3710 2116 3865 2173 ante
3919 2106 4091 2173 diem
4153 2108 4487 2191 paschatis
4524 2128 4629 2172 nu·

2699 2199 2987 2254 meraret
3028 2191 3173 2272 plus
3229 2212 3426 2273 quam
3470 2202 3834 2275 nongentos
3893 2204 4252 2260 coronatos.
4341 2192 4632 2276 Optasset

2702 2276 2953 2341 iactura
2994 2277 3338 2360 sexaginta
3379 2289 3840 2343 coronatorum
3882 2299 4027 2344 esse
4084 2281 4483 2358 extricatus,
4537 2280 4634 2344 sed

2703 2361 2887 2425 nulla
2931 2373 3073 2426 erat
3115 2365 3300 2427 ratio.
3388 2362 3622 2446 Itaque
3675 2375 3940 2431 coactus
3993 2366 4211 2431 fuerat
4254 2368 4633 2450 Argentora-

2702 2455 2846 2511 tum
2882 2468 3145 2512 currere
3159 2447 3218 2533 3)
3255 2448 3337 2512 ad
3373 2452 3715 2531 pecuniam
3755 2461 3984 2516 mutuo
4018 2450 4426 2517 sumendam.
4490 2451 4633 2516 Fra-

2701 2540 2808 2597 ter
2849 2542 3069 2597 autem
3114 2545 3266 2599 tuus
3309 2537 3734 2617 conqueritur
3774 2537 3898 2601 sibi
3941 2538 4140 2603 fuisse
4181 2537 4477 2602 illusum.
4558 2536 4635 2600 Et

2701 2639 2823 2682 nos
2861 2619 3073 2683 malae
3114 2620 3286 2697 fidei,
3332 2621 3387 2684 si
3432 2622 3575 2684 Deo
3617 2622 3846 2704 placet,
3894 2633 4169 2690 accusat.
4259 2621 4459 2704 Quod
4498 2641 4633 2687 vero

2701 2704 2974 2768 fratrem
3048 2726 3270 2769 meum
3336 2706 3639 2771 simulate
3718 2708 4058 2791 loquutum
4139 2715 4357 2792 putat,
4442 2707 4636 2791 magis

2702 2810 2900 2872 quam
2945 2790 3196 2872 puerile
3235 2800 3351 2857 est.
3441 2793 3742 2859 Timebat
3780 2794 4027 2860 scilicet
4071 2795 4379 2860 Nicolaus
4424 2814 4508 2857 ne
4540 2813 4635 2857 su-

2705 2874 2839 2940 bito
2898 2875 3189 2958 prodiret
3240 2897 3388 2942 cum
3450 2877 3702 2944 duobus
3755 2879 4045 2945 millibus
4102 2900 4485 2957 aureorum,
4538 2877 4639 2960 qui

2703 2982 2811 3026 res
2847 2982 2997 3027 suas
3042 2960 3202 3027 adeo
3245 2962 3591 3046 impeditas
3634 2964 3852 3031 adhuc
3887 2964 4189 3043 habebat,
4233 2975 4310 3029 ut
4353 2977 4429 3029 tu
4464 2964 4635 3028 nosti.

2706 3046 2902 3113 Certe
2969 3048 3107 3112 eius
3172 3049 3522 3114 stultitiam
3593 3052 3830 3116 merito
3888 3051 4023 3117 iam
4085 3051 4301 3118 ridere
4368 3070 4637 3134 possum.

2706 3132 2841 3199 Sed
2884 3143 3072 3198 tanta
3115 3135 3436 3201 acerbitas
3480 3137 3648 3201 mihi
3689 3138 3890 3203 bilem
3931 3148 4170 3203 movet.
4258 3137 4466 3215 Vale,
4524 3136 4640 3200 fra·

2705 3227 2805 3285 ter
2860 3228 2927 3285 et
2981 3220 3189 3286 amice
3246 3221 3699 3305 integerrime,
3758 3243 3895 3288 una
3946 3245 4095 3290 cum
4149 3223 4395 3306 optimo
4455 3223 4642 3287 fratre

2703 3314 2929 3370 nostro
3001 3305 3437 3387 christophoro
3492 3316 3559 3371 et
3620 3315 3760 3373 tota
3832 3308 4086 3375 familia
4146 3309 4324 3374 illius
4389 3316 4463 3373 et
4520 3315 4638 3371 tua.

2702 3391 3031 3455 Dominus
3092 3411 3208 3457 vos
3263 3413 3487 3457 omnes
3542 3394 3867 3477 gubernet
3933 3416 4009 3461 ac
4064 3393 4412 3461 custodiat.
4520 3391 4642 3459 Ge-

2703 3498 2909 3543 nevae
2955 3480 3012 3540 3.
3058 3476 3253 3541 Iunii.
3277 3480 3333 3554 ⁹)

3628 3615 3908 3683 Ioannes
3943 3614 4263 3684 Calvinus
4305 3632 4482 3683 tuus.

2750 4040 2761 4052 .
2906 3902 2971 4032 33
3005 3903 3471 4052 ἳὲῗὲἒῧῖηΒῖαι
3488 3970 3571 4027 se.
3593 3970 3840 4028 Romae„
3874 3972 3954 4026 au
3974 3972 4180 4043 aare),
4217 3972 4275 4029 α.
4308 3973 4359 4028 4.
4400 3973 4560 4029 Maec·
4589 3972 4644 4054 {a

2701 4040 4644 4124 vqcolmaymmstercqeatuaestaeenatu(non154386emmm

2701 4110 3086 4259 &memmi
3120 4110 3822 4262 ἭΑΜΨἫΏὛ
3880 4116 3957 4249 ἷὲ)
3986 4111 4206 4251 mm
4241 4128 4315 4236 3
4341 4112 4552 4250 iffi
4572 4109 4645 4235 Ξῖ

2703 4246 3164 4372 gauzlae-emm.
3237 4249 4533 4317 Hmcfortasseerrorvdscribaemms

2805 4333 2944 4372 mm.

2908 4386 2970 4451 5)
3006 4386 3233 4439 Matisco
3268 4403 3377 4441 non
3411 4386 3485 4440 B.

2907 4453 2966 4524 6)
3002 4455 3400 4508 Gaucheriffum
3434 4456 3505 4510 B.

2908 4522 2968 4585 7)
3004 4538 3035 4577 e
3211 4523 3384 4578 nobili
3411 4529 3569 4592 yente
3615 4523 3914 4580 mandem
3945 4540 4127 4595 supra
4167 4526 4404 4596 saepius
4439 4526 4643 4582 obem

2698 4591 2947 4647 habuisti
2976 4608 3028 4647 v.
3132 4632 3147 4646 .
3181 4591 3299 4646 606.
3337 4623 3401 4632 -
3434 4594 3522 4647 Un
3557 4595 3771 4648 homme
3806 4602 3966 4664 party
4000 4597 4069 4649 de
4105 4597 4225 4666 Gap
4260 4598 4481 4651 nomme
4517 4596 4641 4649 Pha·

2701 4663 2782 4715 rel
2816 4662 2908 4715 fist
2942 4662 3140 4732 achapt
3173 4662 3246 4714 du
3280 4662 3537 4716 chasteau
3573 4662 3641 4716 de
3663 4665 3980 4718 Senarclens
4004 4666 4286 4736 propriete'
4300 4665 4371 4719 de
4396 4682 4491 4723 no.
4510 4665 4641 4719 Rosa

2699 4730 2770 4785 de
2806 4731 3079 4799 Oossonay
3115 4731 3271 4783 vefve
3307 4731 3374 4783 de
3419 4731 3510 4784 feu
3543 4749 3630 4785 no.
3668 4731 3975 4787 Guillaume
4020 4734 4088 4788 de
4123 4735 4395 4789 Burnens.
4447 4730 4637 4800 (mnu.

2700 4799 2767 4853 de
2803 4799 3133 4865 Pimefleur
3165 4797 3315 4862 322.)

2903 4867 2964 4929 8)
3002 4867 3081 4922 N.
3118 4866 3235 4933 790,
3270 4872 3384 4922 not.
3419 4867 3472 4922 5.

2903 4936 2961 5004 9)
2996 4936 3257 4991 Farellue
3289 4936 3621 5006 adeor-ipsit.-
3658 4938 3812 4993 1546.

4571 4247 4645 4305 3.
