4825 6175
211 462 320 529 213

208 653 346 713 sunt
395 644 723 712 ecclesiae.
803 644 1009 711 Vides
1049 666 1176 728 quo
1247 646 1571 712 inclinent
1628 646 1918 712 ministri
1973 646 2140 713 Ber-

206 752 442 799 uenses.
544 731 801 799 Idcirco
875 730 1156 814 optarim
1210 730 1334 797 hac
1410 731 1491 798 de
1567 753 1641 798 re
1713 741 1900 797 tuam
1980 733 2142 798 sori-

208 819 345 885 bcre
406 815 489 882 ad
549 816 900 883 Sultnerum
965 817 1359 883 sententiam
1376 869 1393 896 ,
1480 816 1658 902 apud
1742 839 1938 902 quem
2003 838 2141 883 non

206 903 414 970 dubito
450 903 679 970 literas
725 912 871 970 tuas
914 902 1172 986 pondus
1216 911 1282 969 et
1317 905 1734 969 autoritatem
1779 904 2144 985 habituras,

202 989 384 1074 idque
417 990 767 1056 effecturas
802 998 879 1054 ut
913 990 1166 1054 minore
1201 1009 1440 1073 graver
1472 988 1741 1056 invidia.
1799 990 1865 1055 N
1866 1012 1902 1055 e
1938 990 2145 1074 igitur

203 1074 471 1143 scribere
536 1076 759 1159 pigeat
822 1096 939 1158 pro
988 1097 1060 1139 re
1117 1083 1258 1140 tam
1314 1076 1504 1140 seria.
1592 1074 1887 1140 Remitte
1944 1075 2145 1140 simul

203 1182 340 1228 cum
398 1160 531 1226 tuis
584 1159 793 1225 literis
843 1160 1115 1226 δαῖέ-θεά
1166 1160 1475 1244 epistolas
1527 1181 1689 1243 quas
1735 1160 1819 1226 ad
1864 1170 1928 1226 te
1970 1162 2141 1227 misi.

203 1246 276 1313 Si
313 1245 470 1328 quid
526 1246 729 1312 habes
785 1243 957 1329 quod
1011 1267 1133 1330 per
1183 1267 1292 1311 me
1345 1245 1656 1312 Neocomi
1711 1256 1830 1311 aut
1883 1247 2145 1312 Bernae

198 1332 399 1399 curari
432 1332 657 1415 possit,
699 1330 774 1396 in
817 1340 1108 1416 tempore
1151 1333 1533 1416 significato.
1608 1332 1673 1397 N
1674 1353 1783 1397 am
1816 1331 2144 1399 Neocomo

198 1419 315 1483 iter
367 1418 582 1484 facere
645 1418 977 1484 constitui.
1067 1418 1173 1483 De
1215 1418 1485 1484 Deothco
1526 1418 1737 1484 scribe
1780 1417 1940 1501 quid
1983 1417 2147 1482 mihi

198 1501 561 1569 faciendum
605 1510 818 1587 putes,
864 1512 934 1568 et
975 1504 1031 1569 si
1075 1503 1281 1569 alium
1325 1504 1697 1588 Argentina
1739 1502 2146 1570 evocandum

197 1590 461 1656 curaris.
530 1589 702 1654 Nam
745 1590 800 1654 si
848 1610 997 1672 spes
1042 1588 1226 1655 vobis
1268 1588 1485 1654 adhuc
1528 1590 1744 1674 aliqua
1787 1588 1867 1654 de
1911 1610 1987 1654 eo
2032 1611 2144 1656 su-

271 1683 423 1754 rest,
474 1674 735 1740 tentabo
777 1675 954 1759 quod
989 1680 1232 1759 potero.
1298 1676 1474 1740 Nam
1515 1676 1585 1741 id
1627 1696 1883 1759 quoque
1927 1676 2145 1740 fiatri-

231 1782 306 1826 us
349 1781 634 1845 aequum
678 1769 997 1826 censetur.
1078 1759 1204 1826 Sin
1242 1760 1426 1825 nulla
1468 1781 1619 1845 spes
1662 1769 1981 1845 superest,
2027 1769 2146 1825 aut

198 1845 318 1911 alia
379 1847 639 1912 ratione
705 1847 967 1912 scholae
1031 1853 1294 1913 vestrae
1353 1847 1797 1930 prospexeris,
1843 1845 2144 1913 dabimus

192 1951 454 2015 operam
488 1942 565 1997 ut
604 1930 901 1998 Gorderio
945 1931 1366 2016 adiungatur,
1384 1934 1436 2011 ⁸)
1482 1935 1541 1999 si
1583 1953 1932 2016 possumus
1974 1931 2146 2015 quod

194 2018 488 2100 cupimus
532 2017 906 2100 impetrare,
951 2025 1017 2083 et
1059 2019 1244 2083 cuius
1289 2019 1577 2083 maxime
1616 2039 1818 2085 causa
1850 2019 2143 2084 Bernam

191 2124 228 2168 a
257 2102 576 2169 fratribus
609 2105 852 2168 mittor.
914 2104 1018 2168 De
1057 2102 1308 2169 Simone
1324 2107 1382 2178 ⁴)
1426 2102 1582 2187 quid
1627 2104 1821 2186 plane
1866 2105 2145 2170 scribam

188 2189 418 2255 nescio.
489 2188 907 2254 Barbarinus
950 2210 1084 2255 non
1128 2195 1228 2255 est
1271 2189 1462 2255 datus
1507 2188 1815 2267 Orbanis,
1861 2189 1977 2255 sed
2014 2190 2148 2255 Ro·

187 2274 417 2353 bertuS,
488 2282 567 2339 ut
619 2274 844 2353 audio,
902 2295 1106 2341 senex
1159 2275 1271 2341 ille
1291 2274 1347 2361 ⁵)
1408 2274 1489 2340 de
1544 2297 1671 2358 quo
1733 2275 1896 2340 alias
1951 2274 2035 2340 ad
2078 2283 2145 2341 te

187 2362 541 2444 scripserat
585 2359 898 2426 Farelbus'.
978 2361 1124 2445 Ego
1171 2382 1329 2428 vero
1372 2359 1454 2425 ‹le
1501 2360 1753 2426 Simone
1795 2361 1964 2425 nihil
2009 2369 2145 2426 sta-

188 2454 366 2512 tuere
389 2468 682 2531 possum.
741 2448 911 2512 'Pota
954 2468 1031 2512 ea
1074 2467 1180 2512 res
1222 2445 1465 2530 pendet
1498 2468 1582 2512 ex
1617 2447 1844 2513 classis
1865 2446 2145 2513 Iverdu-

187 2532 408 2599 nensis
455 2532 730 2598 arbitrio
745 2583 761 2609 ‚
806 2552 882 2597 ac
925 2533 1270 2616 praecipue
1318 2531 1588 2612 Roberti,
1633 2533 1740 2599 cui
1782 2532 2145 2618 adiungen-

189 2616 301 2683 dus
359 2628 464 2684 est
525 2620 637 2701 qui
694 2617 1042 2684 diaconum
1100 2632 1167 2683 et
1220 2618 1755 2703 ludimagistrum
1806 2626 1976 2702 agat.
2067 2618 2146 2683 si

188 2701 417 2769 Simon
479 2704 590 2768 hic
646 2703 824 2788 apud
880 2725 1001 2770 nos
1061 2704 1303 2788 egisset
1364 2704 1643 2770 fortasse
1708 2706 1895 2769 nobis
1962 2703 2143 2769 locus

188 2788 419 2872 aliquis
466 2790 542 2853 in
586 2789 729 2854 eius
773 2789 1087 2855 electione
1142 2790 1399 2856 fuisset:
1459 2790 1572 2855 sed
1618 2809 1741 2875 ego
1785 2789 1953 2854 nihil
1995 2809 2143 2872 pos-

185 2895 343 2940 sum.
439 2873 522 2941 Si
587 2874 952 2956 Campanus
1004 2877 1064 2940 ei
1118 2874 1308 2958 spem'
1362 2875 1646 2959 aliquam
1700 2875 1956 2955 fecerit,
2009 2876 2143 2940 iam

185 2981 356 3027 nuno
401 2961 578 3026 alius
621 2968 724 3026 est
768 2981 988 3026 rerum
1035 2970 1261 3027 status.
1322 2961 1473 3026 Non
1519 2969 1619 3026 est
1662 2981 1819 3046 ergo
1862 2960 2034 3044 quod
2077 2968 2143 3026 te

184 3057 296 3112 aut
360 3067 475 3114 me
545 3047 902 3114 arbitretur
965 3045 1315 3131 quidquam
1382 3045 1715 3114 obstitisse
1796 3047 2141 3132 quominus

182 3142 555 3199 vocaretur.
604 3133 833 3213 Quum
865 3132 1028 3199 haec
1062 3132 1416 3199 scriberem
1452 3133 1648 3198 rediit
1679 3134 1909 3199 Berna
1938 3133 2141 3199 Theo-

179 3217 421 3300 freduS,
470 3220 587 3302 qui
629 3219 794 3283 mihi
837 3219 1136 3285 narravit
1170 3218 1347 3302 quod
1383 3218 1718 3285 habuisset
1753 3219 2142 3302 colloquium

182 3325 328 3369 cum
370 3305 667 3372 Saltzero
723 3305 806 3370 de
864 3326 939 3370 eo
1001 3304 1130 3371 huc
1184 3304 1568 3370 advocando
1612 3302 1692 3369 de
1736 3325 1865 3387 quo
1909 3304 1993 3369 ad
2037 3325 2142 3369 me

180 3390 425 3457 scribit.
508 3391 713 3456 Totus
754 3391 825 3455 in
871 3391 994 3457 hoc
1037 3400 1198 3470 erat,
1243 3412 1366 3456 nec
1410 3389 1635 3456 dubito
1679 3392 1834 3473 quin
1880 3410 2140 3455 omnem

180 3498 323 3542 cum
368 3476 633 3561 collega
672 3485 936 3543 moveat
976 3475 1264 3561 lapidem
1309 3476 1374 3542 id
1419 3485 1498 3541 ut
1540 3476 1706 3541 mihi
1749 3476 2140 3561 persuadea-

181 3569 286 3627 tur
344 3565 822 3645 efficiaturque.
912 3564 1056 3648 Ego
1124 3563 1181 3628 si
1238 3561 1429 3627 modo
1493 3584 1627 3626 non
1689 3571 1901 3628 mutet
1959 3561 2140 3627 Deus

179 3647 341 3713 mihi
361 3650 685 3726 animum,
726 3648 890 3713 nihil
925 3649 997 3713 in
1032 3650 1415 3733 cuiusquam
1451 3649 1730 3733 gratiam
1767 3658 1883 3714 aut
1916 3647 2141 3713 odium

181 3731 483 3801 facturus
545 3755 721 3812 sum,
783 3734 911 3800 nisi
956 3734 1127 3818 quod
1169 3735 1340 3800 bona
1384 3735 1785 3801 conscientia
1825 3754 2139 3800 censuero

180 3820 496 3887 ecclesiae
555 3819 984 3886 commodum.
1075 3819 1210 3886 Sed
1263 3842 1350 3886 ne
1394 3820 1572 3886 solus
1626 3841 1997 3904 repugnare
2041 3821 2140 3885 vi·

181 3902 364 3984 dear,
424 3908 672 3972 iterum
727 3915 791 3970 te
834 3904 1104 3973 obsecro
1148 3914 1225 3971 ut
1267 3909 1437 3972 serio
1496 3907 1620 3972 hoc
1677 3915 2141 3990 argumentum

180 3999 422 4057 tractes
441 4044 458 4071 ,
532 4003 602 4057 et
664 4012 933 4058 moveas
1009 3993 1344 4058 hominem
1413 4001 1487 4057 ut
1549 3991 1861 4058 ecclesiae
1924 3992 2141 4075 potius

179 4079 526 4144 consulere
570 4076 834 4143 studeat
877 4099 1073 4161 quam
1116 4078 1391 4162 privatis
1435 4076 1850 4163 quorundam
1894 4077 2141 4142 affecti-

179 4160 311 4229 bus.
401 4162 619 4229 Doles
677 4165 886 4229 vicem
942 4165 1166 4229 uxoris
1224 4173 1408 4244 tuae,
1467 4166 1572 4231 cui
1616 4184 1764 4230 meo
1808 4170 1875 4228 et
1915 4165 2141 4229 uxoris

175 4250 443 4315 nomine
508 4249 789 4315 salutem
847 4248 1039 4315 dices.
1131 4252 1225 4315 'Pe
1284 4253 1489 4317 nostri
1545 4271 1771 4315 omnes
1829 4249 2138 4315 salutant.

176 4330 345 4400 Vide
393 4356 483 4401 ne
529 4334 696 4400 mihi
738 4333 863 4400 hac
905 4335 979 4399 in
1022 4357 1093 4401 re
1135 4336 1308 4402 desis
1352 4356 1548 4419 quam
1591 4337 1709 4402 abs
1751 4345 1820 4400 te
1861 4334 2141 4419 postulo.

178 4416 528 4499 Quantum
595 4440 677 4485 ex
743 4420 953 4486 literis
1019 4431 1087 4485 et
1149 4420 1467 4504 colloquio
1528 4421 1803 4487 Sultzeri
1881 4421 2139 4504 assequi

175 4525 466 4588 possum,
516 4527 648 4571 non
683 4505 954 4572 videtur
977 4506 1278 4572 Farellus
1316 4508 1477 4589 ipsis
1521 4504 1874 4571 admodum
1909 4513 2139 4591 gratus

176 4594 287 4673 qui
331 4592 508 4657 mihi
554 4592 972 4677 adiungatur.
1033 4593 1301 4658 Gratior
1344 4602 1446 4658 est
1489 4592 1672 4672 alter,
1715 4591 1893 4657 unde
1936 4593 2139 4658 conii-

175 4696 320 4744 cere
366 4687 563 4762 potes
605 4700 732 4761 quo
779 4677 1098 4744 ducamur
1140 4679 1391 4762 spiritu.
1459 4677 1672 4761 Spero
1721 4676 2142 4743 Omnbaudum

176 4759 300 4829 hac
356 4762 775 4830 hebdomade
832 4762 1203 4830 rediturum
1248 4764 1409 4843 huc,
1457 4785 1574 4847 psr
1617 4785 1810 4847 quem
1855 4763 2139 4828 scribere

219 4850 441 4916 cteris.
540 4848 617 4915 Si
657 4851 714 4915 is
760 4849 974 4929 deest,
1030 4858 1096 4915 te
1140 4870 1255 4915 oro
1299 4858 1374 4916 ut
1414 4849 1794 4933 expeditum
1835 4859 1904 4915 et
1943 4870 2139 4933 pecu-

204 4933 408 5001 'arem
455 4934 679 5018 potius
700 4936 1013 5002 nuncium
1056 4937 1298 5015 mittas,
1343 4942 1420 5000 ut
1460 4934 1618 5018 quid
1654 4935 1903 5001 sentias
1947 4935 2141 4999 intel·

174 5017 398 5105 ligam.
468 5020 781 5087 Salutant
804 5029 871 5087 te
912 5020 1264 5101 Ceramus,
1295 5020 1557 5096 Coelius,
1603 5021 1895 5100 Rimas,
1939 5021 2143 5086 Ham-

179 5159 350 5170 ————÷--
475 5167 484 5168 ἶ
497 5164 564 5170 —>0

381 5245 442 5310 3)
492 5241 854 5382 ρειιέἀὸἔααῐό
887 5251 1011 5313 post
1042 5245 1249 5310 factum
1284 5250 1365 5298 cst
1400 5244 1509 5309 (N.
1546 5242 1694 5310 731).

380 5311 444 5444 ἐς
487 5312 574 5449 Ni.
613 5381 689 5441 N.
879 5312 989 5439 5³...
1022 5313 1098 5368 N·
1132 5311 1251 5382 ⁷⁰²2
1282 5318 1392 5368 ποι
1426 5312 1464 5366 ³

1891 465 2053 526 1545
2099 442 2556 529 Novmffl(

4078 472 4204 535 214

2246 650 2454 716 bertus
2487 660 2555 717 et
2595 651 2835 737 reliqui
2874 674 3119 733 omnes,
3164 674 3315 720 cum
3350 657 3483 722 tuis
3518 657 3924 743 symmystis.
4015 657 4201 725 Vale.

2243 735 2666 818 Lausannae,
2713 744 2771 804 8.
2818 738 3133 806 Novemb.
3188 743 3368 807 1545.

2385 836 2398 851 ·
3396 827 3579 893 'I'uus
3621 828 3698 895 P.
3736 829 4027 896 Viretus.

3146 1338 3298 1410 72⁰.

2737 1490 2987 1558 POLL
2996 1490 3238 1559 ANUS
3285 1492 3721 1560 OALVINO.

2425 1659 2659 1726 Scribit
2697 1668 2918 1728 contra
2962 1663 3389 1730 Lovanienses
3445 1664 3767 1749 theoloyos.
3857 1666 4202 1735 Medioma-

2246 1747 2476 1812 Μυκη
2519 1751 2573 1810 et
2633 1746 3093 1829 Vesaliensium
3146 1752 3388 1833 περσεία
3420 1750 3721 1831 pburibus
3777 1756 4030 1834 tractat,
4087 1754 4200 1819 ad-

2245 1832 2342 1898 dit
2381 1852 2544 1897 nova
2577 1832 2651 1897 de
2676 1831 2927 1933 Caluini
2963 1836 3274 1921 privigno,
3315 1837 3392 1902 de
3417 1835 3685 1916 Remotio,
3732 1837 3976 1906 Buoero
4018 1840 4201 1906 abiis-

2246 1938 2364 2000 que
2405 1938 2528 1983 non
2560 1938 2810 2001 paums.

2593 2088 2703 2156 (Ex
2739 2090 3076 2160 autographo
3112 2090 3246 2147 Ood.
3280 2092 3442 2147 Goth.
3476 2089 3597 2162 405,
3634 2093 3725 2148 fol.
3760 2091 3873 2162 94.)

2419 2278 2994 2346 Praestantissimo
3052 2279 3351 2365 theologo
3405 2281 3735 2365 evangelii
3791 2282 4043 2350 Christi
4099 2305 4202 2351 as—

2248 2364 2483 2429 scrtori
2526 2366 2872 2448 praecipuo
2917 2367 3001 2430 D.
3040 2365 3134 2430 Μ.
3172 2364 3409 2430 Ioanni
3455 2365 3732 2433 Calvino
3774 2373 4089 2453 magistro
4127 2392 4203 2438 ac

2249 2451 2422 2532 patri
2463 2450 2536 2514 in
2577 2449 2845 2518 Christo
2889 2449 3343 2517 colendissimo
3699 2465 4038 2606 Gemma·

2420 2669 2492 2736 S.
2517 2672 2595 2738 P.
2675 2671 2813 2735 Vix
2859 2670 3053 2737 datur
3096 2672 3423 2739 scribendi
3466 2696 3632 2758 quae
3673 2676 3873 2741 velim
3919 2686 4199 2760 tempus.
4296 2734 4309 2743 .

2247 2757 2564 2821 Attamen
2609 2756 2938 2840 piaculum
2993 2759 3162 2823 foret
3215 2760 3275 2824 si
3317 2760 3605 2825 oblatam
3649 2782 3686 2825 o
3734 2763 4203 2844 portunitatem

2250 2842 2671 2926 negligerem.
2760 2842 2904 2907 Iam
2959 2845 3205 2909 etenim
3261 2845 3453 2911 valde
3494 2847 3671 2930 impe
3722 2848 3849 2925 'or,
3915 2847 4071 2913 «lum
4117 2848 4202 2915 ad
4258 2876 4267 2885 ·

2245 2927 2375 2993 iter
2419 2938 2741 3012 quantum
2797 2948 3066 3012 possum
3120 2951 3227 2995 me
3283 2932 3583 3016 accingo,
3642 2942 3711 2997 et
3762 2933 3836 2997 in
3891 2933 4201 3001 articulos

2245 3013 2765 3080 Lovaniensium
2789 3017 2838 3091 ¹)
2863 3013 3113 3080 scholia
3146 3016 3356 3083 scribo
3390 3016 3462 3081 in
3497 3019 3779 3103 gratiam
3822 3028 4203 3086 nostrarum

2247 3099 2607 3166 heroidum.
2629 3103 2689 3177 2)
2776 3100 2884 3166 Ita
2925 3101 3103 3167 enim
3149 3104 3366 3169 visum
3424 3114 3554 3184 est,
3612 3125 3732 3188 pos
3806 3126 3963 3171 uam
4005 3128 4045 3171 a
4085 3127 4202 3190 pa-

2246 3186 2546 3253 rentibus
2597 3186 2784 3252 missi
2838 3195 3025 3267 sunt,
3081 3186 3179 3252 illi
3236 3189 3634 3272 responderi.
3733 3190 3770 3255 I
3816 3212 3941 3274 que
3985 3199 4200 3258 totum

2244 3270 2513 3337 illarum
2558 3272 2842 3337 nomine.
2932 3272 3259 3340 Dominus
3305 3273 3416 3340 det
3465 3281 3543 3339 ut
3596 3274 3845 3359 aliquid
3868 3275 4047 3343 ‘inde
4090 3298 4198 3345 ac-

2245 3366 2497 3423 crescat
2555 3379 2713 3424 suae
2765 3357 3012 3441 gloriae
3067 3366 3263 3442 atque
3317 3360 3713 3427 ecclesiolae.
3802 3361 3879 3428 Si
3939 3362 4203 3431 dabitur

2245 3451 2396 3507 ante
2441 3443 2691 3509 abitum
2734 3442 3144 3510 describendi
3188 3454 3468 3529 tempus,
3506 3447 3767 3513 mittam
3810 3457 3888 3513 ut
3930 3448 4197 3517 iudices.

2244 3528 2418 3593 Nam
2480 3528 2563 3594 de
2606 3529 3211 3597 Mediomatricibus
3267 3553 3433 3615 quae
3498 3534 3930 3614 institueram,
3952 3539 4009 3612 ⁸)
4075 3537 4201 3602 etsi

2244 3635 2380 3679 non
2413 3615 2680 3680 omnino
2713 3615 3038 3700 impediri,
3078 3619 3372 3683 attamen
3416 3617 3667 3685 differri
3709 3620 3781 3685 in
3823 3622 4200 3704 proximum
4273 3649 4279 3657 ·

2243 3721 2362 3765 ver
2398 3700 2608 3768 video.
2675 3702 2768 3766 Et
2811 3702 3029 3768 nescio
3072 3702 3229 3786 quid
3272 3703 3490 3769 moliri
3532 3704 3681 3770 illos
3723 3727 3876 3771 cum
3916 3706 4200 3789 quodam

2243 3785 2515 3867 Davide,
2561 3787 2674 3870 qui
2718 3787 2826 3853 hic
2869 3798 2973 3853 est
3016 3789 3230 3855 socius
3274 3792 3482 3855 nostri
3534 3791 3858 3870 Gar-nerii,
3918 3793 4210 3859 Iacobus-

2242 3871 2428 3938 Kolte
2448 3878 2484 3912 ⁴¹*
2507 3872 2672 3937 mihi
2694 3874 3009 3941 narravit.
3070 3873 3301 3958 Itaque
3336 3885 3406 3941 et
3448 3878 3650 3942 finem
3696 3877 3894 3943 huius
3936 3878 4196 3945 consilii

2245 3960 2529 4042 experiri
2573 3967 2826 4025 certum
2870 3968 3002 4036 est,
3062 3981 3264 4043 quum
3309 3964 3692 4044 praesertim
3737 3963 3863 4029 alio
3904 3967 4037 4030 iam
4079 3985 4198 4030 vo-

2243 4055 2348 4109 cet
2404 4044 2751 4110 Dominus.
2839 4044 3109 4110 Audisti
3169 4045 3251 4110 de
3305 4047 3799 4115 Vesaliensibus
3858 4052 4119 4128 nostris,
4140 4055 4211 4129 ⁴)⁴

2244 4151 2408 4212 quae
2453 4131 2587 4195 sint
2630 4129 2761 4194 illis
2805 4151 2956 4196 cum
3001 4131 3357 4198 Germanis
3412 4133 3641 4199 eadem
3687 4137 3754 4199 in
3800 4137 3961 4201 urbe
4006 4134 4197 4202 dissi-

2264 4418 2406 4473 729.
2444 4420 2504 4484 1)
2537 4420 2705 4475 Anno
2740 4417 2877 4473 1544
2922 4427 3171 4490 vomente
3214 4422 3319 4475 isti
3353 4421 3753 4476 Pari-siendum
3789 4423 4084 4492 exemplum
4118 4439 4196 4478 se-

2241 4490 2401 4558 qumi
2432 4487 2502 4542 32
2536 4490 2707 4543 theses
2738 4494 2932 4544 contra
2967 4490 3271 4544 doctrinam
3316 4497 3367 4544 et
3414 4490 3576 4556 fidem
3621 4492 3982 4559 evanqclicam
4016 4492 4191 4547 edide-

2239 4563 2647 4680 mm?
2675 4557 3736 4693 ἕἭῗωᾍζῖἕῖἕέἝΞἪεέὃῗῗὲ
3786 4560 4198 4698 ⁰„f2·0‚.²²⁰⁹2›¹⁸⁰8²⁶{‘'

2245 4693 2445 4763 Nuper
2479 4711 2549 4748 m.
2590 4693 2635 4747 S
2700 4696 2896 4749 temore
2932 4694 3209 4750 Luthems
3253 4696 3484 4751 libellum
3514 4697 3745 4764 prodire
3779 4699 4016 4751 iusserat
4060 4697 4194 4753 Wit-

2243 4765 2556 4833 tenberqae:
2673 4765 2791 4816 ider
2825 4764 2915 4816 die
2949 4763 3020 4817 32
3054 4765 3271 4817 Artikel
3317 4766 3416 4817 der
3450 4765 3833 4834 Theologisten
3869 4784 3921 4818 v.
3958 4767 4193 4821 Loewen

2248 4831 2491 4891 (Walth.
2544 4831 2688 4885 XIX.
2725 4829 2875 4886 2250.
2966 4833 3079 4885 Erl.
3116 4833 3180 4886 D.
3218 4833 3300 4886 W.
3347 4831 3441 4893 65,
3495 4833 3635 4896 169).
3723 4832 3806 4898 Of.
3844 4832 4086 4890 Sleidan.
4122 4836 4189 4890 11.

2244 4899 2361 4953 372.
2440 4899 2694 4956 Scckend.
2732 4902 2838 4954 ΙΙΙ.
2874 4898 2977 4954 589
3010 4907 3062 4955 et
3094 4916 3271 4970 supra
3307 4903 3382 4956 Ν.
3421 4901 3540 4970 618,
3575 4907 3686 4956 not.
3721 4901 3771 4954 4.

2452 4969 2509 5036 2)
2543 4970 2828 5024 mulierum
2859 4969 3186 5038 hely-'carum
3218 4972 3285 5025 ob
3317 4972 3627 5040 reliyionem
3659 4970 3919 5025 οωειιῑιιικ.

2450 5037 2509 5104 3)
2548 5037 2638 5092 De
2670 5039 2756 5092 his
2791 5040 2953 5092 etiam
2990 5038 3064 5093 N.
3101 5037 3221 5092 659.

2452 5107 2516 5173 4)
2553 5106 2845 5176 Fuqcrant
2876 5107 2974 5162 hoc
3008 5123 3159 5161 anno
3194 5113 3280 5161 sat
3314 5107 3475 5160 mults·
3508 5107 3662 5160 Gaui
3692 5122 3757 5159 ex
3794 5107 3987 5176 Balaio
4032 5110 4192 5163 Vesa-

2244 5176 2392 5241 liam‚
2425 5177 2660 5230 mamm
2692 5182 2938 5242 textores,
2971 5176 3342 5245 habebantque
3373 5191 3532 5228 suum
3564 5181 3833 5242 pastorem
3852 5176 4191 5232 Ludovicum

2245 5245 2466 5313 (Leuis)
2482 5266 2498 5296 .·
2540 5260 2577 5298 a
2609 5245 2938 5314 amimam
2980 5246 3209 5314 benique
3249 5245 3451 5311 recepti
3489 5243 3955 5312 supa-intmdenti
3988 5246 4189 5301 Luthe-

2243 5328 2387 5368 rano
2421 5314 2666 5369 Buschio
2699 5314 3085 5380 confessionem
3127 5313 3484 5369 orthodoxam
3515 5312 3878 5367 exhibuerunt
3909 5312 4188 5384 (Wolters,

2249 5379 2373 5449 Ber.
2416 5381 2607 5438 Genea.
2641 5382 2693 5437 d.
2736 5381 2899 5437 Stadt
2943 5382 3117 5438 Wescl
3140 5398 3199 5451 p.
3237 5379 3339 5434 108
3372 5383 3489 5446 sa).

3680 5464 3780 5520 14*
