4825 6175
633 442 752 506 231

631 629 977 715 intelliges,
1065 630 1439 713 Utrumque
1503 649 1649 695 meo
1714 628 1977 695 nomine
2033 628 2592 713 quamplurimum

630 715 907 783 salutari
950 714 1264 796 desidero,
1304 736 1426 781 nec
1469 736 1602 781 non
1637 722 1705 780 et
1738 736 2011 781 uxorem
2047 724 2249 794 tuam,
2296 720 2363 780 et
2403 714 2591 780 Iudi·

629 801 800 868 tham
843 810 1156 882 nostram,
1203 810 1272 865 et
1311 801 1580 867 fratrem
1624 807 1815 865 tuum
1831 852 1847 881 ,
1894 809 1962 866 et
2005 801 2289 886 reliquos
2332 806 2591 866 nostra-

630 896 730 954 tes
765 888 1023 953 amicos.

802 973 1129 1057 Cuperem
1186 992 1305 1055 per
1357 972 1583 1037 literas
1639 971 1832 1056 plura
1887 970 2226 1037 effundere
2297 972 2369 1036 in
2439 978 2590 1037 tuos

630 1059 844 1139 sinus,
892 1057 1007 1123 sed
1050 1059 1225 1125 nosti
1269 1057 1501 1123 duram
1558 1057 2016 1123 necessitatem
2061 1078 2227 1140 quae
2271 1056 2457 1123 nobis
2502 1059 2589 1122 si-

627 1144 909 1211 lentium
949 1142 1200 1210 indicit.
1262 1144 1539 1208 Interim
1578 1144 1842 1227 ignosce
1880 1149 2146 1209 nostrae
2183 1142 2590 1228 simplicitati

628 1251 795 1314 quae
830 1251 985 1296 suos
1022 1230 1295 1295 affectus
1336 1227 1747 1295 dissimulare
1782 1228 2031 1312 nequit,
2076 1229 2404 1312 audetque
2449 1235 2586 1293 tam

627 1315 1042 1381 familiariter
1104 1322 1219 1380 tua
1283 1314 1733 1379 familiaritate
1791 1323 1858 1379 et
1913 1315 2323 1380 humanitate
2388 1315 2586 1381 abuti.

627 1401 819 1482 Vale,
863 1402 956 1466 mi
994 1410 1200 1484 pater,
1247 1410 1314 1466 et
1347 1408 1536 1466 tuum
1574 1400 2011 1481 Franciscum,
2057 1403 2165 1483 qui
2210 1407 2276 1464 te
2310 1408 2588 1484 tuosque

626 1494 852 1554 coetus
940 1486 1193 1570 deperit
1279 1488 1524 1553 sanctis
1611 1486 1968 1564 amoribus,
2056 1507 2278 1551 amare
2363 1506 2584 1570 perge,

624 1573 1056 1658 precibusque
1119 1574 1366 1639 sanctis
1431 1572 1718 1637 Domino
1786 1571 2185 1637 commenda.
2275 1572 2382 1636 Ex
2439 1593 2585 1637 mu-

626 1680 738 1727 seo
782 1660 879 1723 tui
931 1658 1211 1725 Galzasii
1234 1662 1314 1738 ¹⁸)
1360 1658 1570 1725 Nonis
1610 1658 1921 1723 Decemb.
1941 1656 2022 1743 ¹⁴)
2079 1678 2208 1740 quo
2253 1657 2358 1722 die
2404 1678 2583 1723 acce-

625 1746 846 1829 pimus
898 1745 1317 1829 profanatum
1378 1744 1576 1809 fuisse
1636 1743 1953 1827 templum
2015 1742 2187 1807 idolo
2248 1743 2584 1821 Antiochi,

626 1830 743 1897 sed
786 1830 981 1914 paulo
1024 1839 1169 1913 post
1227 1838 1654 1914 repurgatum
1710 1828 1936 1894 eodem
1995 1829 2213 1895 eiecto,
2296 1827 2585 1895 Oramus

625 1915 990 1981 Dominum
1034 1924 1108 1980 ut
1150 1938 1267 1999 per
1307 1925 1606 1980 vestrum
1663 1914 2101 1979 ministerium
2148 1935 2335 1980 suam
2379 1914 2585 1980 eccle-

516 2053 519 2056 .
627 2004 792 2068 siam
851 2013 1163 2086 repurget
1217 2010 1285 2068 et
1326 2007 1693 2085 compescat
1747 2000 2244 2065 eidolomaniam
2305 2001 2586 2065 furentis

624 2088 958 2154 Antiochi.

795 2173 1127 2238 Mittimus
1192 2171 1474 2255 reliquas
1541 2171 1802 2237 chartas
1865 2172 2214 2238 bibliorum
2284 2170 2588 2255 Stephani

624 2280 789 2342 quae
833 2260 980 2325 istic
1027 2255 1383 2323 desiderari
1425 2263 1748 2341 poterant.
1781 2258 1863 2342 15)
1950 2257 2282 2323 Misissem
2329 2279 2584 2341 quoque

622 2366 929 2429 graecam
973 2344 1317 2408 historiam
1355 2344 1627 2409 Eusebii
1649 2345 1736 2428 ¹⁶)
1782 2350 1849 2408 et
1891 2364 2120 2409 recens
2167 2343 2343 2409 edita
2384 2364 2586 2427 opera

623 2431 1145 2509 Tertulliani,¹⁷)
1202 2428 1315 2494 sed
1359 2429 1538 2495 hisce
1582 2430 1826 2496 nostris
1872 2428 2255 2494 muneribus
2301 2451 2424 2495 nec
2467 2450 2580 2496 vo-

622 2517 751 2582 luit
810 2536 929 2581 nec
988 2514 1323 2581 commode
1379 2517 1594 2599 potuit
1653 2515 1759 2579 hic
1816 2515 2093 2580 nuncius
2137 2516 2413 2581 onerari.
2506 2514 2583 2580 Si

623 2602 780 2687 quid
824 2612 1166 2686 praeterea
1210 2600 1539 2666 desideres
1580 2601 1774 2666 facito
1809 2610 1887 2666 ut
1921 2601 2285 2681 resciscam,
2332 2611 2401 2668 et
2435 2623 2584 2667 con-

621 2688 840 2754 festim
887 2689 1103 2772 prima
1144 2689 1478 2752 occasione
1523 2688 1801 2751 mittam.

1401 2825 1584 2889 Tuus
1628 2825 1875 2908 tibique
1918 2824 2410 2890 addictissimus

1565 2909 1806 2975 Petrus
1850 2911 2144 2977 Rochius
2186 2911 2266 2975 Β.

1397 3168 1804 3176 -----

1532 3370 1684 3442 789.

1153 3522 1626 3593 GALVINUS
1671 3522 2045 3591 VIRE'JJO.

800 3692 1264 3775 Ghampcrellus
1286 3716 1329 3759 a
1349 3695 1783 3762 Bernensium
1802 3701 2024 3762 senatu
2042 3701 2322 3778 receptus
2340 3696 2581 3763 Gaien-

620 3778 1230 3951 msahobwudetur.
1321 3782 1467 3862 Ipsi
1519 3781 1749 3848 ibidem
1800 3783 2258 3864 impanationis
2319 3783 2583 3848 crivnine

626 4035 1046 4106 (Autographon
1080 4052 1189 4116 non
1225 4041 1442 4111 exstat..
1473 4035 1754 4090 Ionvillaci
1789 4039 2067 4107 exemplar
2101 4038 2232 4092 God.
2253 4039 2389 4092 Gen.
2413 4037 2583 4118 1115,

624 4103 899 4228 &aff-³112}
916 4105 1212 4227 {Zsszefflt
1227 4104 2584 4312 &gift⁰33÷232ss¹53÷221332122:¹333ssssss

1363 4259 1437 4295 im
1459 4259 1583 4295 erus
1676 4260 1709 4296 o
1854 4286 1864 4296 .

628 4397 887 4453 Parisiis.
940 4396 1022 4461 Of.
1048 4395 1273 4461 Defens.
1292 4395 1566 4449 Balduini
1593 4413 1693 4466 per
1720 4397 2044 4454 Fabricium
2077 4401 2140 4453 in
2174 4398 2325 4468 Biya
2358 4414 2579 4468 respon·

627 4470 856 4522 sianum.
930 4465 1101 4518 Duss.
1143 4463 1293 4517 1763.
1322 4481 1381 4532 p.
1420 4464 1536 4518 153.

798 4533 891 4599 13)
935 4533 1070 4588 Oum
1112 4534 1356 4587 Gallasii
1381 4535 1708 4600 parentibus
1742 4535 1956 4591 vivebat
1992 4536 2162 4605 (Biaa
2196 4538 2354 4603 ibid.)

800 4601 891 4668 14)
931 4603 1158 4655 Annum
1195 4602 1547 4670 Hevelinyius
1587 4603 1681 4669 (dc
1717 4602 1786 4656 F.
1824 4605 1989 4658 Bald.
2022 4622 2078 4674 p.
2100 4603 2159 4672 5)
2199 4605 2338 4660 1546
2374 4606 2579 4662 adscri-

625 4673 719 4740 bit,
752 4672 892 4724 satis
928 4686 1054 4724 vero
1090 4670 1355 4739 similiter,
1391 4688 1555 4740 quum
1590 4677 1642 4725 et
1665 4671 1964 4727 Fabricius
1988 4677 2037 4726 et
2061 4674 2301 4745 Baylius
2334 4692 2398 4731 eo
2434 4692 2582 4730 anno

627 4740 881 4796 Lutetiae
914 4744 1298 4793 commoratum
1335 4739 1577 4805 tradant,
1613 4755 1799 4793 verm
1834 4744 1953 4796 sine
1976 4743 2141 4797 dubio
2162 4743 2343 4810 falsus
2367 4746 2422 4798 si
2439 4745 2583 4799 hanc

628 4816 874 4863 nostram
911 4824 1033 4862 cum
1068 4823 1148 4875 ep.
1184 4806 1269 4860 28.
1311 4809 1464 4862 Noc]
1491 4805 1627 4862 1546
1661 4825 1761 4864 con
1788 4825 1928 4864 eras.

800 4876 892 4942 15)
932 4876 1133 4930 Idibus
1199 4877 1379 4930 Maiis
1429 4893 1484 4931 a.
1535 4877 1666 4930 1546
1780 4881 1863 4934 cb.
1924 4879 2232 4947 Stephanus
2294 4882 2582 4936 editionem

627 4946 774 5000 Bibl.
813 4946 904 4998 lat.
943 4946 1176 4999 absolvit
1211 4946 1306 5010 (de
1339 4961 1449 5015 qua
1489 4947 1702 5001 Maseli.
1755 4947 1854 5001 111.
1907 4947 2035 5016 189)
2087 4950 2271 5014 forma
2321 4952 2580 5005 maxima.

639 5015 834 5069 Verum
861 5014 1053 5081 potius
1089 5014 1156 5067 de
1201 5014 1382 5069 bibliis
1426 5017 1570 5070 hebr.
1608 5017 1789 5071 eodem
1825 5034 1974 5073 anno
2022 5016 2088 5070 17
2122 5021 2283 5074 tomis
2318 5020 2582 5075 absolutis

626 5082 829 5137 dictum
870 5082 1276 5137 crediderimus.

804 5149 894 5212 16)
936 5152 1119 5205 Paris.
1160 5151 1416 5220 Stephan.
1454 5151 1604 5219 1544,
1635 5153 1732 5219 fol.

800 5219 893 5286 17)
941 5221 1268 5276 Tertulliani
1300 5237 1466 5290 opera
1505 5223 1747 5276 Parisiis
1780 5223 1921 5277 1544
1949 5223 2043 5290 fol.
2081 5225 2228 5280 edita
2257 5228 2586 5294 paucissimi

621 5292 922 5416 πρίᾳῶςε
944 5298 1387 5413 ιἱξηιηνιεηιοναητ,
1418 5291 1649 5360 plurimi
1681 5292 1895 5347 silentio
1925 5299 2286 5361 praetereunt.
2362 5297 2484 5353 Nos
2519 5314 2581 5351 ea

773 5376 807 5412 v
870 5376 943 5414 nn
1014 5398 1026 5411 .

2189 438 2719 507 EPISTOLAE
2752 418 3094 506 ‘ves—741

4520 443 4614 507 232

2868 625 2939 695 S.
3002 626 3274 695 Scilicet
3309 626 3546 696 accidit
3580 627 3754 712 quod
3789 646 4050 712 semper
4082 624 4452 693 timueram.
4513 630 4618 698 Ro-

2694 719 2921 797 ceptus
2955 712 3085 779 fuit
3114 712 3587 797 Ghamperezlus
3622 735 3664 779 a
3698 721 3933 781 senatu
3954 720 4191 780 vestro.
4213 716 4258 791 ¹)
4303 713 4618 785 Fratribus

2694 798 2922 865 classis
2960 800 3268 868 Gaiensis
3312 800 3575 868 videtur
3617 799 3993 884 exemplum
4036 821 4453 887 nequaquam
4486 801 4620 868 tole-

2692 885 2917 951 rabile.
2976 886 3449 953 Testimonium
3496 906 3535 951 a
3576 884 3764 952 nobis
3809 886 4127 970 scriptum
4218 894 4424 952 etunt.
4484 887 4621 954 Pro-

2693 972 2994 1037 misimus
3028 994 3147 1038 nos
3183 972 3420 1038 Lunae
3456 971 3744 1050 daturos,
3766 974 3824 1053 ²)
3868 992 3996 1056 quo
4032 971 4139 1036 die
4222 970 4423 1036 abent
4458 994 4622 1039 suum

2693 1065 3115 1124 conventum.
3178 1058 3587 1142 Scripseram
3632 1058 4017 1123 nominatim
4063 1064 4139 1123 ut
4181 1060 4559 1125 remitteres.
4576 1062 4620 1140 ⁸)

2691 1143 2976 1209 Miratus
3035 1164 3181 1209 sum
3240 1154 3306 1209 te
3363 1146 3436 1209 in
3497 1144 3690 1210 dubio
3748 1164 3991 1227 ponere
4050 1142 4220 1227 quod
4281 1151 4421 1208 tam
4478 1145 4621 1211 clare

2693 1230 2958 1295 nomine
3003 1251 3471 1312 expresseram.
3514 1231 3713 1295 Mitto
3755 1231 3958 1313 igitur
4000 1228 4179 1295 hunc
4222 1230 4493 1294 fratrem
4534 1232 4625 1313 qui

2694 1312 2778 1379 ad
2820 1336 2927 1379 me
2970 1317 3228 1381 referat.
3319 1315 3640 1382 Mandavi
3698 1324 3773 1381 ut
3828 1336 3973 1381 cras
4031 1316 4299 1380 omnino
4354 1315 4624 1400 Morgias

2697 1420 2901 1484 usque
2944 1403 3187 1466 veniat.
3273 1402 3420 1487 Ego
3484 1400 3747 1485 quidem
3814 1401 4021 1467 multo
4086 1401 4294 1484 pluris
4352 1400 4627 1467 fecissem

2697 1493 3033 1569 sumptum
3077 1486 3277 1553 huius
3322 1488 3576 1553 itineris
3621 1508 3817 1572 quam
3861 1486 4150 1553 laborem
4196 1508 4435 1552 meum.
4514 1485 4628 1553 Sed

2690 1569 2875 1638 vides
2921 1573 3156 1656 quibus
3198 1573 3547 1639 calumniis
3590 1576 3794 1638 simus
3839 1573 4137 1658 expositi.
4202 1571 4483 1659 Syllaba
4512 1594 4630 1638 una

2691 1657 3123 1723 commovebit
3193 1659 3378 1724 nobis
3447 1679 3723 1744 magnas
3779 1659 4008 1725 turbas
4062 1666 4128 1724 et
4179 1666 4408 1724 carent
4473 1660 4630 1724 omni

2689 1742 2937 1825 pudore
2981 1765 3140 1826 quos
3181 1746 3506 1811 timemus.
3575 1744 3764 1809 Nihil
3807 1765 3963 1829 ergo
4007 1744 4243 1810 melius
4287 1746 4504 1810 visum
4547 1752 4632 1809 est

2688 1849 2886 1911 quam
2928 1851 3011 1893 ex
3052 1830 3167 1895 illo
3213 1831 3573 1915 exemplari
3615 1829 4000 1897 describere.
4057 1829 4316 1896 Deinde
4354 1832 4632 1915 suspicor

2690 1934 2730 1978 a
2771 1913 3094 1981 ministris
3139 1916 3592 1981 Bernensibus
3637 1938 3777 1982 rem
3821 1917 3992 1981 male
4035 1916 4236 1983 fuisse
4280 1924 4534 2001 gestam
4575 1924 4633 1980 et

2690 1999 3062 2067 infideliter.
3083 2002 3141 2085 ⁴)
3189 1998 3583 2086 Quanquam
3618 2002 3994 2086 propediem
4018 2004 4305 2067 sentient
4340 2022 4412 2067 se
4448 2003 4632 2067 fuisse

2688 2086 3100 2170 negligentes
3144 2110 3261 2154 suo
3297 2088 3555 2154 damno.
3615 2087 3942 2169 Quaestor
3977 2088 4156 2154 enim
4195 2089 4632 2171 Auspuryems

2688 2172 2968 2238 verbum
3013 2174 3120 2240 hic
3164 2175 3451 2239 effutivit
3494 2196 3601 2239 me
3647 2175 3951 2253 absente,
4014 2195 4097 2239 ex
4141 2196 4267 2257 quo
4324 2176 4630 2240 coniicere

2690 2257 2863 2337 licet,
2909 2280 3019 2325 eos
3061 2260 3523 2344 impanationis
3558 2259 3834 2325 crimine
3870 2281 4130 2326 mecum
4166 2260 4368 2326 fuisse
4406 2261 4489 2327 ab
4524 2259 4631 2324 hoc

2690 2342 3013 2410 nebulone
3071 2355 3397 2430 gravatos.
3489 2344 3624 2411 Sed
3670 2345 3853 2430 digni
3900 2356 4073 2412 sunt.
4165 2348 4311 2431 Ego
4368 2345 4632 2430 posthac

2689 2427 2853 2494 dabo
2897 2451 3162 2514 operam
3207 2453 3291 2497 ne
3336 2454 3482 2498 cum
3543 2432 3674 2497 illis
3717 2432 4039 2498 involvar.
4132 2435 4346 2517 Agam
4393 2433 4635 2496 interea

2687 2516 3025 2599 negotium
3064 2517 3314 2584 Christi
3349 2520 3414 2583 in
3455 2539 3579 2603 quo
3616 2527 3892 2583 cessant.
3950 2520 4055 2584 De
4089 2516 4636 2584 Neocomensibus

2686 2600 2854 2665 nihil
2912 2603 3240 2687 cogitabo,
3301 2604 3563 2687 quando
3621 2605 3716 2669 ita
3773 2604 3898 2670 sibi
3957 2625 4186 2688 sapere
4244 2612 4534 2688 pergunt
4574 2604 4635 2666 in

2689 2708 3035 2753 commune
3081 2691 3374 2755 omnium
3422 2690 3753 2755 damnum.
3773 2694 3830 2767 ⁶)
3878 2690 4066 2771 Vale,
4111 2692 4314 2755 frater
4357 2692 4637 2774 integer·

2687 2773 2880 2839 rime:
2928 2795 3205 2840 uxorem
3241 2785 3425 2841 tuam
3465 2774 3817 2861 diligenter
3852 2776 4083 2855 saluta,
4122 2796 4319 2861 quam
4354 2776 4634 2841 Domino

2686 2860 3288 2928 commendabimus
3333 2871 3407 2927 ut
3449 2884 3571 2946 par
3614 2870 3730 2927 est.
3752 2863 3809 2946 ⁶)

3598 3503 3751 3575 74⁰.

3221 3675 3626 3743 VIRETUS
3671 3675 4107 3744 GALVINO.

2738 3913 2743 3920 .
2859 3859 3149 3926 Excusat
3189 3862 3624 3946 ncyliyentiam
3661 3882 3848 3928 suam
3888 3864 3961 3927 in
3996 3863 4380 3930 remittendis
4426 3865 4639 3942 literis,

2686 3944 3112 4011 Bernensium
3141 3947 3510 4028 facilitatem
3551 3948 3623 4012 in
3658 3949 4031 4015 admittendo
4068 3947 4501 4033 Ghamperello
4544 3969 4641 4016 no-

2685 4031 3221 4195 {ffssasadlefluffni
3258 4033 3500 4114 felicem
3542 4034 3873 4099 adventum
3928 4037 4212 4116 nunciat,
4272 4036 4641 4102 donscsticas

2962 4305 3070 4372 (Ex
3107 4305 3444 4374 autographo
3481 4306 3611 4359 Cod.
3652 4306 3853 4360 Gencv.
3892 4306 4061 4374 111⁸,
4099 4308 4189 4361 fol.
4234 4306 4375 4375 155.)

2707 4613 2848 4668 739.
2876 4612 2947 4693 .l)
2986 4615 3035 4707 A!
3080 4613 3382 4668 Genevensi
3432 4613 3694 4668 dimissus
3748 4616 3936 4678 fuerat
3992 4614 4046 4670 d.
4082 4616 4129 4670 8.
4173 4613 4315 4686 Sept.
4364 4618 4532 4689 (Beq.
4567 4618 4637 4671 du

2690 4681 2979 4816 0⁰⁷⁸⁸⁶‘²2{·
2992 4681 3236 4805 Viti->N
3275 4747 3390 4803 ω.

2888 4817 2949 4884 3)
2991 4819 3120 4874 Scil.
3153 4819 3294 4872 illud
3328 4820 3685 4874 testimonium
3722 4821 3870 4891 quod
3891 4821 4133 4877 habuisti
4158 4822 4231 4876 N.
4254 4820 4372 4890 717,
4408 4830 4465 4878 et
4498 4821 4637 4894 quod

2654 4875 2659 4883 ¹
2684 4889 2744 4943 in
2767 4889 2861 4943 illo
2889 4887 3059 4942 altero
3083 4887 3159 4942 ad
3187 4888 3451 4942 Gaienses
3487 4888 3615 4943 dato
3649 4891 3765 4954 fere
3800 4892 3960 4946 verbo
3995 4898 4154 4946 tenus
4188 4892 4524 4962 descriptam
4551 4900 4636 4947 est.

2892 4955 2952 5020 4)
2993 4957 3135 5010 Inde
3169 4957 3287 5037 irae
3322 4964 3371 5010 et
3407 4959 3742 5025 suspiciones
3830 4976 4027 5014 aarum
4063 4962 4293 5030 vcstiqia
4328 4979 4480 5016 anno
4513 4979 4633 5030 pro·

2686 5026 2836 5149 :11:2in
2870 5026 2938 5147 ‘dt
2966 5042 3101 5148 cp&
3128 5025 3349 5147 Cdssvmi
3380 5025 3457 5081 ad
3489 5027 3729 5082 Vir-etum
3765 4977 3827 5081 «ἕ
3853 5027 3935 5083 23.
3974 5030 4115 5099 Δίῳ.
4152 5037 4201 5083 et
4239 5029 4319 5084 14.
4341 5029 4478 5085 Dec.
4510 5027 4634 5084 1546

3009 5111 3036 5147 e
3102 5111 3137 5146 n
3238 5134 3249 5147 .

2890 5110 3118 5226 5fr8c2‘l.
3156 5164 3215 5217 in
3252 5165 3461 5232 neyotic
3511 5164 3576 5217 dc
3622 5164 3841 5220 decimis
3888 5172 3940 5220 et
3972 5167 4129 5221 bonis
4174 5169 4294 5221 eccl.
4332 5166 4632 5223 tractando.

2892 5231 2951 5297 6)
2999 5230 3173 5301 Quum
3209 5232 3426 5288 Viretus
3463 5232 3514 5286 d.
3553 5232 3632 5286 12.
3662 5233 3977 5290 Decembris
4014 5234 4089 5290 ad
4120 5235 4264 5291 banc
4296 5236 4632 5305 respondeat,

2679 5302 2878 5369 paucis
2926 5301 3112 5354 diebus
3157 5307 3285 5355 ante
3328 5304 3534 5370 scripta
3582 5317 3694 5356 esse
3740 5303 3902 5358 debet.
3982 5303 4230 5360 Maxime
4264 5321 4429 5376 quum
4468 5306 4522 5361 d.
4556 5303 4630 5357 13.

2685 5368 2882 5424 Lunae
2918 5373 3063 5427 dicim¹
3091 5371 3427 5441 proximum.
