4825 6175
227 432 321 496 149

221 638 276 684 se
307 613 662 682 inconsulto
704 612 946 681 ancilla
986 614 1073 680 ad
1106 612 1507 680 connubium
1546 611 1899 679 sollicitat-a
1940 618 2134 691 esset,

218 700 565 788 praesertim
607 720 777 783 quae
831 698 989 766 fidei
1030 719 1186 766 suae
1230 712 1404 766 esset
1443 697 1917 765 commendata.
2006 697 2136 763 'I'a-

218 809 357 867 men,
409 797 485 852 ut
535 793 638 853 est
690 787 797 852 vir
851 785 1246 864 moderatus,
1307 806 1379 851 se
1437 783 1764 850 continuit
1806 803 1891 848 ne
1934 783 2137 850 vehe-

213 874 470 941 mentius
511 871 1033 939 excandesceret.
1122 871 1366 937 Paucis
1422 876 1685 936 tantum
1729 868 1950 935 verbis
1991 888 2135 934 mo-

216 958 408 1025 derate
447 958 892 1042 expostulavit
929 978 1082 1025 cum
1130 956 1494 1040 TheofredO,
1531 962 1601 1020 et
1642 975 1764 1020 nos
1807 954 2007 1020 etiam
2048 975 2136 1019 ne

214 1067 298 1112 res
341 1044 415 1110 in
468 1043 966 1111 contentionem
1007 1043 1267 1109 veniret
1309 1041 1699 1108 obstitimus.
1783 1040 2131 1123 Equidem,

214 1139 275 1198 ut
323 1128 406 1197 dc
467 1129 806 1214 Theofredi
865 1130 1248 1213 integritate
1311 1149 1461 1194 sum
1524 1148 1897 1211 persuasus,
1965 1124 2134 1191 nihil

210 1216 360 1283 mala
411 1215 808 1283 conscientia
860 1214 1107 1281 factum
1167 1215 1370 1280 fuisse
1433 1214 1583 1280 scio.
1685 1211 1955 1295 Aliquid
2009 1212 2134 1276 im-

211 1301 571 1388 prudentiae
623 1300 986 1369 admissum
1041 1307 1159 1377 est,
1219 1299 1301 1366 de
1344 1321 1473 1383 qua
1514 1319 1668 1364 eum
1711 1296 2028 1364 admonui
2070 1305 2135 1362 et

209 1390 304 1456 abs
341 1398 412 1454 te
453 1388 707 1454 moneri
747 1388 966 1454 velim.
1034 1387 1390 1453 Caeterum
1422 1386 1635 1468 primo
1669 1404 1927 1468 quoque
1959 1403 2136 1448 nun·

210 1476 291 1543 cio
339 1473 503 1558 quid
560 1481 637 1540 tu
691 1472 775 1539 de
829 1493 909 1539 eo
950 1473 1199 1539 sentias
1241 1470 1325 1536 ad
1359 1492 1468 1537 me
1512 1469 1773 1537 scribes.
1863 1469 2037 1534 Nam
2078 1467 2138 1534 si

208 1561 382 1627 herus
441 1558 563 1625 tibi
613 1579 768 1626 eum
821 1560 1078 1643 placere
1132 1556 1556 1636 intellexerit,
1610 1555 1969 1639 placatiore
2012 1555 2141 1621 erit

208 1647 423 1713 animo.
508 1644 850 1729 Temporis
891 1643 1232 1728 praeteriti
1275 1641 1725 1708 testimonium
1764 1641 1948 1725 potui
1991 1639 2139 1705 red·

206 1731 351 1813 dere,
416 1753 549 1797 non
603 1752 690 1797 ex
743 1750 892 1796 meo
946 1752 1144 1797 sensu
1201 1727 1316 1795 sed
1374 1738 1503 1793 tuo.
1592 1726 1744 1808 Quo
1800 1746 1954 1792 eum
1995 1726 2140 1791 loco

209 1817 432 1884 habeas
473 1839 651 1885 nunc
691 1818 944 1883 sineere
984 1815 1150 1882 mihi
1184 1834 1493 1897 expones,
1539 1819 1615 1877 ut
1657 1831 1806 1878 cum
1849 1810 2140 1876 Domino

219 1903 598 1989 Veryeriensi
655 1902 1155 1970 communicem.
1263 1899 1434 1964 Vale
1450 1951 1467 1977 ,
1535 1899 1741 1964 frater
1805 1904 1874 1963 et
1935 1897 2143 1963 amice

206 1991 625 2074 integerrime.
724 1987 1056 2053 Dominus
1120 1994 1187 2052 te
1246 1993 1315 2051 et
1368 1984 1685 2050 familiam
1749 1991 1933 2049 tuam
1989 2002 2143 2049 con-

208 2082 427 2143 servet.
516 2074 832 2142 Genevae
876 2076 978 2138 25.
1022 2075 1197 2157 Aug.
1250 2076 1436 2136 1545.

1095 2208 1380 2274 Ioannes
1425 2204 1752 2271 Calvinus
1794 2212 1982 2271 tuus.

963 2536 1376 2545 —-.—-.—————

1098 2789 1250 2859 687.

729 2925 1203 2998 OALVINUS
1247 2923 1612 2992 VIRE'PO.

361 3106 620 3173 Literna
657 3101 1206 3171 conmendatitiae.

467 3278 618 3348 plion
652 3281 835 3332 exstat
879 3276 937 3328 in
974 3273 1103 3328 cod.
1141 3272 1344 3326 Genev.
1381 3269 1499 3335 106,
1552 3270 1642 3323 fol.
1677 3268 1798 3325 140.
1864 3268 2147 3323 Ionvillaei

502 3347 638 3402 Ood.
671 3344 816 3399 111⁸.
845 3344 937 3398 fol.
971 3342 1023 3409 8,
1060 3340 1339 3396 Turretini
1373 3339 1506 3393 Cod.
1546 3339 1663 3408 111,
1697 3339 1789 3392 fol.
1824 3336 1945 3391 122.
2012 3338 2148 3390 Ber·

541 3431 709 3471 nense
745 3415 885 3485 Epp.
920 3412 1045 3467 vn.
1079 3408 1198 3464 716.
1269 3409 1489 3464 Simlsri
1526 3407 1640 3462 Vol.
1675 3406 1788 3474 58.)

202 3279 307 3342 (Au

201 3364 381 3418 exemp

194 3587 403 3656 Fideli
446 3588 726 3654 Domini
781 3584 993 3650 nostri
1037 3583 1190 3648 Iesu
1234 3580 1487 3647 Christi
1542 3598 1734 3645 servo
1778 3578 1982 3643 Petro
2026 3576 2148 3641 Vi·

199 3682 331 3741 reto
387 3670 894 3742 Lausannensis
942 3669 1254 3735 ecclesiae
1309 3665 1555 3749 pastori
1610 3666 1799 3730 fratri
1858 3675 1926 3728 et
1967 3684 2150 3748 sym-

843 3765 1100 3842 mystae
1139 3752 1496 3821 carissime.

362 3878 437 3946 S.
514 3879 614 3944 Hi
657 3892 793 3943 tres
836 3874 1288 3941 adulescentes
1329 3870 1462 3936 hue
1504 3890 1575 3935 se
1617 3869 2033 3935 contulerant
2075 3877 2152 3933 ut

191 3966 569 4032 conditione
608 3965 882 4029 inventa
926 3961 1268 4027 nobiscum
1304 3959 1623 4024 viverent.
1713 3954 1967 4019 Verum
2010 3955 2150 4038 spei

193 4072 323 4118 non
379 4050 731 4136 respondit
778 4061 1071 4115 eventus.
1161 4043 1337 4125 Quia
1392 4040 1708 4126 putabam
1752 4039 1998 4123 aliquid
2040 4061 2152 4106 eos

189 4138 508 4220 pecuniae
555 4136 875 4213 attulisse,
930 4154 1060 4216 quo
1124 4132 1326 4195 vitam
1370 4128 1729 4193 tolerarent
1781 4126 2015 4191 saltem
2067 4125 2150 4191 ad

191 4244 301 4289 sex
352 4245 630 4290 menses
685 4229 866 4300 (nam
921 4217 1259 4303 epistolam
1308 4214 1477 4279 mihi
1529 4214 1931 4296 scripserant
1985 4232 2153 4295 quae

188 4305 265 4374 de
316 4309 491 4394 ipsis
553 4306 860 4374 nonnihil
917 4301 1387 4390 promittebat),
1442 4298 1743 4364 consului
1785 4307 1864 4363 ut
1906 4296 1990 4364 ad
2033 4317 2153 4396 vos

185 4396 651 4462 concederent.
755 4392 1076 4458 Rationes
1144 4388 1324 4453 enim
1383 4398 1642 4465 nostras
1694 4382 1825 4449 illis
1879 4404 2153 4467 exposui

183 4479 272 4544 ita
322 4480 589 4547 habere
653 4487 731 4545 ut
786 4480 841 4544 si
898 4478 1045 4542 istic
1088 4476 1418 4542 vixissent
1455 4470 1736 4555 propriis
1780 4469 2152 4553 sumptibus

183 4565 263 4630 ad
313 4575 603 4650 tempus
658 4564 941 4649 aliquod,
996 4582 1197 4644 seque
1241 4558 1426 4625 vobis
1470 4555 1957 4640 approbassent,
2002 4575 2151 4620 ves-

183 4660 345 4717 tram
391 4652 540 4718 illis
591 4648 1232 4717 commendationem
1276 4664 1411 4709 non
1455 4641 1843 4709 defuturam.
1910 4640 2153 4706 Postea

179 4757 332 4802 vero
384 4758 612 4822 quam
664 4736 962 4801 intellexi
1016 4739 1280 4798 tantum
1323 4730 1564 4796 viatico
1605 4728 1976 4805 instructos,
2037 4725 2152 4790 ad-

179 4825 404 4890 monui
465 4843 590 4888 me
635 4844 766 4888 non
808 4819 1035 4886 videre
1080 4817 1237 4902 quid
1290 4814 1643 4900 profecturi
1683 4820 1926 4912 essent.
2013 4810 2154 4911 Ἶρις

179 4928 308 4974 ιιοιι
363 4929 580 4993 posse
639 4907 1096 4974 commendare
1149 4904 1278 4969 nisi
1333 4908 1544 4966 notos.
1633 4898 1741 4998 Ad
1795 4896 1864 4962 id
1907 4917 2154 4981 requiri

178 5013 308 5060 non
375 4996 595 5061 unius
663 4993 793 5060 diei
861 4991 1329 5078 probationem.
1440 4985 1727 5052 Permisi
1791 4992 2014 5049 tamen
2079 4993 2155 5048 ut

177 5079 364 5159 irent,
412 5082 474 5146 si
523 5079 889 5145 videretur.
979 5078 1160 5161 Ergo
1201 5075 1335 5140 illis
1379 5070 1551 5156 quod
1593 5092 1702 5136 res
1747 5069 1974 5134 tulerit
2013 5089 2152 5135 res-

176 5166 508 5248 spondere
556 5165 688 5230 tibi
728 5167 858 5230 erit
898 5162 1195 5229 liberum.
1285 5157 1500 5241 Cupio
1541 5162 1717 5221 certe
1750 5155 2026 5234 adiutos,
2071 5175 2156 5218 ne

177 5257 438 5317 tantum
483 5250 748 5317 laboris
791 5253 1036 5316 frustra
1078 5244 1500 5329 susceperint.
1591 5243 1681 5307 Et
1724 5249 1789 5306 te
1833 5240 1970 5340 scio
2013 5260 2156 5305 esse

179 5334 248 5400 in
286 5337 532 5405 eadem
580 5337 948 5404 voluntate.
1013 5334 1175 5400 Ideo
1208 5354 1343 5399 non
1377 5330 1603 5396 hortor
1635 5337 1713 5394 ut
1744 5328 1947 5394 facias
1980 5324 2158 5410 quod

1892 426 2057 492 1545
2099 421 2499 493 AUGUS'P.

4084 429 4230 494 150

2241 618 2480 696 sponte
2521 610 2817 680 facturus
2857 633 2949 678 es.
3037 610 3225 691 Vale,
3288 611 3495 678 frater
3554 619 3623 678 et
3665 612 3875 680 amice
3915 612 4211 698 integer-

2240 698 2428 765 rime.
2532 697 2723 765 Uxor
2789 718 2939 763 mea
3001 704 3069 765 te
3137 706 3520 764 reverenter
3574 699 3835 766 salutat.
3939 696 4211 766 Salutes

2239 784 2481 850 fratres
2522 804 2671 851 meo
2715 784 3001 851 nomine.
3095 780 3376 851 Coelium
3416 784 3519 850 bis
3575 781 3719 850 vidi
3763 783 3835 850 in
3879 786 4207 852 concione.

2239 869 2393 935 Non
2449 890 2598 936 sum
2654 869 3030 954 alloquutus
3084 870 3242 953 quia
3297 870 3474 937 inter
3524 870 3773 954 primos
3828 880 4207 938 recesserat.

2242 955 2561 1022 Genevae
2604 958 2706 1021 29.
2754 957 2926 1041 Aug.
2979 959 3165 1021 1545.
3194 956 3245 1038 ι)

3162 1091 3446 1158 Ioannes
3492 1091 3815 1159 Calvinus
3858 1100 4032 1158 tuus.

3156 1601 3317 1677 688.

2794 1737 3177 1808 DIAZIUS
3224 1739 3665 1809 GALVINO.

2420 1910 2768 1996 Dryander
2821 1909 2940 1976 aab
2984 1930 3196 1992 poena
3248 1912 3336 1977 ad
3386 1931 3661 1981 carceres
3717 1913 3932 1981 redire
3972 1915 4211 1997 meus,

2242 1997 2400 2082 fidei
2441 1997 2892 2080 confessionem
2925 1996 3101 2062 cdere
3128 2001 3413 2077 paratus
3454 2005 3561 2066 est.
3629 1999 3780 2083 Ipse
3821 2020 4062 2083 quoque
4083 2021 4213 2083 pro

2245 2104 2421 2151 more
2484 2083 2772 2150 ecelesiae
2835 2083 3388 2166 Arymtoratensis
3449 2089 3592 2151 ante
3654 2104 3906 2151 coenam
3959 2105 4214 2152 sacram

2236 2167 4210 2254 professusssdmmmHispanwnquendmtestemkabuit.

2565 2338 2678 2404 (Ex
2714 2337 3053 2409 autographo
3087 2337 3222 2394 cod.
3259 2338 3464 2394 Gener.
3505 2337 3627 2404 110,
3661 2339 3752 2395 fol.
3789 2339 3899 2410 82.)

2251 2527 2638 2595 Clarissimo
2704 2526 2847 2593 viro
2903 2525 3540 2612 vigilantissimeque
3607 2528 3920 2595 ecelesiae
3987 2529 4215 2597 Gene-

2249 2614 2478 2680 vensis
2531 2612 2847 2696 primario
2898 2614 3144 2697 pastori
3185 2613 3476 2679 Iohanni
3518 2614 3795 2682 Calvino
3853 2615 4019 2680 mihi
4063 2616 4214 2700 plu-

2250 2701 2498 2765 rimum
2541 2697 2966 2766 observando.

3707 2784 4038 2852 Genevae.

2425 2953 2496 3022 S.
2541 2954 2619 3020 P.
2665 2955 2738 3019 in
2781 2953 3067 3021 Christo.
3134 2953 3393 3021 Diebus
3436 2957 3756 3040 proximis
3796 2957 3884 3022 D.
3918 2955 4216 3023 Buoerus

2395 3040 2591 3107 andri
2634 3040 2718 3106 ad
2762 3048 2830 3106 te
2864 3061 3002 3106 non
3035 3040 3380 3108 literarum
3411 3042 3800 3110 fasciculum
3836 3041 3953 3109 sed
3986 3042 4214 3110 literas

2250 3126 2558 3206 reddidit,
2584 3126 2633 3213 ¹)
2675 3126 2914 3210 quibus
2957 3127 3151 3193 binae
3191 3128 3379 3206 aliae,
3444 3130 3528 3193 ad
3576 3129 3937 3206 (Raudium,
3955 3131 4013 3206 ²)
4056 3150 4212 3207 una,

2251 3212 2335 3278 ad
2378 3233 2487 3278 me
2532 3212 2760 3291 altera,
2804 3212 3099 3278 inclusae
3142 3227 3350 3279 erant.
3437 3215 3577 3280 Nec
3634 3214 3799 3280 mihi
3843 3216 4217 3282 autoritatis

2251 3307 2518 3364 tantum
2571 3299 2645 3363 in
2694 3298 2826 3363 tuis
2880 3299 3253 3382 aperiendis
3293 3297 3693 3379 detulissem,
3748 3302 3877 3366 nisi
3933 3309 4000 3367 et
4042 3300 4219 3385 Dry-

2250 3386 2445 3452 andri
2500 3384 2812 3461 fuissent,
2871 3394 2939 3449 et
2998 3386 3070 3449 in
3122 3383 3414 3452 discessu
3464 3408 3612 3452 meo
3665 3395 3783 3453 tua
3833 3386 4217 3453 humanitas

2250 3470 2441 3537 facile
2484 3468 2552 3534 id
2593 3470 2761 3534 mihi
2801 3470 3221 3553 permissiset.
3308 3471 3468 3536 Illas
3528 3472 3611 3537 ad
3656 3479 3724 3538 te
3766 3472 3988 3552 mitto,
4049 3494 4217 3557 quas

2252 3562 2473 3621 tamen
2498 3556 2749 3621 nemini
2773 3564 3233 3639 praeterquam
3270 3558 3388 3622 uni
3415 3556 3680 3623 OEaudio
3710 3558 4214 3626 communicavi.

2254 3641 2360 3706 Ad
2404 3662 2512 3707 me
2555 3642 2820 3725 scripsit
2871 3641 2953 3706 de
3003 3645 3203 3708 variis
3247 3642 3442 3708 rebus
3485 3644 3948 3726 copiosissime.
4034 3644 4219 3709 Illud

2253 3738 2478 3793 tamen
2513 3728 2801 3805 unicum,
2846 3729 3004 3809 quia
3037 3725 3313 3813 dignum
3348 3737 3466 3794 tua
3499 3730 3869 3813 cognitione
3902 3728 4217 3809 iudicavi,

2254 3813 2435 3878 volui
2490 3813 2608 3878 tibi
2669 3812 3063 3897 significare,
3126 3825 3202 3879 ut
3257 3816 3468 3898 magis
3505 3814 3841 3899 intelligas
3885 3815 4218 3897 stupidam

2255 3899 2534 3964 istorum
2578 3898 3051 3965 monachorum
3094 3900 3455 3980 insaniam,
3523 3911 3720 3984 atque
3760 3900 3963 3965 etiam
4006 3920 4221 3983 quan—

2256 3996 2398 4049 tum
2448 3983 2687 4050 Caesar
2721 4005 2911 4050 suam
2954 3985 3411 4051 crudelitatem
3446 3985 3520 4050 in
3555 3995 3732 4052 tutos
3767 3996 3834 4051 et
3869 3987 4064 4069 longe
4101 3986 4218 4051 ab-

2257 4080 2477 4136 sentes
2521 4069 2821 4136 homines
2865 4069 3167 4138 declaret.
3258 4069 3507 4137 Scribit
3550 4092 3622 4137 se
3663 4093 3705 4137 a
3748 4071 4217 4137 Francoforeia

2257 4156 2483 4221 literas
2522 4156 2848 4238 accepisse
2904 4157 2977 4220 in
3030 4156 3266 4240 quibus
3311 4157 3566 4223 inclusa
3608 4166 3751 4223 erat
3793 4158 4008 4223 aulica
4051 4158 4213 4222 cita-

2256 4243 2364 4322 tio,
2383 4244 2440 4318 ⁸)
2495 4262 2625 4325 qua
2676 4240 2801 4306 sub
2846 4263 3057 4324 poena
3111 4243 3343 4325 capitis
3401 4252 3469 4308 et
3525 4243 3845 4308 bonorum
3902 4244 4215 4309 confisca-

2256 4329 2434 4393 tione
2476 4325 2563 4391 ad
2605 4347 2929 4404 carceres,
2983 4327 3158 4393 unde
3211 4329 3427 4394 fuerat
3480 4349 3804 4413 egressus,
3849 4330 4029 4393 intra
4071 4343 4216 4393 cer-

2257 4426 2398 4477 tum
2445 4422 2515 4477 et
2566 4412 3044 4495 praescriptum
3093 4420 3356 4496 tempus
3414 4414 3630 4480 redire
3670 4413 4213 4498 praecipiebatur.

2254 4499 2394 4565 Nec
2439 4497 2693 4562 dubitat
2746 4499 2906 4581 quin
2960 4500 3286 4564 sententia
3346 4501 3545 4566 fuerit
3600 4501 3733 4565 iam
3789 4501 4216 4582 subsequuta.

2255 4583 2443 4649 Hace
2496 4593 2722 4647 tamen
2777 4582 2945 4647 nihil
2989 4593 3315 4665 moratur,
3371 4585 3487 4651 sed
3545 4585 3706 4652 dicit
3759 4585 3829 4650 id
3887 4587 3958 4649 in
4016 4604 4218 4650 causa

2280 4856 2420 4912 887.
2458 4858 2522 4925 1)
2559 4856 2653 4910 Sic
2682 4856 3069 4925 αιαορναρῖιοη
3102 4863 3156 4911 et
3197 4856 3544 4913 Tui-retinas.
3625 4858 3844 4914 Castori
3887 4855 4042 4912 1546.
4083 4856 4216 4912 Goe-

2256 4930 2391 4983 uam
2426 4942 2496 4979 m.
2533 4928 2783 4996 Auqawto
2819 4923 2956 4978 1545
2995 4925 3244 4981 &nevae
3277 4928 3526 4994 adfuisse
3559 4929 3759 4982 scium-3
3793 4943 3861 4980 ex
3899 4927 3975 4980 N.
4008 4925 4127 4980 693.

2279 4994 2423 5051 888.
2462 4995 2517 5060 1)
2558 4994 2696 5060 Eas,
2727 4995 2792 5048 ni
2821 4994 3087 5062 fallimur,
3295 4996 3540 5052 habunt&
3569 5012 3745 5064 supra
3781 4995 3856 5051 N.
3893 4993 4013 5049 673.

2467 5062 2528 5130 2)
2570 5062 2917 5117 Sonat-oleum
2962 5062 3063 5128 (N.
3097 5063 3132 5117 6
3166 5063 3224 5130 5)
3261 5064 3462 5120 Diazii
3514 5066 3578 5119 in
3623 5066 3819 5120 itinere
3875 5066 4119 5119 comitem
4162 5067 4217 5117 et

2259 5131 2712 5198 contubernalem,
2745 5146 2854 5201 quo
2888 5136 3125 5199 tempore
3158 5137 3210 5187 is
3235 5136 3422 5201 periit.

2467 5200 2526 5270 3)
2562 5198 2652 5255 De
2694 5216 2807 5270 qua
2849 5200 3014 5254 etiam
3061 5201 3450 5256 Melanehthon
3491 5200 3569 5254 ad
3619 5200 3995 5257 Camerarius
4041 5198 4095 5254 d.
4128 5196 4219 5252 20.

2260 5270 2520 5395 Ancyram-'3
2536 5270 2772 5394 ελοῦίιέεᾶἐδ
2796 5267 2855 5322 0.
2893 5267 3020 5335 Bes.
3068 5271 3127 5324 V.
3163 5268 3283 5325 835.
3357 5270 3640 5325 Caeterum
3685 5269 3812 5325 vide
3856 5274 4044 5324 annot.
4089 5281 4225 5323 noe-

2258 5346 2406 5397 tmm
2618 5374 2633 5389 .
2771 5375 2787 5391 .

3698 5421 3795 5475 10·
