4825 6175
210 439 321 499 545

1094 617 1242 690 921.

719 773 1190 842 GALVINUS
1236 772 1610 840 VIRETO.

367 944 581 1010 Novas
623 943 841 1011 turbas
883 949 1014 1011 tam
1067 946 1138 1010 in
1179 946 1541 1012 consistorio
1582 965 1776 1028 quam
1809 946 1880 1010 in
1921 950 2146 1010 senatu

206 1053 275 1100 ex
302 1031 653 1114 petulantia
694 1032 919 1095 uxoris
967 1030 1225 1097 Perrim’
1280 1036 1451 1097 ortas
1483 1030 1781 1114 pluribus
1832 1031 2143 1107 describit,

208 1132 533 1199 earumque
567 1117 880 1182 occasione
916 1117 1200 1199 famosae
1231 1137 1377 1183 mox
1420 1137 1647 1183 causae
1670 1116 1885 1183 Iacobi
1924 1116 2147 1182 Grueti

205 1202 527 1269 exordium
576 1202 833 1282 factum.
936 1201 1144 1267 Addit
1207 1203 1397 1268 varia
1453 1202 1529 1267 de
1590 1200 1893 1268 Sonnerio
1948 1202 2147 1269 locum

205 1293 441 1354 mutare
495 1287 803 1368 cupiente,
857 1286 932 1352 de
985 1288 1349 1353 novissimis
1409 1289 1481 1352 in
1558 1287 1906 1353 Germania
1964 1287 2149 1353 rebus

199 1375 401 1459 gestis,
443 1374 520 1439 de
561 1376 771 1455 nepote
815 1371 1080 1439 Farelli.

204 1560 313 1626 (Ex
349 1560 686 1630 autographo
720 1559 851 1614 Ood.
890 1559 1093 1615 Genev.
1113 1558 1227 1625 106,
1263 1560 1356 1613 fol.
1397 1558 1500 1614 192
1533 1526 1753 1630 praeter
1788 1560 1935 1630 quod
1970 1567 2150 1615 exstat

202 1629 488 1709 exemplar·
511 1628 790 1682 Iouvillaei
827 1629 885 1682 in
910 1628 1039 1683 Cod.
1080 1627 1222 1681 111⁸,
1264 1628 1358 1682 fol.
1397 1628 1563 1681 12-
1598 1630 1766 1682 Edita
1800 1636 1885 1683 est
1918 1647 1952 1682 a
1985 1630 2146 1699 Besa,

202 1697 603 1835 ἓῗῗοέἔῖἐῗῗι
626 1715 686 1831 Τ
717 1695 1207 1846 ἓὲᾱεῗθζῗὲεῗὸ·
1228 1696 1432 1847 ἆῗᾷῗῗ.
1444 1696 1652 1848 Ρῇὲὲἓ
1689 1699 1900 1821 ΕἭῩ
1923 1715 1989 1819 1¹13·
2018 1696 2148 1820 {iil

463 1833 647 1888 Oolon.
684 1852 737 1904 p.
772 1832 858 1903 85,
894 1835 1102 1903 anglice
1135 1851 1195 1886 in
1232 1834 1359 1887 edit.
1395 1834 1591 1888 Edmb.
1627 1836 1702 1890 11.
1770 1832 1882 1902 08.)

200 2022 469 2088 Eximio
532 2019 807 2085 Domini
873 2021 1082 2087 nostri
1156 2021 1307 2087 Iesu
1374 2020 1624 2088 Christi
1691 2044 1883 2088 servo
1949 2024 2149 2088 Petro

199 2107 432 2172 Vireto
455 2107 974 2207 Lausannensis‘
998 2106 1305 2256 epeclesiae
1340 2108 1586 2190 pastori
1622 2109 1809 2172 frat-ri
1843 2120 1909 2173 et
1943 2111 2151 2175 amico

955 2215 1022 2257 in
1094 2213 1393 2275 gernmo.

374 2327 448 2395 S.
539 2328 730 2394 Nunc
786 2329 954 2394 serio
1008 2329 1195 2395 nobis
1251 2329 1635 2395 certandum
1659 2320 1663 2333 '
1691 2338 1812 2395 est.
1902 2332 2152 2399 Vocata

201 2436 437 2481 rursus
483 2414 565 2479 ad
609 2414 1067 2480 consistorium
1112 2416 1328 2480 fuerat
1369 2437 1536 2480 uxor
1579 2417 1804 2483 comici
1849 2416 2150 2484 Caesaris

197 2501 278 2567 ob
323 2521 517 2566 suam
559 2500 1009 2584 petulantiam.
1039 2504 1088 2575 ¹)
1175 2500 1323 2567 Illic
1378 2523 1460 2566 ne
1518 2501 1844 2585 asperiore
1887 2502 2152 2586 quidem

198 2586 405 2652 verbo
452 2586 755 2652 lacessita
796 2585 945 2668 plus
987 2588 1224 2652 veneni
1268 2586 1565 2651 evomuit
1619 2609 1816 2670 quam
1859 2608 2150 2672 unquam

194 2680 415 2737 antea.
507 2671 807 2736 Primum
853 2671 1140 2755 negavit,
1197 2671 1255 2738 si
1298 2672 1452 2755 quid
1498 2671 1892 2756 deliquisset,
1945 2676 2151 2740 nostri

192 2758 322 2822 fori
381 2778 526 2822 esse
581 2756 1038 2841 cognitionem.
1139 2755 1399 2824 Deinde
1456 2769 1806 2841 conquesta
1869 2768 1970 2824 est
2026 2759 2152 2825 sibi

192 2862 480 2927 gravem
499 2841 901 2927 ignominiae
942 2851 1169 2908 notam
1190 2843 1385 2922 inuri,
1474 2840 1606 2908 uod
1649 2843 1722 2908 in
1742 2866 1893 2910 eum
1936 2845 2151 2910 locum

189 2929 432 2995 venire
472 2936 832 3013 cogeretur,
875 2948 1002 3011 quo
1036 2929 1299 2995 nonnisi
1334 2949 1440 2995 sce
1466 2935 1682 2994 eratos
1717 2936 1783 2995 et
1824 2930 2151 2996 maleficos

190 3014 445 3081 accersi
498 3014 598 3079 fas
650 3021 839 3079 esset.
927 3012 1154 3096 Quum
1208 3036 1291 3079 ex
1344 3013 1780 3080 assessoribus
1833 3037 2004 3081 unus
2047 3037 2151 3082 co-

187 3099 429 3167 hibere
473 3099 929 3183 intemperiem
979 3100 1196 3179 vellet,
1239 3102 1311 3165 in
1355 3122 1504 3167 eum
1548 3099 1836 3168 furorem
1878 3121 2152 3169 conver-

188 3187 290 3251 tit.
396 3185 530 3252 Hic
589 3206 790 3269 quum
840 3208 911 3252 se
955 3184 1116 3252 Abel
1130 3188 1186 3268 2)
1246 3187 1722 3269 interponerem
1776 3208 1852 3253 ac
1905 3186 2153 3254 diceret

186 3271 432 3336 mirari
491 3291 561 3337 se
620 3270 792 3355 quod
845 3271 1032 3337 initio
1089 3272 1379 3355 professa
1430 3282 1603 3338 esset
1645 3272 1805 3337 adeo
1849 3294 1919 3338 se
1963 3294 2153 3339 vere-

187 3357 488 3424 cundam
532 3367 646 3422 aut
686 3357 1016 3442 elinguem
1060 3377 1226 3441 quae
1263 3356 1653 3440 respondere
1686 3358 1986 3445 pluribus
2022 3381 2154 3425 non

274 3451 441 3520 sset,
488 3463 691 3525 quum
735 3463 856 3527 par
897 3442 1121 3508 futura
1162 3450 1338 3508 esset
1379 3463 1574 3526 quam
1608 3443 1908 3526 plurimis
1952 3446 2154 3510 male-

233 3527 511 3604 ‘cendo,
571 3535 711 3593 tota
764 3547 922 3594 vero
976 3528 1189 3594 rabies
1255 3528 1575 3594 efferbuit.
1687 3529 1833 3594 Imo
1853 3532 1910 3604 ⁸)
1978 3552 2152 3610 vero,

183 3613 441 3698 inquit,
490 3619 563 3678 tu
605 3614 1032 3693 conviciator,
1092 3615 1203 3697 qui
1247 3614 1422 3697 patri
1464 3634 1610 3679 meo
1655 3614 1957 3697 nequiter
1999 3636 2153 3682 con-

185 3700 484 3766 viciatus
520 3719 605 3764 es.
667 3699 782 3781 Va,
810 3719 959 3784 yros
980 3719 1276 3781 pouacre,
1298 3703 1356 3777 ⁴)
1392 3704 1462 3765 tu
1484 3720 1558 3765 as
1590 3705 1794 3783 menty
1824 3701 2155 3768 meschum-

181 3791 374 3851 ment.
475 3784 618 3850 Nisi
662 3785 732 3851 vi
774 3792 1044 3850 extrusa
1087 3794 1276 3862 esset,
1322 3786 1456 3850 fere
1494 3806 1613 3851 nos
1656 3783 1982 3852 obruisset
2016 3788 2155 3852 suis

183 3870 606 3936 fulminibus.
697 3870 983 3936 Senatus
1039 3870 1331 3936 decrevit
1388 3879 1463 3935 ut
1514 3872 1587 3934 in
1647 3891 1972 3937 carcerem
2013 3893 2154 3939 arc-

182 3957 436 4022 tiorem
484 3955 944 4022 includeretur.
1032 3956 1279 4040 Elapsa
1321 3966 1424 4021 est
1467 3978 1665 4038 opera
1704 3965 2042 4023 matronae
2077 3959 2155 4022 il-

181 4042 322 4108 lius
384 4064 560 4125 quae
617 4041 822 4106 malas
881 4063 1105 4107 omnes
1161 4063 1391 4108 causas
1446 4041 1776 4125 suscipere
1832 4044 1902 4107 in
1963 4065 2154 4108 suum

181 4127 641 4212 patrocinium
685 4127 866 4193 solet.
958 4127 1148 4192 Alter
1201 4150 1286 4192 ex
1330 4126 1482 4193 filiis
1526 4149 1596 4193 se
1641 4128 1942 4194 comitem
1987 4129 2155 4213 fugi-

180 4214 373 4279 tivac
425 4212 749 4296 adiungit.
772 4211 827 4298 ⁵)
916 4211 1143 4294 Quum
1193 4235 1324 4277 non
1369 4212 1592 4296 procul
1654 4234 1694 4277 a
1737 4223 1930 4298 porta
1972 4215 2155 4281 urbis

182 4298 360 4364 forte
409 4299 488 4363 in
533 4298 786 4363 Abelem
828 4298 1180 4377 incidisset,
1240 4298 1394 4364 novi
1438 4299 1739 4378 insultus,
1784 4314 1850 4365 et
1891 4300 2156 4382 quidem

216 4589 367 4643 921.
414 4587 477 4652 1)
525 4587 678 4643 Uxor
725 4588 954 4641 Perrim'
1007 4589 1224 4641 absente
1271 4589 1472 4641 marito
1525 4588 1701 4641 denuo
1747 4605 1783 4641 a
1830 4589 2153 4644 consiston'o

181 4657 368 4713 citata
403 4659 600 4721 fuerat
632 4673 686 4710 a.
726 4659 778 4710 d.
812 4655 897 4710 23.
935 4656 1096 4709 Iunii
1128 4657 1260 4726 quia
1294 4659 1352 4709 in
1393 4657 1551 4710 domo
1590 4657 1758 4711 Mica.
1811 4657 1997 4710 Vot‘sin
2030 4674 2152 4712 cum

181 4728 320 4781 aliis
349 4728 624 4796 pluribus
659 4726 1046 4779 saltationibus
1078 4725 1418 4788 interfuerat.
1492 4725 1670 4779 Plura
1702 4727 1964 4792 praebent
2001 4725 2153 4780 Gom-

179 4795 469 4850 mentarii
520 4793 847 4848 Consistorii
896 4799 948 4846 et
1002 4792 1262 4859 Senatus,
1327 4793 1544 4848 Ruehat
1597 4795 1664 4846 V.
1713 4791 1831 4847 317.
1922 4794 2154 4849 Gaberel

181 4865 228 4919 1.
265 4863 399 4918 387.
485 4863 674 4932 Βορεε,
708 4864 785 4917 11.
821 4861 926 4915 ‘284
958 4877 1002 4914 s.

237 5003 247 5013 ·
405 4930 472 4998 2)
513 4932 797 5013 Poupo'uus
828 4935 925 5014 qui
956 4934 1071 5011 iam
1102 4945 1252 4983 anuo
1284 4934 1565 4998 superiore
1595 4932 1781 5000 iurqio
1813 4946 1934 4984 cum
1967 4930 2151 4985 eadem

335 5018 360 5069 ¹
382 5007 864 5132 ‘gifflffma
897 5006 1264 5136 &james
1297 5067 1497 5148 aequat
1530 5067 1601 5121 ab
1635 5067 1754 5149 aad.
1985 5136 1997 5150 ο

404 5137 472 5205 4)
507 5153 738 5205 pouacre
784 5136 1097 5205 (podayre),
1154 5135 1283 5199 sale,
1339 5136 1516 5190 valam
1570 5136 1819 5202 (Luttre),
1872 5152 2034 5204 yrom
2085 5136 2152 5190 de

179 5223 321 5274 porc
355 5205 614 5274 (Boou).
682 5207 922 5273 Anytus:
957 5204 1302 5259 swina-hard.

405 5277 478 5338 5)
521 5273 759 5329 Contudit
809 5289 866 5327 se
915 5274 977 5328 in
1026 5274 1316 5342 praedium
1367 5287 1528 5326 suum
1572 5273 1754 5342 Preqn
1837 5274 1899 5327 in
1937 5275 2149 5344 finibus

181 5343 573 5401 Barnea-sium
604 5346 768 5398 situm
801 5343 899 5398 ubi
930 5344 1044 5398 iam
1077 5348 1196 5396 erat
1220 5347 1383 5410 pater
1416 5341 1534 5396 eius
1570 5342 1672 5396 Fr.
1764 5359 1912 5398 acre.

401 5422 637 5485 Calvim‘
665 5442 854 5498 opera.
927 5426 1048 5482 Vol.
1078 5425 1227 5482 X11.

1987 437 2149 499 1547
2193 432 2377 502 IUN.

4069 448 4196 509 546

2248 624 2703 705 proterviores.
2726 622 2782 699 ⁶)
2890 622 3049 688 Abel
3114 623 3311 689 nihil:
3378 627 3919 709 quemadmodum
3990 639 4059 697 et
4118 633 4198 699 in

2247 708 2630 774 consistorio
2685 707 3205 775 moderatissime
3274 731 3347 775 se
3397 723 3701 795 gesserat.
3790 716 4119 783 Postridie
4142 719 4199 804 7)

2247 793 2572 876 reperitur
2654 792 2886 859 charta
2957 795 3026 858 in
3092 803 3404 879 suggestu
3477 819 3606 879 qua
3668 814 3947 866 mortem
4006 804 4199 870 nobis

2249 878 2607 955 minantur,
2652 879 2782 944 nisi
2826 878 3153 946 sileamus.
3243 881 3606 966 Exemplar
3659 885 3742 949 ad
3790 900 3852 952 te
3907 888 4114 954 mitto.
4128 892 4193 967 ⁸)

2248 962 2538 1030 Senatus
2596 972 2781 1029 tanta
2835 965 3106 1031 audacia
3168 967 3507 1049 perculsus
3574 968 3757 1035 iubet
3822 993 4051 1038 severe
4110 973 4194 1041 de

2248 1048 2731 1132 conspiratione
2796 1050 3054 1132 inquiri.
3177 1051 3531 1135 Negotium
3614 1057 3837 1135 paucis
3901 1058 4190 1125 mandat.

2250 1133 2426 1215 Quia
2468 1134 2829 1201 multorum
2870 1136 3152 1220 suspicio
3195 1137 3267 1201 in
3310 1138 3615 1203 Gruetum
3631 1141 3690 1223 ⁹)
3734 1141 4021 1221 cadebat,
4065 1155 4197 1211 sta-

2250 1219 2371 1284 tim
2415 1219 2745 1302 arripitur.
2834 1220 2989 1285 Alia
3043 1229 3263 1286 tamen
3319 1231 3464 1287 crat
3520 1245 3766 1291 manus.
3856 1226 3991 1294 Sed
4034 1229 4195 1295 dum

2251 1305 2391 1370 eius
2435 1304 2697 1371 chartas
2741 1306 3109 1384 revolvunt,
3169 1308 3377 1372 multa
3419 1312 3759 1391 reperiunt
3800 1335 3928 1378 non
3976 1314 4195 1382 minus

2251 1390 2582 1473 capitalia:
2646 1389 2905 1456 libellus
2958 1393 3234 1476 supplex
3263 1399 3346 1470 ¹⁰)
3416 1416 3612 1476 quem
3667 1397 3902 1463 offerre
3957 1401 4193 1483 populo

2251 1483 2576 1541 statuerat
2617 1476 2688 1539 iu
2734 1478 3028 1553 comitiis,
3083 1478 3198 1543 ubi
3244 1478 3647 1561 disputabat,
3706 1483 3868 1548 nihil
3917 1506 4057 1551 esse
4102 1487 4194 1551 le·

2252 1560 2445 1645 gibus
2488 1560 2952 1627 vindicandum
2996 1564 3124 1628 nisi
3166 1563 3336 1646 quod
3378 1567 3842 1648 rempublicam
3891 1570 4193 1637 laederet.

2250 1647 2356 1711 Ita
2420 1649 2595 1711 enim
2650 1648 2941 1712 Venetos
3005 1648 3218 1715 facere
3280 1650 3690 1734 gubernandi
3754 1656 4195 1736 peritissimos.

2249 1733 2628 1798 Periculum
2675 1754 2827 1799 vero
2870 1753 3012 1799 esse
3054 1755 3170 1811 ne,
3230 1734 3386 1799 dum
3431 1734 3594 1802 haec
3637 1738 3793 1805 urbs
3838 1742 4035 1806 unius
4078 1742 4196 1808 ho-

2250 1816 2449 1882 minis
2489 1818 2943 1885 melancholici
2992 1819 3256 1885 cerebro
3303 1823 3722 1904 obtemperat,
3770 1828 4049 1892 excitata
4092 1849 4195 1894 se-

2252 1903 2498 1968 ditione
2542 1901 2773 1985 perdat
2816 1904 2994 1969 mille
3034 1905 3228 1970 cives.
3319 1907 3646 1989 Repertae
3690 1925 3847 1975 sunt
3889 1914 4085 1978 etiam
4121 1914 4196 1978 li-

2250 1996 2459 2066 terae,
2516 1991 2757 2071 partim
2813 1989 2896 2053 ad
2952 1990 3288 2056 Andream
3349 1991 3751 2074 Philippmn,
3817 1999 4055 2079 partim
4111 1999 4196 2064 ad

2252 2073 2415 2139 alios
2480 2076 2774 2157 scriptae.
2887 2073 3291 2155 Quibusdam
3351 2097 3457 2141 me
3513 2080 3907 2147 nominabat.
4008 2084 4196 2151 Alias

2251 2160 2626 2224 involverat
2677 2162 2936 2245 figuris,
2995 2182 3162 2243 quae
3220 2173 3439 2226 tamen
3497 2185 3793 2230 erassum
3847 2168 4198 2234 artificium

2255 2242 2416 2310 adeo
2460 2245 2728 2328 sapiunt
2772 2260 2847 2310 ut
2888 2246 3112 2329 digitis
3149 2248 3470 2329 attingere
3514 2248 3709 2314 liceat
3743 2250 4052 2336 quidquid
4099 2265 4196 2319 te-

2592 2386 2663 2394 ---

2459 2466 2519 2533 6)
2558 2467 2862 2533 Roman-d,
2917 2467 3089 2520 Advis
3123 2473 3173 2520 et
3208 2467 3359 2521 det-is
3388 2484 3443 2536 p.
3469 2466 3537 2520 72
3572 2476 3620 2520 et
3649 2477 3775 2537 post
3801 2486 3919 2524 eum
3967 2472 4200 2528 Gaberel

2249 2554 2304 2604 p.
2341 2534 2447 2589 384
2478 2552 2592 2589 rem
2640 2538 2800 2590 aliter
2842 2542 3111 2603 narrant,
3153 2552 3225 2589 sc.
3268 2537 3627 2590 Franciscam
3662 2554 3795 2607 equo
3828 2546 4032 2594 vectam
4066 2545 4198 2597 urbe

2253 2620 2522 2673 egressam
2567 2621 2679 2661 esse
2721 2612 2772 2658 et
2828 2606 2907 2659 sic
2950 2604 3167 2658 Abelem
3219 2606 3431 2660 obvium
3492 2609 3697 2667 factum
3749 2612 4011 2664 concitato
4061 2626 4197 2680 equo

2246 2674 2599 2795 {retrusisse
2683 2674 2840 2727 Haec
2884 2683 3062 2726 tamen
3116 2679 3321 2728 tacente
3381 2674 3606 2727 Calvzno
3672 2678 3856 2729 minus
3908 2685 4054 2732 certa
4118 2683 4195 2733 vi-

2293 2748 2469 2797 entur-

2461 2807 2515 2876 7)
2555 2809 2606 2864 ἆ.
2642 2807 2725 2861 27.
2764 2808 2938 2862 Iunii.
2998 2808 3215 2863 Rue-hat
3247 2810 3280 2862 l.
3307 2809 3336 2862 l.
3364 2808 3484 2863 318.
3544 2810 3759 2877 Galiffe,
3793 2818 3903 2866 not.
3936 2813 4055 2881 ye'n.
4091 2814 4193 2869 ΙΙΙ.

2253 2877 2376 2935 259.
2432 2906 2497 2916 -
2549 2878 2744 2947 Henry
2792 2878 2866 2931 ΙΙ.
2911 2876 3013 2930 439
3066 2877 3154 2930 hic
3204 2879 3470 2932 nonnulla
3523 2880 3691 2946 refert
3740 2895 3866 2935 vero
3915 2897 4028 2936 non
4070 2899 4195 2939 con·

2254 2955 2531 3002 sentama.
2605 2945 2780 3016 Rooet
2809 2945 2880 2999 28
2918 2945 3050 3000 Iun.
3083 2945 3310 3001 indicat.

2451 3012 2517 3097 ·8)
2555 3015 2681 3070 Huc
2701 3017 2936 3096 pertinet
2947 3015 3355 3096 post-scriptum
3389 3014 3517 3068 hoc.-
3551 3014 3689 3100 Gros
3707 3015 3922 3099 pansam·
3948 3022 4006 3070 te
4024 3028 4078 3072 et
4111 3023 4198 3073 tes

2253 3100 2655 3208 3332&ss
2684 3083 3267 3234 ξωξῖἓῖῗηέῗὲᾞί
3286 3082 3792 3222 ἷίίὲἒωέωξέἕξ·
3815 3085 4199 3211 „5201020223

2256 3238 2325 3275 en
2359 3222 2505 3276 lions
2577 3237 2645 3275 ue
2679 3237 2823 3290 pouy
2869 3237 2969 3275 voz
3014 3221 3309 3274 mouldiraz
3355 3220 3544 3275 lhoure
3592 3238 3697 3289 que
3731 3223 3922 3277 iamais
3958 3241 4057 3277 voa
4093 3227 4198 3279 sal-

2254 3292 2418 3344 lietez
2453 3291 2526 3370 de
2539 3238 2610 3343 (la
2643 3305 2914 3357 moynery.
2967 3289 3071 3341 Est
3103 3288 3362 3358 meshouy
3398 3305 3537 3358 pron
3555 3290 3785 3370 plasma.
3840 3292 3979 3356 Quin
4012 3294 4197 3349 diablo

2257 3365 2342 3413 est
2376 3376 2448 3414 on
2482 3374 2568 3412 cui
2605 3375 2709 3426 que
2745 3365 2931 3411 ceston
2976 3357 3120 3412 fottu
3164 3363 3404 3427 prestres
3450 3373 3636 3411 reniaz
3680 3375 3782 3412 noz
3820 3361 4075 3415 viennent
4112 3363 4203 3434 icy

2256 3433 2456 3481 mettre
2492 3444 2558 3481 en
2594 3426 2776 3481 ruina:
2825 3441 2984 3495 apres
3032 3442 3176 3494 quon
3212 3443 3245 3478 a
3288 3441 3424 3494 pron
3472 3425 3678 3480 endura
3724 3444 3794 3481 on
3840 3445 3898 3481 se
3947 3445 4199 3501 revenge.

2257 3496 2468 3550 Gai-dez
2504 3511 2604 3549 voa
2639 3495 2751 3564 quil
2786 3509 2857 3549 ne
2892 3510 2992 3548 voa
3039 3510 3106 3547 en
3153 3510 3362 3563 prenna
3408 3510 3615 3547 comme
3650 3513 3683 3548 a
3716 3495 3992 3550 Monsieur
4029 3498 4199 3554 Verle

2257 3565 2326 3619 de
2362 3565 2648 3631 Fribonrg.
2718 3563 2835 3616 Noa
2869 3578 2937 3616 ne
2982 3561 3156 3616 volins
3189 3580 3262 3632 pa
3294 3567 3417 3616 tant
3464 3562 3531 3616 do
3589 3569 3834 3619 mesti-es.
3914 3565 4061 3619 Nota
4104 3568 4203 3621 bin

2259 3649 2383 3688 mon
2420 3633 2554 3685 dire.
2591 3660 2653 3670 -
2693 3631 2791 3686 En
2823 3632 2926 3686 tibi
2958 3631 3148 3684 bellum
3193 3632 3458 3698 specimen
3503 3633 3826 3687 vernaculae
3860 3633 4079 3701 linquae
4112 3651 4201 3689 sa-

2259 3701 2552 3766 baudicae,
2605 3700 2668 3754 iu
2711 3716 2818 3771 quo
2863 3707 3045 3754 tamen
3089 3700 3355 3754 nonnulla
3399 3700 3652 3768 leguntur
3695 3717 3834 3770 quae
3876 3705 4203 3760 extricando

2258 3769 2631 3839 sagacioribus
2682 3768 3051 3837 relinquimus.
3141 3767 3291 3821 Idem
3351 3768 3677 3836 eloquentiae
3733 3769 3999 3835 femineae
4043 3773 4203 3828 docu-

2260 3843 2488 3891 mentum
2537 3836 2920 3904 transscripsit
2964 3839 3124 3889 etiam
3173 3835 3492 3889 Ture-dinus
3542 3835 3655 3891 Cod
3704 3837 3822 3904 111,
3865 3839 3963 3904 fol.
4000 3839 4068 3893 56
4104 3842 4205 3911 qui

2259 3914 2435 3960 tamen
2470 3911 2714 3958 nostram
2749 3906 3029 3972 epistolam
3062 3920 3172 3957 nou
3206 3905 3429 3959 habetet
3462 3905 3559 3956 hoc
3593 3910 3973 3973 postscrt'ptmn
4011 3909 4087 3962 ad
4186 3948 4199 3963 .

2261 3975 2336 4029 N.
2370 3973 2476 4028 354
2508 3978 2690 4042 refert,
2726 3976 2889 4042 quasi
2919 3974 3177 4027 uirnirum
3222 3974 3384 4026 verba
3427 3975 3721 4026 contineret
3754 3977 3948 4043 quibus
3983 3981 4105 4045 quis
4139 3995 4201 4033 m

2258 4046 2454 4098 itinere
2502 4046 2527 4095 i
2563 4058 2682 4094 sum
2733 4041 3017 4096 Calvinum
3074 4041 3270 4094 durius
3321 4044 3602 4108 exceperit.
3693 4042 3765 4096 In
3818 4047 3956 4098 actis
4002 4062 4203 4101 causae

2266 4113 2464 4168 Graeci
2499 4059 2570 4165 l&
2612 4107 2678 4162 14
2721 4109 2861 4164 idem
2905 4109 3112 4164 libellus
3146 4110 3488 4163 authenticus
3522 4115 3726 4171 exstat,
3771 4112 3866 4165 sed
3900 4114 4201 4169 innumeris

2258 4181 2391 4235 locis
2426 4180 2699 4234 varz'atam
2735 4177 2990 4232 exhibens
3024 4177 3368 4245 scripturam.
3440 4176 3562 4231 Nos
3591 4177 3808 4232 Caluini
3840 4180 4088 4236 lectiones
4122 4199 4200 4237 se-

2258 4249 2424 4371 ⁹2:3ss
2449 4262 2798 4369 {wat-²3
2942 4246 4201 4381 ⁸‘2m5ffi“²3.'‘55²2⁶⁶1²fi⁸⁶2⁰}‚3⁶2²⁸2‘330m1?

2480 4355 2483 4358 .
3596 4356 3605 4367 .
4022 4336 4055 4371 r
4186 4361 4200 4376 .

2255 4336 2374 4439 241.
2453 4385 2660 4439 Gallice
2692 4390 2966 4437 verterunt
3018 4382 3248 4437 Gaberel
3282 4399 3340 4450 p.
3375 4381 3409 4435 3
3446 4381 3507 4448 1,
3559 4382 3775 4437 Ruchat
3817 4384 3873 4436 V.
3919 4338 4201 4442 318.yDe

2263 4455 2426 4508 Petro
2474 4452 2692 4521 Wernly
2724 4453 2987 4506 canonico
3022 4450 3385 4519 Friburyeusi
3418 4467 3470 4503 a.
3509 4449 3644 4503 1532
3678 4455 3820 4504 inter
3846 4455 4056 4518 primos
4090 4471 4198 4510 mo·

2260 4537 2347 4576 tus
2379 4521 2788 4588 reformationis
2828 4519 3073 4573 Genevae
3107 4520 3388 4572 vulnerato
3423 4535 3469 4572 v.
3498 4520 3712 4574 Ruehat
3730 4521 3823 4573 111.
3850 4519 3963 4574 174.
4006 4522 4195 4590 Roqet,

2257 4593 2332 4644 les
2370 4590 2588 4644 Suisses
2621 4597 2672 4642 et
2709 4589 2918 4643 Geueoe
2950 4587 3016 4642 11.
3055 4587 3136 4641 19.
3221 4588 3485 4653 (Pantar,
3532 4595 3837 4641 venti-osum
3880 4591 4013 4645 decit
4048 4591 4195 4645 Pou-

2254 4663 2519 4792 pmum’g)
2559 4727 2675 4782 Iac.
2718 4724 2906 4794 Grau,
2953 4724 3245 4778 Humberti
3294 4722 3464 4777 Gruet
3520 4725 3730 4778 notarii
3812 4725 3978 4780 ablici
4028 4728 4195 4793 filius,

2255 4797 2389 4851 civis
2440 4795 2796 4850 Genevensis:
2843 4808 2995 4864 quem
3042 4807 3171 4847 cave
3220 4792 3528 4857 confundas
3572 4808 3692 4846 eum
3744 4741 3973 4848 glaudio
4025 4795 4200 4853 Gruet

2251 4880 2544 4987 {agomffi
2603 4861 3124 4986 (ἀξοέοηπὴαὸξῗαὲἵι
3148 4861 3304 4982 ntlI'
3326 4857 3442 4981 424102
3445 4859 3779 4983 ’)ε.τοξοᾶῗὲιι
3779 4862 4002 4984 ίῇαῖῖτοιῆε
4016 4864 4049 4917 l
4082 4865 4194 4988 sH'Il·

2252 4967 2370 5056 eum
2406 4948 2631 5057 bruggas
2666 4999 2933 5054 dissectas
2969 4996 3074 5063 (N.
3109 4944 3227 5063 6113,
3263 4969 3371 5051 rior.
3408 4995 3499 5066 6),
3542 4997 3736 5066 quibus
3781 5002 3867 5053 uti
3901 4950 4196 5056 Bermgel

2249 5072 2351 5126 bus
2385 5076 2593 5124 suetum
2644 5070 2979 5138 importasse.

2427 5138 2517 5204 10)
2559 5111 2678 5193 ήοο
2712 5137 3082 5192 documentum
3115 5150 3235 5188 cum
3267 5132 3516 5201 pluribus
3548 5133 3700 5214 aliisg
3731 5149 3796 5186 ex
3826 5135 4023 5202 quibus
4051 5151 4192 5203 pau-

2249 5210 2401 5263 ciora
2447 5212 2660 5262 tantum
2714 5212 2906 5261 nostm
2958 5204 3251 5271 faciemus,
3308 5207 3621 5256 asservatur
3675 5218 3736 5255 m
3783 5201 4039 5258 Archivis
4089 5205 4193 5260 Ge-

2249 5277 2586 5345 nevensibus,
2628 5276 2772 5332 iuter
2819 5288 3113 5329 causarum
3153 5269 3469 5340 capitalium
3521 5277 3661 5327 acta.
3749 5269 4026 5327 Caeterum
4067 5274 4194 5330 vide

2245 5344 2419 5410 infra.

3706 5423 3776 5478 35
