<?xml version="1.0" encoding="UTF-8"?>
<!DOCTYPE html PUBLIC "-//W3C//DTD XHTML 1.0 Transitional//EN"
    "http://www.w3.org/TR/xhtml1/DTD/xhtml1-transitional.dtd">
<html xmlns="http://www.w3.org/1999/xhtml" xml:lang="en" lang="en">
 <head>
  <title>
</title>
<meta http-equiv="Content-Type" content="text/html;charset=utf-8" />
  <meta name='ocr-system' content='tesseract 3.04.00' />
  <meta name='ocr-capabilities' content='ocr_page ocr_carea ocr_par ocr_line ocrx_word'/>
</head>
<body>
  <div class='ocr_page' id='page_1' title='image "./ioanniscalvinio10unkngoog_0144.png"; bbox 0 0 4825 6175; ppageno 0'>
   <div class='ocr_carea' id='block_1_1' title="bbox 638 407 764 471">
    <p class='ocr_par' dir='ltr' id='par_1_1' title="bbox 638 407 764 471">
     <span class='ocr_line' id='line_1_1' title="bbox 638 407 764 471; baseline -0.008 0"><span class='ocrx_word' id='word_1_1' title='bbox 638 407 764 471; x_wconf 80' lang='lat'>22⁰7</span> 
     </span>
    </p>
   </div>
   <div class='ocr_carea' id='block_1_2' title="bbox 630 585 2604 677">
    <p class='ocr_par' dir='ltr' id='par_1_2' title="bbox 630 585 2604 677">
     <span class='ocr_line' id='line_1_2' title="bbox 630 585 2604 677; baseline -0.002 -20"><span class='ocrx_word' id='word_1_2' title='bbox 630 590 902 677; x_wconf 59' lang='lat' dir='ltr'>peniculi</span> <span class='ocrx_word' id='word_1_3' title='bbox 943 589 1155 656; x_wconf 86' lang='lat' dir='ltr'>nostri</span> <span class='ocrx_word' id='word_1_4' title='bbox 1199 585 1422 653; x_wconf 82' lang='lat' dir='ltr'>fratris</span> <span class='ocrx_word' id='word_1_5' title='bbox 1467 594 1536 652; x_wconf 88' lang='lat' dir='ltr'>et</span> <span class='ocrx_word' id='word_1_6' title='bbox 1577 592 1987 671; x_wconf 80' lang='lat' dir='ltr'><strong>symmystae</strong></span> <span class='ocrx_word' id='word_1_7' title='bbox 2021 585 2288 653; x_wconf 77' lang='lat' dir='ltr'>decessu</span> <span class='ocrx_word' id='word_1_8' title='bbox 2328 609 2471 653; x_wconf 91' lang='lat' dir='ltr'>rem</span> <span class='ocrx_word' id='word_1_9' title='bbox 2506 589 2604 653; x_wconf 89' lang='lat' dir='ltr'>ita</span> 
     </span>
    </p>
   </div>
   <div class='ocr_carea' id='block_1_3' title="bbox 630 671 2602 4873">
    <p class='ocr_par' dir='ltr' id='par_1_3' title="bbox 630 671 2602 4873">
     <span class='ocr_line' id='line_1_3' title="bbox 640 671 2602 758; baseline -0.003 -14"><span class='ocrx_word' id='word_1_10' title='bbox 640 685 719 747; x_wconf 87' lang='lat' dir='ltr'>ut</span> <span class='ocrx_word' id='word_1_11' title='bbox 759 677 960 743; x_wconf 86' lang='lat' dir='ltr'>habet</span> <span class='ocrx_word' id='word_1_12' title='bbox 1005 676 1188 742; x_wconf 87' lang='lat' dir='ltr'>vobis</span> <span class='ocrx_word' id='word_1_13' title='bbox 1227 672 1686 739; x_wconf 80' lang='lat' dir='ltr'><strong>indicaremus.</strong></span> <span class='ocrx_word' id='word_1_14' title='bbox 1751 671 1932 739; x_wconf 73' lang='lat' dir='ltr'>&#39;Palis</span> <span class='ocrx_word' id='word_1_15' title='bbox 1976 674 2154 738; x_wconf 92' lang='lat' dir='ltr'>enim</span> <span class='ocrx_word' id='word_1_16' title='bbox 2197 681 2298 739; x_wconf 89' lang='lat' dir='ltr'>est</span> <span class='ocrx_word' id='word_1_17' title='bbox 2339 680 2602 758; x_wconf 86' lang='lat' dir='ltr'>tamque</span> 
     </span>
     <span class='ocr_line' id='line_1_4' title="bbox 641 758 2602 846; baseline -0.004 -15"><span class='ocrx_word' id='word_1_18' title='bbox 641 765 1133 846; x_wconf 80' lang='lat' dir='ltr'>inexspectatus</span> <span class='ocrx_word' id='word_1_19' title='bbox 1177 759 1462 825; x_wconf 90' lang='lat' dir='ltr'>hominis</span> <span class='ocrx_word' id='word_1_20' title='bbox 1507 760 1739 835; x_wconf 87' lang='lat' dir='ltr'>exitus,</span> <span class='ocrx_word' id='word_1_21' title='bbox 1789 765 1862 823; x_wconf 93' lang='lat' dir='ltr'>ut</span> <span class='ocrx_word' id='word_1_22' title='bbox 1903 758 1997 824; x_wconf 92' lang='lat' dir='ltr'>ibi</span> <span class='ocrx_word' id='word_1_23' title='bbox 2040 759 2305 825; x_wconf 88' lang='lat' dir='ltr'>nonnisi</span> <span class='ocrx_word' id='word_1_24' title='bbox 2325 758 2602 825; x_wconf 87' lang='lat' dir='ltr'><strong>Domini</strong></span> 
     </span>
     <span class='ocr_line' id='line_1_5' title="bbox 643 843 2599 930; baseline -0.002 -15"><span class='ocrx_word' id='word_1_25' title='bbox 643 849 844 915; x_wconf 90' lang='lat' dir='ltr'>solius</span> <span class='ocrx_word' id='word_1_26' title='bbox 888 869 1050 930; x_wconf 89' lang='lat' dir='ltr'>opus</span> <span class='ocrx_word' id='word_1_27' title='bbox 1108 865 1537 930; x_wconf 78' lang='lat' dir='ltr'>agnoscamus</span> <span class='ocrx_word' id='word_1_28' title='bbox 1591 843 2124 928; x_wconf 76' lang='lat' dir='ltr'>singularemque</span> <span class='ocrx_word' id='word_1_29' title='bbox 2167 844 2599 912; x_wconf 86' lang='lat' dir='ltr'>clementiam.</span> 
     </span>
     <span class='ocr_line' id='line_1_6' title="bbox 640 930 2601 1017; baseline -0.002 -16"><span class='ocrx_word' id='word_1_30' title='bbox 640 935 817 1001; x_wconf 87' lang='lat' dir='ltr'>Nam</span> <span class='ocrx_word' id='word_1_31' title='bbox 863 932 1073 1017; x_wconf 88' lang='lat' dir='ltr'>qualis</span> <span class='ocrx_word' id='word_1_32' title='bbox 1129 931 1285 997; x_wconf 91' lang='lat' dir='ltr'>olim</span> <span class='ocrx_word' id='word_1_33' title='bbox 1341 930 1454 995; x_wconf 91' lang='lat' dir='ltr'>ille</span> <span class='ocrx_word' id='word_1_34' title='bbox 1511 930 1743 1008; x_wconf 85' lang='lat' dir='ltr'>fuerit,</span> <span class='ocrx_word' id='word_1_35' title='bbox 1802 930 1964 996; x_wconf 92' lang='lat' dir='ltr'>satis</span> <span class='ocrx_word' id='word_1_36' title='bbox 2017 952 2136 996; x_wconf 83' lang='lat' dir='ltr'>vos</span> <span class='ocrx_word' id='word_1_37' title='bbox 2190 930 2601 997; x_wconf 84' lang='lat' dir='ltr'>intellexisse</span> 
     </span>
     <span class='ocr_line' id='line_1_7' title="bbox 646 1017 2600 1100; baseline -0.003 -13"><span class='ocrx_word' id='word_1_38' title='bbox 646 1020 1121 1087; x_wconf 81' lang='lat' dir='ltr'>existimamus,</span> <span class='ocrx_word' id='word_1_39' title='bbox 1211 1017 1574 1082; x_wconf 84' lang='lat' dir='ltr'>Enimvero</span> <span class='ocrx_word' id='word_1_40' title='bbox 1617 1024 1767 1100; x_wconf 88' lang='lat' dir='ltr'>post</span> <span class='ocrx_word' id='word_1_41' title='bbox 1808 1018 2239 1099; x_wconf 90' lang='lat' dir='ltr'>compositum</span> <span class='ocrx_word' id='word_1_42' title='bbox 2297 1026 2600 1082; x_wconf 87' lang='lat' dir='ltr'>nostrum</span> 
     </span>
     <span class='ocr_line' id='line_1_8' title="bbox 644 1101 2599 1185; baseline -0.002 -13"><span class='ocrx_word' id='word_1_43' title='bbox 644 1106 726 1172; x_wconf 92' lang='lat' dir='ltr'>de</span> <span class='ocrx_word' id='word_1_44' title='bbox 771 1124 1051 1172; x_wconf 88' lang='lat' dir='ltr'>censura</span> <span class='ocrx_word' id='word_1_45' title='bbox 1085 1101 1424 1168; x_wconf 86' lang='lat' dir='ltr'>dissidium</span> <span class='ocrx_word' id='word_1_46' title='bbox 1456 1104 1504 1183; x_wconf 89' lang='lat'>¹)</span> <span class='ocrx_word' id='word_1_47' title='bbox 1540 1102 1635 1167; x_wconf 90' lang='lat' dir='ltr'>ita</span> <span class='ocrx_word' id='word_1_48' title='bbox 1668 1122 1936 1185; x_wconf 89' lang='lat' dir='ltr'>prorsus</span> <span class='ocrx_word' id='word_1_49' title='bbox 1975 1103 2363 1168; x_wconf 84' lang='lat' dir='ltr'>immutatus</span> <span class='ocrx_word' id='word_1_50' title='bbox 2398 1101 2599 1169; x_wconf 91' lang='lat' dir='ltr'>alius-</span> 
     </span>
     <span class='ocr_line' id='line_1_9' title="bbox 689 1186 2597 1272; baseline -0.001 -15"><span class='ocrx_word' id='word_1_51' title='bbox 689 1212 773 1257; x_wconf 91' lang='lat' dir='ltr'>ue</span> <span class='ocrx_word' id='word_1_52' title='bbox 813 1191 1087 1256; x_wconf 87' lang='lat' dir='ltr'>effectus</span> <span class='ocrx_word' id='word_1_53' title='bbox 1132 1197 1250 1266; x_wconf 92' lang='lat' dir='ltr'>est,</span> <span class='ocrx_word' id='word_1_54' title='bbox 1311 1197 1385 1253; x_wconf 92' lang='lat' dir='ltr'>ut</span> <span class='ocrx_word' id='word_1_55' title='bbox 1426 1187 1564 1252; x_wconf 90' lang='lat' dir='ltr'>iam</span> <span class='ocrx_word' id='word_1_56' title='bbox 1613 1187 1806 1254; x_wconf 88' lang='lat' dir='ltr'>valde</span> <span class='ocrx_word' id='word_1_57' title='bbox 1859 1187 2086 1253; x_wconf 89' lang='lat' dir='ltr'>mirari</span> <span class='ocrx_word' id='word_1_58' title='bbox 2137 1186 2597 1272; x_wconf 86' lang='lat' dir='ltr'>inciperemus.</span> 
     </span>
     <span class='ocr_line' id='line_1_10' title="bbox 752 1274 2599 1359; baseline -0.001 -19"><span class='ocrx_word' id='word_1_59' title='bbox 752 1277 775 1341; x_wconf 92' lang='lat' dir='ltr'>i</span> <span class='ocrx_word' id='word_1_60' title='bbox 819 1274 1109 1359; x_wconf 88' lang='lat' dir='ltr'>profecto</span> <span class='ocrx_word' id='word_1_61' title='bbox 1144 1296 1217 1339; x_wconf 88' lang='lat' dir='ltr'>re</span> <span class='ocrx_word' id='word_1_62' title='bbox 1259 1275 1403 1357; x_wconf 90' lang='lat' dir='ltr'>ipsa</span> <span class='ocrx_word' id='word_1_63' title='bbox 1444 1274 1699 1356; x_wconf 81' lang='lat' dir='ltr'>experti</span> <span class='ocrx_word' id='word_1_64' title='bbox 1743 1294 1970 1339; x_wconf 86' lang='lat' dir='ltr'>sumus</span> <span class='ocrx_word' id='word_1_65' title='bbox 2010 1280 2330 1356; x_wconf 92' lang='lat' dir='ltr'>quantum</span> <span class='ocrx_word' id='word_1_66' title='bbox 2375 1274 2599 1339; x_wconf 83' lang='lat' dir='ltr'>valere</span> 
     </span>
     <span class='ocr_line' id='line_1_11' title="bbox 645 1358 2596 1442; baseline -0.002 -13"><span class='ocrx_word' id='word_1_67' title='bbox 645 1361 879 1429; x_wconf 88' lang='lat' dir='ltr'>debeat</span> <span class='ocrx_word' id='word_1_68' title='bbox 946 1361 1227 1425; x_wconf 83' lang='lat' dir='ltr'>aliarum</span> <span class='ocrx_word' id='word_1_69' title='bbox 1302 1358 1475 1442; x_wconf 90' lang='lat' dir='ltr'>apud</span> <span class='ocrx_word' id='word_1_70' title='bbox 1540 1359 1703 1424; x_wconf 88' lang='lat' dir='ltr'>alias</span> <span class='ocrx_word' id='word_1_71' title='bbox 1768 1359 2192 1425; x_wconf 91' lang='lat' dir='ltr'>ecclesiarum</span> <span class='ocrx_word' id='word_1_72' title='bbox 2258 1361 2596 1439; x_wconf 79' lang='lat' dir='ltr'>autoritas,</span> 
     </span>
     <span class='ocr_line' id='line_1_12' title="bbox 644 1443 2599 1532; baseline -0.002 -19"><span class='ocrx_word' id='word_1_73' title='bbox 644 1449 1001 1532; x_wconf 82' lang='lat' dir='ltr'>quantique</span> <span class='ocrx_word' id='word_1_74' title='bbox 1047 1446 1135 1512; x_wconf 87' lang='lat' dir='ltr'>sit</span> <span class='ocrx_word' id='word_1_75' title='bbox 1175 1443 1512 1511; x_wconf 88' lang='lat' dir='ltr'>faciendus</span> <span class='ocrx_word' id='word_1_76' title='bbox 1555 1451 1824 1510; x_wconf 89' lang='lat' dir='ltr'>mutuus</span> <span class='ocrx_word' id='word_1_77' title='bbox 1866 1443 1978 1509; x_wconf 93' lang='lat' dir='ltr'>ille</span> <span class='ocrx_word' id='word_1_78' title='bbox 2021 1452 2397 1511; x_wconf 90' lang='lat' dir='ltr'>sanctorum</span> <span class='ocrx_word' id='word_1_79' title='bbox 2443 1466 2599 1511; x_wconf 92' lang='lat' dir='ltr'>con·</span> 
     </span>
     <span class='ocr_line' id='line_1_13' title="bbox 643 1530 2599 1615; baseline -0.003 -15"><span class='ocrx_word' id='word_1_80' title='bbox 643 1555 874 1601; x_wconf 88' lang='lat' dir='ltr'>sensus</span> <span class='ocrx_word' id='word_1_81' title='bbox 920 1544 1114 1614; x_wconf 89' lang='lat' dir='ltr'>atque</span> <span class='ocrx_word' id='word_1_82' title='bbox 1154 1531 1539 1596; x_wconf 81' lang='lat' dir='ltr'>communio,</span> <span class='ocrx_word' id='word_1_83' title='bbox 1628 1530 1990 1613; x_wconf 87' lang='lat' dir='ltr'>Postquam</span> <span class='ocrx_word' id='word_1_84' title='bbox 2045 1531 2225 1596; x_wconf 91' lang='lat' dir='ltr'>enim</span> <span class='ocrx_word' id='word_1_85' title='bbox 2267 1530 2599 1615; x_wconf 90' lang='lat' dir='ltr'>germani-</span> 
     </span>
     <span class='ocr_line' id='line_1_14' title="bbox 644 1614 2598 1700; baseline -0.002 -15"><span class='ocrx_word' id='word_1_86' title='bbox 644 1641 870 1685; x_wconf 91' lang='lat' dir='ltr'>corum</span> <span class='ocrx_word' id='word_1_87' title='bbox 917 1619 1200 1683; x_wconf 81' lang='lat' dir='ltr'>fratrum</span> <span class='ocrx_word' id='word_1_88' title='bbox 1244 1617 1638 1682; x_wconf 90' lang='lat' dir='ltr'>sententiam</span> <span class='ocrx_word' id='word_1_89' title='bbox 1652 1617 1706 1696; x_wconf 81' lang='lat'>²)</span> <span class='ocrx_word' id='word_1_90' title='bbox 1750 1614 2105 1697; x_wconf 86' lang='lat' dir='ltr'>intellexit,</span> <span class='ocrx_word' id='word_1_91' title='bbox 2166 1617 2306 1700; x_wconf 90' lang='lat' dir='ltr'>ipse</span> <span class='ocrx_word' id='word_1_92' title='bbox 2365 1637 2436 1682; x_wconf 92' lang='lat' dir='ltr'>se</span> <span class='ocrx_word' id='word_1_93' title='bbox 2479 1637 2598 1700; x_wconf 89' lang='lat' dir='ltr'>pro</span> 
     </span>
     <span class='ocr_line' id='line_1_15' title="bbox 644 1704 2597 1786; baseline -0.002 -16"><span class='ocrx_word' id='word_1_94' title='bbox 644 1726 825 1770; x_wconf 90' lang='lat' dir='ltr'>more</span> <span class='ocrx_word' id='word_1_95' title='bbox 867 1704 1119 1770; x_wconf 90' lang='lat' dir='ltr'>censeri</span> <span class='ocrx_word' id='word_1_96' title='bbox 1177 1722 1410 1786; x_wconf 90' lang='lat' dir='ltr'>passus</span> <span class='ocrx_word' id='word_1_97' title='bbox 1469 1710 1597 1781; x_wconf 91' lang='lat' dir='ltr'>est,</span> <span class='ocrx_word' id='word_1_98' title='bbox 1655 1708 2122 1785; x_wconf 88' lang='lat' dir='ltr'>perspectoque</span> <span class='ocrx_word' id='word_1_99' title='bbox 2178 1710 2401 1768; x_wconf 89' lang='lat' dir='ltr'>nostro</span> <span class='ocrx_word' id='word_1_100' title='bbox 2458 1722 2597 1767; x_wconf 93' lang='lat' dir='ltr'>om-</span> 
     </span>
     <span class='ocr_line' id='line_1_16' title="bbox 642 1786 2600 1873; baseline -0.002 -17"><span class='ocrx_word' id='word_1_101' title='bbox 642 1792 830 1856; x_wconf 91' lang='lat' dir='ltr'>nium</span> <span class='ocrx_word' id='word_1_102' title='bbox 874 1809 1031 1873; x_wconf 89' lang='lat' dir='ltr'>erga</span> <span class='ocrx_word' id='word_1_103' title='bbox 1071 1808 1143 1854; x_wconf 93' lang='lat' dir='ltr'>se</span> <span class='ocrx_word' id='word_1_104' title='bbox 1176 1789 1397 1854; x_wconf 87' lang='lat' dir='ltr'>favore</span> <span class='ocrx_word' id='word_1_105' title='bbox 1433 1796 1628 1870; x_wconf 89' lang='lat' dir='ltr'>atque</span> <span class='ocrx_word' id='word_1_106' title='bbox 1661 1788 1948 1864; x_wconf 85' lang='lat' dir='ltr'>lenitate,</span> <span class='ocrx_word' id='word_1_107' title='bbox 2038 1809 2126 1853; x_wconf 88' lang='lat' dir='ltr'>ua</span> <span class='ocrx_word' id='word_1_108' title='bbox 2168 1788 2240 1852; x_wconf 90' lang='lat' dir='ltr'>in</span> <span class='ocrx_word' id='word_1_109' title='bbox 2275 1786 2600 1854; x_wconf 91' lang='lat' dir='ltr'>censendo</span> 
     </span>
     <span class='ocr_line' id='line_1_17' title="bbox 647 1872 2600 1953; baseline -0.002 -12"><span class='ocrx_word' id='word_1_110' title='bbox 647 1897 807 1942; x_wconf 87' lang='lat' dir='ltr'>usus</span> <span class='ocrx_word' id='word_1_111' title='bbox 851 1883 996 1939; x_wconf 88' lang='lat' dir='ltr'>erat</span> <span class='ocrx_word' id='word_1_112' title='bbox 1036 1882 1263 1940; x_wconf 85' lang='lat' dir='ltr'>nostro</span> <span class='ocrx_word' id='word_1_113' title='bbox 1308 1874 1571 1938; x_wconf 90' lang='lat' dir='ltr'>nomine</span> <span class='ocrx_word' id='word_1_114' title='bbox 1607 1872 1923 1953; x_wconf 74' lang='lat' dir='ltr'>Foerelzus,</span> <span class='ocrx_word' id='word_1_115' title='bbox 1967 1893 2005 1937; x_wconf 88' lang='lat' dir='ltr'>a</span> <span class='ocrx_word' id='word_1_116' title='bbox 2052 1895 2127 1939; x_wconf 93' lang='lat' dir='ltr'>eo</span> <span class='ocrx_word' id='word_1_117' title='bbox 2172 1875 2600 1939; x_wconf 87' lang='lat' dir='ltr'>transforma-</span> 
     </span>
     <span class='ocr_line' id='line_1_18' title="bbox 645 1959 2600 2044; baseline -0.002 -16"><span class='ocrx_word' id='word_1_118' title='bbox 645 1970 757 2027; x_wconf 86' lang='lat' dir='ltr'>tus</span> <span class='ocrx_word' id='word_1_119' title='bbox 799 1969 899 2028; x_wconf 90' lang='lat' dir='ltr'>est</span> <span class='ocrx_word' id='word_1_120' title='bbox 943 1960 1072 2025; x_wconf 89' lang='lat' dir='ltr'>Dei</span> <span class='ocrx_word' id='word_1_121' title='bbox 1114 1959 1346 2043; x_wconf 89' lang='lat' dir='ltr'>gratia,</span> <span class='ocrx_word' id='word_1_122' title='bbox 1393 1967 1468 2023; x_wconf 89' lang='lat' dir='ltr'>ut</span> <span class='ocrx_word' id='word_1_123' title='bbox 1510 1980 1594 2023; x_wconf 81' lang='lat' dir='ltr'>ex</span> <span class='ocrx_word' id='word_1_124' title='bbox 1637 1978 1714 2023; x_wconf 91' lang='lat' dir='ltr'>eo</span> <span class='ocrx_word' id='word_1_125' title='bbox 1757 1966 2048 2042; x_wconf 88' lang='lat' dir='ltr'>tempore</span> <span class='ocrx_word' id='word_1_126' title='bbox 2093 1959 2357 2024; x_wconf 90' lang='lat' dir='ltr'>nonnisi</span> <span class='ocrx_word' id='word_1_127' title='bbox 2402 1980 2600 2044; x_wconf 81' lang='lat' dir='ltr'>aegre</span> 
     </span>
     <span class='ocr_line' id='line_1_19' title="bbox 646 2042 2601 2128; baseline -0.002 -16"><span class='ocrx_word' id='word_1_128' title='bbox 646 2070 687 2113; x_wconf 91' lang='lat' dir='ltr'>a</span> <span class='ocrx_word' id='word_1_129' title='bbox 725 2046 970 2111; x_wconf 80' lang='lat' dir='ltr'>Farelli</span> <span class='ocrx_word' id='word_1_130' title='bbox 1004 2045 1322 2128; x_wconf 90' lang='lat' dir='ltr'>colloquio</span> <span class='ocrx_word' id='word_1_131' title='bbox 1358 2063 1433 2109; x_wconf 90' lang='lat' dir='ltr'>ac</span> <span class='ocrx_word' id='word_1_132' title='bbox 1476 2043 1679 2109; x_wconf 89' lang='lat' dir='ltr'>latere</span> <span class='ocrx_word' id='word_1_133' title='bbox 1715 2054 1933 2126; x_wconf 85' lang='lat' dir='ltr'>posset</span> <span class='ocrx_word' id='word_1_134' title='bbox 1970 2042 2319 2110; x_wconf 87' lang='lat' dir='ltr'>discedere.</span> <span class='ocrx_word' id='word_1_135' title='bbox 2387 2046 2601 2109; x_wconf 77' lang='lat' dir='ltr'>Tanta</span> 
     </span>
     <span class='ocr_line' id='line_1_20' title="bbox 641 2129 2601 2216; baseline -0.002 -17"><span class='ocrx_word' id='word_1_136' title='bbox 641 2134 912 2216; x_wconf 90' lang='lat' dir='ltr'>insuper</span> <span class='ocrx_word' id='word_1_137' title='bbox 951 2131 1366 2197; x_wconf 85' lang='lat' dir='ltr'>vehementia</span> <span class='ocrx_word' id='word_1_138' title='bbox 1421 2131 1492 2194; x_wconf 89' lang='lat' dir='ltr'>in</span> <span class='ocrx_word' id='word_1_139' title='bbox 1536 2129 1885 2214; x_wconf 88' lang='lat' dir='ltr'>sacrilegos</span> <span class='ocrx_word' id='word_1_140' title='bbox 1940 2138 2198 2195; x_wconf 88' lang='lat' dir='ltr'>nostros</span> <span class='ocrx_word' id='word_1_141' title='bbox 2250 2130 2601 2196; x_wconf 85' lang='lat' dir='ltr'>vociferari</span> 
     </span>
     <span class='ocr_line' id='line_1_21' title="bbox 643 2214 2598 2302; baseline -0.001 -19"><span class='ocrx_word' id='word_1_142' title='bbox 643 2220 874 2302; x_wconf 88' lang='lat' dir='ltr'>coepit,</span> <span class='ocrx_word' id='word_1_143' title='bbox 922 2226 995 2282; x_wconf 91' lang='lat' dir='ltr'>ut</span> <span class='ocrx_word' id='word_1_144' title='bbox 1039 2218 1162 2283; x_wconf 90' lang='lat' dir='ltr'>hac</span> <span class='ocrx_word' id='word_1_145' title='bbox 1205 2218 1274 2282; x_wconf 92' lang='lat' dir='ltr'>in</span> <span class='ocrx_word' id='word_1_146' title='bbox 1318 2224 1504 2299; x_wconf 88' lang='lat' dir='ltr'>parte</span> <span class='ocrx_word' id='word_1_147' title='bbox 1542 2214 1791 2281; x_wconf 82' lang='lat' dir='ltr'>Farello</span> <span class='ocrx_word' id='word_1_148' title='bbox 1826 2214 2036 2280; x_wconf 91' lang='lat' dir='ltr'>nihilo</span> <span class='ocrx_word' id='word_1_149' title='bbox 2080 2216 2353 2280; x_wconf 83' lang='lat' dir='ltr'>inferior</span> <span class='ocrx_word' id='word_1_150' title='bbox 2396 2216 2598 2282; x_wconf 89' lang='lat' dir='ltr'>habe·</span> 
     </span>
     <span class='ocr_line' id='line_1_22' title="bbox 641 2300 2597 2387; baseline -0.001 -18"><span class='ocrx_word' id='word_1_151' title='bbox 641 2314 843 2370; x_wconf 87' lang='lat' dir='ltr'>retur.</span> <span class='ocrx_word' id='word_1_152' title='bbox 867 2308 923 2378; x_wconf 64' lang='grc' dir='ltr'>Β)</span> <span class='ocrx_word' id='word_1_153' title='bbox 1010 2301 1409 2386; x_wconf 77' lang='lat' dir='ltr'>Quanquam</span> <span class='ocrx_word' id='word_1_154' title='bbox 1454 2311 1519 2366; x_wconf 90' lang='lat' dir='ltr'>et</span> <span class='ocrx_word' id='word_1_155' title='bbox 1561 2300 1628 2365; x_wconf 92' lang='lat' dir='ltr'>id</span> <span class='ocrx_word' id='word_1_156' title='bbox 1665 2311 1861 2366; x_wconf 86' lang='lat' dir='ltr'>antea</span> <span class='ocrx_word' id='word_1_157' title='bbox 1899 2301 2196 2379; x_wconf 86' lang='lat' dir='ltr'>faciebat,</span> <span class='ocrx_word' id='word_1_158' title='bbox 2241 2300 2357 2366; x_wconf 92' lang='lat' dir='ltr'>sed</span> <span class='ocrx_word' id='word_1_159' title='bbox 2400 2300 2597 2387; x_wconf 90' lang='lat' dir='ltr'>longe</span> 
     </span>
     <span class='ocr_line' id='line_1_23' title="bbox 641 2386 2599 2473; baseline -0.002 -18"><span class='ocrx_word' id='word_1_160' title='bbox 641 2389 889 2473; x_wconf 88' lang='lat' dir='ltr'>dispari</span> <span class='ocrx_word' id='word_1_161' title='bbox 931 2389 1359 2455; x_wconf 88' lang='lat' dir='ltr'>contentione.</span> <span class='ocrx_word' id='word_1_162' title='bbox 1448 2386 1665 2471; x_wconf 86' lang='lat' dir='ltr'>Igitur</span> <span class='ocrx_word' id='word_1_163' title='bbox 1707 2387 1932 2452; x_wconf 88' lang='lat' dir='ltr'>morbo</span> <span class='ocrx_word' id='word_1_164' title='bbox 1976 2398 2312 2471; x_wconf 89' lang='lat' dir='ltr'>correptus</span> <span class='ocrx_word' id='word_1_165' title='bbox 2353 2388 2480 2453; x_wconf 89' lang='lat' dir='ltr'>scri</span> <span class='ocrx_word' id='word_1_166' title='bbox 2531 2397 2599 2452; x_wconf 87' lang='lat' dir='ltr'>ta</span> 
     </span>
     <span class='ocr_line' id='line_1_24' title="bbox 642 2472 2596 2560; baseline -0.002 -19"><span class='ocrx_word' id='word_1_167' title='bbox 642 2475 960 2560; x_wconf 86' lang='lat' dir='ltr'>quaedam</span> <span class='ocrx_word' id='word_1_168' title='bbox 1006 2473 1351 2555; x_wconf 85' lang='lat' dir='ltr'>permulta,</span> <span class='ocrx_word' id='word_1_169' title='bbox 1398 2494 1564 2557; x_wconf 91' lang='lat' dir='ltr'>quae</span> <span class='ocrx_word' id='word_1_170' title='bbox 1607 2474 1766 2555; x_wconf 88' lang='lat' dir='ltr'>ipse,</span> <span class='ocrx_word' id='word_1_171' title='bbox 1827 2481 1902 2536; x_wconf 88' lang='lat' dir='ltr'>ut</span> <span class='ocrx_word' id='word_1_172' title='bbox 1944 2473 2287 2553; x_wconf 85' lang='lat' dir='ltr'>fatebatur,</span> <span class='ocrx_word' id='word_1_173' title='bbox 2333 2472 2406 2537; x_wconf 91' lang='lat' dir='ltr'>in</span> <span class='ocrx_word' id='word_1_174' title='bbox 2547 2473 2596 2538; x_wconf 86' lang='lat' dir='ltr'>l-</span> 
     </span>
     <span class='ocr_line' id='line_1_25' title="bbox 638 2557 2599 2642; baseline -0.002 -16"><span class='ocrx_word' id='word_1_175' title='bbox 638 2564 858 2626; x_wconf 76' lang='lat' dir='ltr'>vinum</span> <span class='ocrx_word' id='word_1_176' title='bbox 921 2559 1129 2624; x_wconf 88' lang='lat' dir='ltr'>multo</span> <span class='ocrx_word' id='word_1_177' title='bbox 1197 2568 1349 2624; x_wconf 91' lang='lat' dir='ltr'>ante</span> <span class='ocrx_word' id='word_1_178' title='bbox 1414 2572 1708 2641; x_wconf 86' lang='lat' dir='ltr'>tempore</span> <span class='ocrx_word' id='word_1_179' title='bbox 1765 2557 2341 2642; x_wconf 87' lang='lat' dir='ltr'>conscripserat,⁴)</span> <span class='ocrx_word' id='word_1_180' title='bbox 2407 2559 2599 2624; x_wconf 87' lang='lat' dir='ltr'>iussit</span> 
     </span>
     <span class='ocr_line' id='line_1_26' title="bbox 641 2643 2595 2731; baseline -0.002 -20"><span class='ocrx_word' id='word_1_181' title='bbox 641 2656 796 2712; x_wconf 88' lang='lat' dir='ltr'>ante</span> <span class='ocrx_word' id='word_1_182' title='bbox 837 2668 987 2711; x_wconf 89' lang='lat' dir='ltr'>suos</span> <span class='ocrx_word' id='word_1_183' title='bbox 1031 2643 1252 2710; x_wconf 91' lang='lat' dir='ltr'>oculos</span> <span class='ocrx_word' id='word_1_184' title='bbox 1310 2645 1729 2721; x_wconf 91' lang='lat' dir='ltr'>concremari,</span> <span class='ocrx_word' id='word_1_185' title='bbox 1777 2664 1975 2726; x_wconf 91' lang='lat' dir='ltr'>opera</span> <span class='ocrx_word' id='word_1_186' title='bbox 2018 2666 2178 2709; x_wconf 89' lang='lat' dir='ltr'>usus</span> <span class='ocrx_word' id='word_1_187' title='bbox 2214 2645 2521 2710; x_wconf 78' lang='lat' dir='ltr'>Ludovici</span> <span class='ocrx_word' id='word_1_188' title='bbox 2538 2644 2595 2731; x_wconf 79' lang='lat'>⁵)</span> 
     </span>
     <span class='ocr_line' id='line_1_27' title="bbox 638 2727 2596 2797; baseline -0.001 0"><span class='ocrx_word' id='word_1_189' title='bbox 638 2732 862 2797; x_wconf 80' lang='lat' dir='ltr'>fratris</span> <span class='ocrx_word' id='word_1_190' title='bbox 907 2732 1115 2796; x_wconf 88' lang='lat' dir='ltr'>nostri</span> <span class='ocrx_word' id='word_1_191' title='bbox 1162 2730 1445 2796; x_wconf 88' lang='lat' dir='ltr'>diaconi:</span> <span class='ocrx_word' id='word_1_192' title='bbox 1494 2727 1740 2794; x_wconf 91' lang='lat' dir='ltr'>addens</span> <span class='ocrx_word' id='word_1_193' title='bbox 1784 2730 1960 2794; x_wconf 92' lang='lat' dir='ltr'>nolle</span> <span class='ocrx_word' id='word_1_194' title='bbox 2005 2728 2209 2795; x_wconf 90' lang='lat' dir='ltr'>ullam</span> <span class='ocrx_word' id='word_1_195' title='bbox 2253 2730 2596 2797; x_wconf 90' lang='lat' dir='ltr'>ecclesiam</span> 
     </span>
     <span class='ocr_line' id='line_1_28' title="bbox 636 2815 2598 2900; baseline -0.001 -18"><span class='ocrx_word' id='word_1_196' title='bbox 636 2816 947 2883; x_wconf 89' lang='lat' dir='ltr'>turbandi</span> <span class='ocrx_word' id='word_1_197' title='bbox 990 2817 1334 2882; x_wconf 86' lang='lat' dir='ltr'>materiam</span> <span class='ocrx_word' id='word_1_198' title='bbox 1377 2824 1528 2900; x_wconf 93' lang='lat' dir='ltr'>post</span> <span class='ocrx_word' id='word_1_199' title='bbox 1568 2815 1816 2881; x_wconf 91' lang='lat' dir='ltr'>obitum</span> <span class='ocrx_word' id='word_1_200' title='bbox 1860 2837 2055 2883; x_wconf 91' lang='lat' dir='ltr'>suum</span> <span class='ocrx_word' id='word_1_201' title='bbox 2089 2817 2391 2900; x_wconf 85' lang='lat' dir='ltr'>relinqui.</span> <span class='ocrx_word' id='word_1_202' title='bbox 2460 2816 2598 2881; x_wconf 90' lang='lat' dir='ltr'>De-</span> 
     </span>
     <span class='ocr_line' id='line_1_29' title="bbox 637 2899 2595 2986; baseline -0.001 -17"><span class='ocrx_word' id='word_1_203' title='bbox 637 2903 792 2969; x_wconf 92' lang='lat' dir='ltr'>inde</span> <span class='ocrx_word' id='word_1_204' title='bbox 858 2925 1060 2986; x_wconf 92' lang='lat' dir='ltr'>quum</span> <span class='ocrx_word' id='word_1_205' title='bbox 1123 2903 1289 2967; x_wconf 88' lang='lat' dir='ltr'>miro</span> <span class='ocrx_word' id='word_1_206' title='bbox 1355 2908 1699 2969; x_wconf 88' lang='lat' dir='ltr'>teneretur</span> <span class='ocrx_word' id='word_1_207' title='bbox 1765 2899 2085 2966; x_wconf 91' lang='lat' dir='ltr'>desiderio</span> <span class='ocrx_word' id='word_1_208' title='bbox 2141 2922 2263 2966; x_wconf 93' lang='lat' dir='ltr'>nos</span> <span class='ocrx_word' id='word_1_209' title='bbox 2317 2901 2595 2985; x_wconf 88' lang='lat' dir='ltr'>publice,</span> 
     </span>
     <span class='ocr_line' id='line_1_30' title="bbox 637 2984 2596 3072; baseline -0.002 -17"><span class='ocrx_word' id='word_1_210' title='bbox 637 2999 753 3055; x_wconf 91' lang='lat' dir='ltr'>aut</span> <span class='ocrx_word' id='word_1_211' title='bbox 785 2989 1098 3072; x_wconf 87' lang='lat' dir='ltr'>privatim</span> <span class='ocrx_word' id='word_1_212' title='bbox 1140 2987 1372 3053; x_wconf 91' lang='lat' dir='ltr'>saltem</span> <span class='ocrx_word' id='word_1_213' title='bbox 1407 2984 1740 3053; x_wconf 78' lang='lat' dir='ltr'>Farellum</span> <span class='ocrx_word' id='word_1_214' title='bbox 1774 2985 2164 3069; x_wconf 89' lang='lat' dir='ltr'>alloquendi,</span> <span class='ocrx_word' id='word_1_215' title='bbox 2212 3000 2276 3052; x_wconf 91' lang='lat' dir='ltr'>et</span> <span class='ocrx_word' id='word_1_216' title='bbox 2318 2988 2596 3054; x_wconf 90' lang='lat' dir='ltr'>nuncios</span> 
     </span>
     <span class='ocr_line' id='line_1_31' title="bbox 637 3072 2596 3158; baseline -0.002 -16"><span class='ocrx_word' id='word_1_217' title='bbox 637 3098 757 3142; x_wconf 92' lang='lat' dir='ltr'>nos</span> <span class='ocrx_word' id='word_1_218' title='bbox 810 3080 1216 3142; x_wconf 82' lang='lat' dir='ltr'>accersentes</span> <span class='ocrx_word' id='word_1_219' title='bbox 1273 3073 1482 3139; x_wconf 91' lang='lat' dir='ltr'>alium</span> <span class='ocrx_word' id='word_1_220' title='bbox 1529 3094 1729 3158; x_wconf 90' lang='lat' dir='ltr'>super</span> <span class='ocrx_word' id='word_1_221' title='bbox 1782 3072 1987 3139; x_wconf 86' lang='lat' dir='ltr'>alium</span> <span class='ocrx_word' id='word_1_222' title='bbox 2041 3074 2425 3153; x_wconf 84' lang='lat' dir='ltr'>missitaret,</span> <span class='ocrx_word' id='word_1_223' title='bbox 2484 3074 2596 3141; x_wconf 91' lang='lat' dir='ltr'>ubi</span> 
     </span>
     <span class='ocr_line' id='line_1_32' title="bbox 639 3158 2596 3244; baseline -0.002 -16"><span class='ocrx_word' id='word_1_224' title='bbox 639 3161 902 3228; x_wconf 88' lang='lat' dir='ltr'>tandem</span> <span class='ocrx_word' id='word_1_225' title='bbox 948 3182 1032 3226; x_wconf 85' lang='lat' dir='ltr'>ex</span> <span class='ocrx_word' id='word_1_226' title='bbox 1078 3158 1266 3224; x_wconf 92' lang='lat' dir='ltr'>nobis</span> <span class='ocrx_word' id='word_1_227' title='bbox 1313 3159 1563 3244; x_wconf 86' lang='lat' dir='ltr'>aliquot</span> <span class='ocrx_word' id='word_1_228' title='bbox 1596 3159 1826 3225; x_wconf 88' lang='lat' dir='ltr'>adesse</span> <span class='ocrx_word' id='word_1_229' title='bbox 1870 3161 2096 3240; x_wconf 90' lang='lat' dir='ltr'>sensit,</span> <span class='ocrx_word' id='word_1_230' title='bbox 2139 3161 2230 3226; x_wconf 89' lang='lat' dir='ltr'>ibi</span> <span class='ocrx_word' id='word_1_231' title='bbox 2264 3181 2596 3226; x_wconf 88' lang='lat' dir='ltr'>commen-</span> 
     </span>
     <span class='ocr_line' id='line_1_33' title="bbox 637 3245 2593 3331; baseline -0.002 -16"><span class='ocrx_word' id='word_1_232' title='bbox 637 3248 793 3315; x_wconf 88' lang='lat' dir='ltr'>data</span> <span class='ocrx_word' id='word_1_233' title='bbox 837 3268 1032 3331; x_wconf 90' lang='lat' dir='ltr'>quam</span> <span class='ocrx_word' id='word_1_234' title='bbox 1089 3245 1376 3311; x_wconf 82' lang='lat' dir='ltr'>maxime</span> <span class='ocrx_word' id='word_1_235' title='bbox 1429 3246 1571 3310; x_wconf 89' lang='lat' dir='ltr'>fieri</span> <span class='ocrx_word' id='word_1_236' title='bbox 1628 3253 1887 3328; x_wconf 90' lang='lat' dir='ltr'>poterat</span> <span class='ocrx_word' id='word_1_237' title='bbox 1938 3246 2360 3312; x_wconf 88' lang='lat' dir='ltr'>ecclesiarum</span> <span class='ocrx_word' id='word_1_238' title='bbox 2419 3267 2593 3326; x_wconf 91' lang='lat' dir='ltr'>cura,</span> 
     </span>
     <span class='ocr_line' id='line_1_34' title="bbox 635 3330 2595 3417; baseline -0.001 -18"><span class='ocrx_word' id='word_1_239' title='bbox 635 3355 758 3400; x_wconf 90' lang='lat' dir='ltr'>nec</span> <span class='ocrx_word' id='word_1_240' title='bbox 798 3334 939 3398; x_wconf 91' lang='lat' dir='ltr'>sine</span> <span class='ocrx_word' id='word_1_241' title='bbox 982 3331 1365 3417; x_wconf 84' lang='lat' dir='ltr'>ingentibus</span> <span class='ocrx_word' id='word_1_242' title='bbox 1405 3331 1704 3413; x_wconf 88' lang='lat' dir='ltr'>suspiriis</span> <span class='ocrx_word' id='word_1_243' title='bbox 1747 3351 1975 3415; x_wconf 86' lang='lat' dir='ltr'>preces</span> <span class='ocrx_word' id='word_1_244' title='bbox 2019 3338 2088 3396; x_wconf 93' lang='lat' dir='ltr'>et</span> <span class='ocrx_word' id='word_1_245' title='bbox 2128 3334 2271 3415; x_wconf 92' lang='lat' dir='ltr'>ipse</span> <span class='ocrx_word' id='word_1_246' title='bbox 2312 3330 2595 3398; x_wconf 84' lang='lat' dir='ltr'>fundens</span> 
     </span>
     <span class='ocr_line' id='line_1_35' title="bbox 632 3416 2595 3501; baseline -0.002 -15"><span class='ocrx_word' id='word_1_247' title='bbox 632 3419 719 3487; x_wconf 93' lang='lat' dir='ltr'>ad</span> <span class='ocrx_word' id='word_1_248' title='bbox 769 3420 990 3484; x_wconf 92' lang='lat' dir='ltr'>Deum</span> <span class='ocrx_word' id='word_1_249' title='bbox 1047 3438 1167 3500; x_wconf 88' lang='lat' dir='ltr'>pro</span> <span class='ocrx_word' id='word_1_250' title='bbox 1225 3436 1450 3482; x_wconf 86' lang='lat' dir='ltr'>earum</span> <span class='ocrx_word' id='word_1_251' title='bbox 1495 3416 1945 3482; x_wconf 86' lang='lat' dir='ltr'>incolumitate</span> <span class='ocrx_word' id='word_1_252' title='bbox 1990 3419 2482 3501; x_wconf 84' lang='lat' dir='ltr'>constantiaque</span> <span class='ocrx_word' id='word_1_253' title='bbox 2524 3417 2595 3483; x_wconf 90' lang='lat' dir='ltr'>in</span> 
     </span>
     <span class='ocr_line' id='line_1_36' title="bbox 631 3501 2596 3585; baseline -0.002 -13"><span class='ocrx_word' id='word_1_254' title='bbox 631 3504 793 3572; x_wconf 90' lang='lat' dir='ltr'>fide:</span> <span class='ocrx_word' id='word_1_255' title='bbox 839 3502 1112 3568; x_wconf 89' lang='lat' dir='ltr'>mandat</span> <span class='ocrx_word' id='word_1_256' title='bbox 1153 3501 1458 3585; x_wconf 90' lang='lat' dir='ltr'>inprimis</span> <span class='ocrx_word' id='word_1_257' title='bbox 1492 3511 1568 3567; x_wconf 91' lang='lat' dir='ltr'>ut</span> <span class='ocrx_word' id='word_1_258' title='bbox 1609 3502 1772 3569; x_wconf 86' lang='lat' dir='ltr'>haec</span> <span class='ocrx_word' id='word_1_259' title='bbox 1815 3502 2273 3569; x_wconf 90' lang='lat' dir='ltr'>Neocomensis</span> <span class='ocrx_word' id='word_1_260' title='bbox 2315 3523 2437 3569; x_wconf 90' lang='lat' dir='ltr'>suo</span> <span class='ocrx_word' id='word_1_261' title='bbox 2480 3523 2596 3568; x_wconf 91' lang='lat' dir='ltr'>no-</span> 
     </span>
     <span class='ocr_line' id='line_1_37' title="bbox 631 3586 2591 3673; baseline -0.002 -16"><span class='ocrx_word' id='word_1_262' title='bbox 631 3593 811 3657; x_wconf 91' lang='lat' dir='ltr'>mine</span> <span class='ocrx_word' id='word_1_263' title='bbox 871 3589 1054 3673; x_wconf 90' lang='lat' dir='ltr'>pacis</span> <span class='ocrx_word' id='word_1_264' title='bbox 1115 3586 1625 3670; x_wconf 88' lang='lat' dir='ltr'>concordiaeque</span> <span class='ocrx_word' id='word_1_265' title='bbox 1699 3587 2046 3672; x_wconf 87' lang='lat' dir='ltr'>diligenter</span> <span class='ocrx_word' id='word_1_266' title='bbox 2111 3589 2591 3668; x_wconf 89' lang='lat' dir='ltr'>admoneretur,</span> 
     </span>
     <span class='ocr_line' id='line_1_38' title="bbox 634 3671 2591 3760; baseline -0.002 -18"><span class='ocrx_word' id='word_1_267' title='bbox 634 3686 830 3760; x_wconf 89' lang='lat' dir='ltr'>atque</span> <span class='ocrx_word' id='word_1_268' title='bbox 872 3681 948 3740; x_wconf 93' lang='lat' dir='ltr'>ut</span> <span class='ocrx_word' id='word_1_269' title='bbox 991 3695 1198 3739; x_wconf 88' lang='lat' dir='ltr'>unum</span> <span class='ocrx_word' id='word_1_270' title='bbox 1256 3675 1331 3738; x_wconf 91' lang='lat' dir='ltr'>in</span> <span class='ocrx_word' id='word_1_271' title='bbox 1374 3671 1640 3740; x_wconf 82' lang='lat' dir='ltr'>Christo</span> <span class='ocrx_word' id='word_1_272' title='bbox 1696 3693 1932 3757; x_wconf 91' lang='lat' dir='ltr'>corpus</span> <span class='ocrx_word' id='word_1_273' title='bbox 1976 3683 2165 3754; x_wconf 88' lang='lat' dir='ltr'>esset,</span> <span class='ocrx_word' id='word_1_274' title='bbox 2202 3684 2345 3740; x_wconf 90' lang='lat' dir='ltr'>tum</span> <span class='ocrx_word' id='word_1_275' title='bbox 2390 3675 2591 3740; x_wconf 89' lang='lat' dir='ltr'>etiam</span> 
     </span>
     <span class='ocr_line' id='line_1_39' title="bbox 632 3758 2594 3840; baseline -0.002 -12"><span class='ocrx_word' id='word_1_276' title='bbox 632 3769 710 3828; x_wconf 90' lang='lat' dir='ltr'>ut</span> <span class='ocrx_word' id='word_1_277' title='bbox 752 3783 873 3828; x_wconf 86' lang='lat' dir='ltr'>sua</span> <span class='ocrx_word' id='word_1_278' title='bbox 912 3759 1222 3825; x_wconf 89' lang='lat' dir='ltr'>ecclesiae</span> <span class='ocrx_word' id='word_1_279' title='bbox 1265 3759 1440 3826; x_wconf 90' lang='lat' dir='ltr'>bona</span> <span class='ocrx_word' id='word_1_280' title='bbox 1481 3758 1890 3825; x_wconf 88' lang='lat' dir='ltr'>restituenda</span> <span class='ocrx_word' id='word_1_281' title='bbox 1948 3769 2240 3840; x_wconf 86' lang='lat' dir='ltr'>curaret,</span> <span class='ocrx_word' id='word_1_282' title='bbox 2300 3767 2594 3828; x_wconf 85' lang='lat' dir='ltr'>caveret-</span> 
     </span>
     <span class='ocr_line' id='line_1_40' title="bbox 631 3844 2591 3931; baseline 0.001 -19"><span class='ocrx_word' id='word_1_283' title='bbox 631 3868 758 3931; x_wconf 92' lang='lat' dir='ltr'>que</span> <span class='ocrx_word' id='word_1_284' title='bbox 801 3865 1036 3911; x_wconf 89' lang='lat' dir='ltr'>manus</span> <span class='ocrx_word' id='word_1_285' title='bbox 1079 3865 1234 3911; x_wconf 89' lang='lat' dir='ltr'>suas</span> <span class='ocrx_word' id='word_1_286' title='bbox 1276 3844 1723 3927; x_wconf 88' lang='lat' dir='ltr'>impurissimo</span> <span class='ocrx_word' id='word_1_287' title='bbox 1781 3845 2445 3929; x_wconf 87' lang='lat' dir='ltr'>sclereratissimoque</span> <span class='ocrx_word' id='word_1_288' title='bbox 2487 3869 2591 3913; x_wconf 88' lang='lat' dir='ltr'>sa·</span> 
     </span>
     <span class='ocr_line' id='line_1_41' title="bbox 636 3930 2593 4018; baseline 0.001 -21"><span class='ocrx_word' id='word_1_289' title='bbox 636 3933 901 4018; x_wconf 90' lang='lat' dir='ltr'>crilegio</span> <span class='ocrx_word' id='word_1_290' title='bbox 946 3931 1413 3997; x_wconf 88' lang='lat' dir='ltr'>contaminare.</span> <span class='ocrx_word' id='word_1_291' title='bbox 1503 3930 1746 3996; x_wconf 91' lang='lat' dir='ltr'>Postea</span> <span class='ocrx_word' id='word_1_292' title='bbox 1789 3932 2048 4015; x_wconf 82' lang='lat' dir='ltr'>rogavit</span> <span class='ocrx_word' id='word_1_293' title='bbox 2089 3941 2169 3998; x_wconf 90' lang='lat' dir='ltr'>ut</span> <span class='ocrx_word' id='word_1_294' title='bbox 2216 3931 2472 3998; x_wconf 74' lang='lat' dir='ltr'>Calvino</span> <span class='ocrx_word' id='word_1_295' title='bbox 2516 3955 2593 3999; x_wconf 90' lang='lat' dir='ltr'>ac</span> 
     </span>
     <span class='ocr_line' id='line_1_42' title="bbox 651 4015 2592 4102; baseline 0 -18"><span class='ocrx_word' id='word_1_296' title='bbox 651 4018 860 4084; x_wconf 62' lang='lat' dir='ltr'>Via-eto</span> <span class='ocrx_word' id='word_1_297' title='bbox 903 4017 1192 4102; x_wconf 91' lang='lat' dir='ltr'>plurima</span> <span class='ocrx_word' id='word_1_298' title='bbox 1235 4037 1321 4080; x_wconf 82' lang='lat' dir='ltr'>ex</span> <span class='ocrx_word' id='word_1_299' title='bbox 1365 4036 1435 4080; x_wconf 90' lang='lat' dir='ltr'>se</span> <span class='ocrx_word' id='word_1_300' title='bbox 1479 4015 1657 4082; x_wconf 87' lang='lat' dir='ltr'>salus</span> <span class='ocrx_word' id='word_1_301' title='bbox 1693 4015 2036 4082; x_wconf 89' lang='lat' dir='ltr'>diceretur.</span> <span class='ocrx_word' id='word_1_302' title='bbox 2126 4017 2288 4083; x_wconf 80' lang='lat' dir='ltr'>Mox</span> <span class='ocrx_word' id='word_1_303' title='bbox 2331 4019 2592 4084; x_wconf 87' lang='lat' dir='ltr'>veniam</span> 
     </span>
     <span class='ocr_line' id='line_1_43' title="bbox 634 4101 2594 4189; baseline -0.001 -18"><span class='ocrx_word' id='word_1_304' title='bbox 634 4105 846 4189; x_wconf 89' lang='lat' dir='ltr'>coepit</span> <span class='ocrx_word' id='word_1_305' title='bbox 888 4104 1148 4187; x_wconf 91' lang='lat' dir='ltr'>precari</span> <span class='ocrx_word' id='word_1_306' title='bbox 1193 4108 1292 4166; x_wconf 88' lang='lat' dir='ltr'>tot</span> <span class='ocrx_word' id='word_1_307' title='bbox 1337 4101 1442 4186; x_wconf 87' lang='lat' dir='ltr'>(ut</span> <span class='ocrx_word' id='word_1_308' title='bbox 1482 4102 1622 4185; x_wconf 91' lang='lat' dir='ltr'>ipse</span> <span class='ocrx_word' id='word_1_309' title='bbox 1666 4101 1949 4186; x_wconf 92' lang='lat' dir='ltr'>dicebat)</span> <span class='ocrx_word' id='word_1_310' title='bbox 1996 4103 2318 4169; x_wconf 88' lang='lat' dir='ltr'>malorum</span> <span class='ocrx_word' id='word_1_311' title='bbox 2360 4106 2594 4187; x_wconf 89' lang='lat' dir='ltr'>quibus</span> 
     </span>
     <span class='ocr_line' id='line_1_44' title="bbox 633 4187 2592 4272; baseline 0 -17"><span class='ocrx_word' id='word_1_312' title='bbox 633 4211 753 4255; x_wconf 95' lang='lat' dir='ltr'>nos</span> <span class='ocrx_word' id='word_1_313' title='bbox 818 4189 974 4258; x_wconf 83' lang='lat' dir='ltr'>olim</span> <span class='ocrx_word' id='word_1_314' title='bbox 1027 4187 1369 4254; x_wconf 85' lang='lat' dir='ltr'>affecisset.</span> <span class='ocrx_word' id='word_1_315' title='bbox 1460 4187 1808 4254; x_wconf 89' lang='lat' dir='ltr'>Postremo</span> <span class='ocrx_word' id='word_1_316' title='bbox 1867 4211 2067 4272; x_wconf 91' lang='lat' dir='ltr'>quum</span> <span class='ocrx_word' id='word_1_317' title='bbox 2123 4199 2592 4256; x_wconf 88' lang='lat' dir='ltr'>testamentum</span> 
     </span>
     <span class='ocr_line' id='line_1_45' title="bbox 633 4272 2597 4360; baseline 0 -19"><span class='ocrx_word' id='word_1_318' title='bbox 633 4272 978 4354; x_wconf 87' lang='lat' dir='ltr'>conderet,</span> <span class='ocrx_word' id='word_1_319' title='bbox 1038 4274 1118 4338; x_wconf 92' lang='lat' dir='ltr'>de</span> <span class='ocrx_word' id='word_1_320' title='bbox 1180 4274 1285 4338; x_wconf 86' lang='lat' dir='ltr'>Au</span> <span class='ocrx_word' id='word_1_321' title='bbox 1384 4273 1540 4338; x_wconf 89' lang='lat' dir='ltr'>stini</span> <span class='ocrx_word' id='word_1_322' title='bbox 1597 4273 1958 4353; x_wconf 91' lang='lat' dir='ltr'>codicibus,</span> <span class='ocrx_word' id='word_1_323' title='bbox 2034 4276 2144 4358; x_wconf 91' lang='lat' dir='ltr'>qui</span> <span class='ocrx_word' id='word_1_324' title='bbox 2212 4276 2360 4343; x_wconf 91' lang='lat' dir='ltr'>istic</span> <span class='ocrx_word' id='word_1_325' title='bbox 2422 4275 2597 4360; x_wconf 83' lang='lat' dir='ltr'>apud</span> 
     </span>
     <span class='ocr_line' id='line_1_46' title="bbox 630 4359 2592 4436; baseline 0 -8"><span class='ocrx_word' id='word_1_326' title='bbox 630 4362 1009 4428; x_wconf 79' lang='lat' dir='ltr'>Annonium</span> <span class='ocrx_word' id='word_1_327' title='bbox 1052 4368 1225 4436; x_wconf 92' lang='lat' dir='ltr'>sunt,</span> <span class='ocrx_word' id='word_1_328' title='bbox 1326 4359 1528 4424; x_wconf 80' lang='lat' dir='ltr'>alvini</span> <span class='ocrx_word' id='word_1_329' title='bbox 1587 4361 1794 4426; x_wconf 83' lang='lat' dir='ltr'>voluit</span> <span class='ocrx_word' id='word_1_330' title='bbox 1836 4360 2107 4426; x_wconf 85' lang='lat' dir='ltr'>arbitrio</span> <span class='ocrx_word' id='word_1_331' title='bbox 2153 4362 2592 4428; x_wconf 88' lang='lat' dir='ltr'>statuendum.</span> 
     </span>
     <span class='ocr_line' id='line_1_47' title="bbox 635 4442 2595 4515; baseline -0.001 0"><span class='ocrx_word' id='word_1_332' title='bbox 635 4447 845 4515; x_wconf 87' lang='lat' dir='ltr'>Ouius</span> <span class='ocrx_word' id='word_1_333' title='bbox 910 4446 1003 4511; x_wconf 92' lang='lat' dir='ltr'>rei</span> <span class='ocrx_word' id='word_1_334' title='bbox 1067 4465 1292 4510; x_wconf 92' lang='lat' dir='ltr'>curam</span> <span class='ocrx_word' id='word_1_335' title='bbox 1361 4442 1698 4512; x_wconf 78' lang='lat' dir='ltr'>Calvinum</span> <span class='ocrx_word' id='word_1_336' title='bbox 1762 4447 1983 4514; x_wconf 85' lang='lat' dir='ltr'>fratris</span> <span class='ocrx_word' id='word_1_337' title='bbox 2063 4448 2309 4514; x_wconf 85' lang='lat' dir='ltr'>mortui</span> <span class='ocrx_word' id='word_1_338' title='bbox 2354 4447 2595 4515; x_wconf 62' lang='lat' dir='ltr'>verbis</span> 
     </span>
     <span class='ocr_line' id='line_1_48' title="bbox 635 4530 2591 4616; baseline -0.001 -16"><span class='ocrx_word' id='word_1_339' title='bbox 635 4554 901 4600; x_wconf 86' lang='lat' dir='ltr'>oramus</span> <span class='ocrx_word' id='word_1_340' title='bbox 925 4541 996 4595; x_wconf 91' lang='lat' dir='ltr'>ut</span> <span class='ocrx_word' id='word_1_341' title='bbox 1020 4531 1353 4613; x_wconf 87' lang='lat' dir='ltr'>suscipiat,</span> <span class='ocrx_word' id='word_1_342' title='bbox 1391 4530 1802 4616; x_wconf 88' lang='lat' dir='ltr'>libenterque</span> <span class='ocrx_word' id='word_1_343' title='bbox 1827 4533 2158 4598; x_wconf 88' lang='lat' dir='ltr'>facturum</span> <span class='ocrx_word' id='word_1_344' title='bbox 2183 4533 2591 4599; x_wconf 86' lang='lat' dir='ltr'>confidimus.</span> 
     </span>
     <span class='ocr_line' id='line_1_49' title="bbox 633 4616 2595 4700; baseline -0.001 -14"><span class='ocrx_word' id='word_1_345' title='bbox 633 4620 774 4686; x_wconf 90' lang='lat' dir='ltr'>Nec</span> <span class='ocrx_word' id='word_1_346' title='bbox 819 4628 920 4685; x_wconf 89' lang='lat' dir='ltr'>est</span> <span class='ocrx_word' id='word_1_347' title='bbox 963 4616 1225 4684; x_wconf 90' lang='lat' dir='ltr'>silentio</span> <span class='ocrx_word' id='word_1_348' title='bbox 1270 4616 1851 4700; x_wconf 86' lang='lat' dir='ltr'>praetereundum,</span> <span class='ocrx_word' id='word_1_349' title='bbox 1899 4618 2069 4700; x_wconf 91' lang='lat' dir='ltr'>quod</span> <span class='ocrx_word' id='word_1_350' title='bbox 2129 4620 2340 4686; x_wconf 90' lang='lat' dir='ltr'>bonus</span> <span class='ocrx_word' id='word_1_351' title='bbox 2387 4641 2595 4685; x_wconf 80' lang='lat' dir='ltr'>senex</span> 
     </span>
     <span class='ocr_line' id='line_1_50' title="bbox 637 4702 2592 4789; baseline 0.001 -18"><span class='ocrx_word' id='word_1_352' title='bbox 637 4713 849 4771; x_wconf 88' lang='lat' dir='ltr'>totum</span> <span class='ocrx_word' id='word_1_353' title='bbox 909 4703 1334 4788; x_wconf 90' lang='lat' dir='ltr'>quatriduum</span> <span class='ocrx_word' id='word_1_354' title='bbox 1392 4710 1547 4768; x_wconf 90' lang='lat' dir='ltr'>ante</span> <span class='ocrx_word' id='word_1_355' title='bbox 1591 4704 1823 4769; x_wconf 90' lang='lat' dir='ltr'>mortis</span> <span class='ocrx_word' id='word_1_356' title='bbox 1874 4703 2049 4769; x_wconf 91' lang='lat' dir='ltr'>diem</span> <span class='ocrx_word' id='word_1_357' title='bbox 2105 4702 2185 4769; x_wconf 91' lang='lat' dir='ltr'>de</span> <span class='ocrx_word' id='word_1_358' title='bbox 2241 4706 2367 4771; x_wconf 87' lang='lat' dir='ltr'>fide</span> <span class='ocrx_word' id='word_1_359' title='bbox 2385 4755 2400 4784; x_wconf 89' lang='lat'>,</span> <span class='ocrx_word' id='word_1_360' title='bbox 2459 4727 2592 4789; x_wconf 92' lang='lat' dir='ltr'>spe,</span> 
     </span>
     <span class='ocr_line' id='line_1_51' title="bbox 636 4788 2595 4873; baseline 0 -17"><span class='ocrx_word' id='word_1_361' title='bbox 636 4792 925 4870; x_wconf 86' lang='lat' dir='ltr'>caritate,</span> <span class='ocrx_word' id='word_1_362' title='bbox 970 4798 1036 4854; x_wconf 93' lang='lat' dir='ltr'>et</span> <span class='ocrx_word' id='word_1_363' title='bbox 1079 4789 1270 4855; x_wconf 90' lang='lat' dir='ltr'>unico</span> <span class='ocrx_word' id='word_1_364' title='bbox 1313 4788 1672 4855; x_wconf 86' lang='lat' dir='ltr'>mediatore</span> <span class='ocrx_word' id='word_1_365' title='bbox 1704 4789 1972 4857; x_wconf 81' lang='lat' dir='ltr'>Christo</span> <span class='ocrx_word' id='word_1_366' title='bbox 2017 4811 2223 4873; x_wconf 86' lang='lat' dir='ltr'>usque</span> <span class='ocrx_word' id='word_1_367' title='bbox 2268 4792 2595 4858; x_wconf 76' lang='lat' dir='ltr'>disseruit.</span> 
     </span>
    </p>
   </div>
   <div class='ocr_carea' id='block_1_4' title="bbox 871 4945 1049 4956">
    <p class='ocr_par' dir='ltr' id='par_1_4' title="bbox 871 4945 1049 4956">
     <span class='ocr_line' id='line_1_52' title="bbox 871 4945 1049 4956; baseline 0 1219"><span class='ocrx_word' id='word_1_368' title='bbox 871 4945 1049 4956; x_wconf 95' lang='lat' dir='ltr'> </span> 
     </span>
    </p>
   </div>
   <div class='ocr_carea' id='block_1_5' title="bbox 640 4951 836 4958">
    <p class='ocr_par' dir='ltr' id='par_1_5' title="bbox 640 4951 836 4958">
     <span class='ocr_line' id='line_1_53' title="bbox 640 4951 836 4958; baseline 0 1217"><span class='ocrx_word' id='word_1_369' title='bbox 640 4951 836 4958; x_wconf 95' lang='lat' dir='ltr'> </span> 
     </span>
    </p>
   </div>
   <div class='ocr_carea' id='block_1_6' title="bbox 657 5045 2409 5391">
    <p class='ocr_par' dir='ltr' id='par_1_6' title="bbox 657 5045 2409 5250">
     <span class='ocr_line' id='line_1_54' title="bbox 657 5045 2409 5116; baseline -0.001 -14"><span class='ocrx_word' id='word_1_370' title='bbox 657 5047 794 5102; x_wconf 83' lang='grc'><strong>787.</strong></span> <span class='ocrx_word' id='word_1_371' title='bbox 834 5047 890 5114; x_wconf 94' lang='grc'>1)</span> <span class='ocrx_word' id='word_1_372' title='bbox 939 5046 1075 5100; x_wconf 77' lang='lat' dir='ltr'>Vide</span> <span class='ocrx_word' id='word_1_373' title='bbox 1109 5046 1184 5099; x_wconf 91' lang='lat' dir='ltr'>N.</span> <span class='ocrx_word' id='word_1_374' title='bbox 1220 5045 1325 5099; x_wconf 82' lang='lat'>580</span> <span class='ocrx_word' id='word_1_375' title='bbox 1360 5052 1410 5099; x_wconf 79' lang='lat' dir='ltr'>et</span> <span class='ocrx_word' id='word_1_376' title='bbox 1445 5046 1590 5100; x_wconf 78' lang='lat' dir='ltr'>alias</span> <span class='ocrx_word' id='word_1_377' title='bbox 1624 5061 1743 5115; x_wconf 80' lang='lat' dir='ltr'>epp.</span> <span class='ocrx_word' id='word_1_378' title='bbox 1782 5050 2050 5116; x_wconf 61' lang='lat' dir='ltr'>vei-yemis</span> <span class='ocrx_word' id='word_1_379' title='bbox 2085 5049 2224 5103; x_wconf 77' lang='lat' dir='ltr'>anni</span> <span class='ocrx_word' id='word_1_380' title='bbox 2259 5046 2409 5103; x_wconf 81' lang='lat'>1544.</span> 
     </span>
     <span class='ocr_line' id='line_1_55' title="bbox 842 5113 1478 5183; baseline -0.003 -13"><span class='ocrx_word' id='word_1_381' title='bbox 842 5117 902 5183; x_wconf 81' lang='lat'>2)</span> <span class='ocrx_word' id='word_1_382' title='bbox 941 5116 1014 5170; x_wconf 89' lang='lat' dir='ltr'>N.</span> <span class='ocrx_word' id='word_1_383' title='bbox 1052 5114 1168 5168; x_wconf 81' lang='lat'>595.</span> <span class='ocrx_word' id='word_1_384' title='bbox 1205 5113 1324 5168; x_wconf 83' lang='grc'><strong>597.</strong></span> <span class='ocrx_word' id='word_1_385' title='bbox 1359 5114 1478 5168; x_wconf 77' lang='grc'><strong>622.</strong></span> 
     </span>
     <span class='ocr_line' id='line_1_56' title="bbox 843 5183 2154 5250; baseline 0 -12"><span class='ocrx_word' id='word_1_386' title='bbox 843 5184 902 5250; x_wconf 81' lang='grc'>3)</span> <span class='ocrx_word' id='word_1_387' title='bbox 942 5186 1147 5238; x_wconf 75' lang='lat' dir='ltr'>scilicet</span> <span class='ocrx_word' id='word_1_388' title='bbox 1179 5185 1276 5237; x_wconf 76' lang='lat' dir='ltr'>hoc</span> <span class='ocrx_word' id='word_1_389' title='bbox 1313 5188 1549 5238; x_wconf 71' lang='lat' dir='ltr'>maxime</span> <span class='ocrx_word' id='word_1_390' title='bbox 1583 5185 1801 5238; x_wconf 74' lang='lat' dir='ltr'>nomine</span> <span class='ocrx_word' id='word_1_391' title='bbox 1834 5183 2154 5239; x_wconf 76' lang='lat' dir='ltr'>laudando!</span> 
     </span>
    </p>

    <p class='ocr_par' dir='ltr' id='par_1_7' title="bbox 841 5251 2182 5391">
     <span class='ocr_line' id='line_1_57' title="bbox 841 5251 2182 5391; baseline 0.001 -85"><span class='ocrx_word' id='word_1_392' title='bbox 841 5253 900 5391; x_wconf 49' lang='grc' dir='ltr'>ἐξ</span> <span class='ocrx_word' id='word_1_393' title='bbox 937 5255 1006 5378; x_wconf 52' lang='lat' dir='ltr'>{J</span> <span class='ocrx_word' id='word_1_394' title='bbox 1043 5253 1274 5375; x_wconf 37' lang='lat'>{182531702</span> <span class='ocrx_word' id='word_1_395' title='bbox 1275 5252 1414 5374; x_wconf 77' lang='lat' dir='ltr'>ODeo</span> <span class='ocrx_word' id='word_1_396' title='bbox 1449 5271 1485 5308; x_wconf 84' lang='lat' dir='ltr'>a</span> <span class='ocrx_word' id='word_1_397' title='bbox 1521 5269 1578 5307; x_wconf 82' lang='lat' dir='ltr'>se</span> <span class='ocrx_word' id='word_1_398' title='bbox 1613 5255 1733 5323; x_wconf 63' lang='lat' dir='ltr'>apso</span> <span class='ocrx_word' id='word_1_399' title='bbox 1768 5251 1847 5309; x_wconf 80' lang='lat' dir='ltr'>N.</span> <span class='ocrx_word' id='word_1_400' title='bbox 1884 5252 2004 5308; x_wconf 80' lang='lat'>590.</span> <span class='ocrx_word' id='word_1_401' title='bbox 2042 5252 2182 5320; x_wconf 62' lang='lat'>6015</span> 
     </span>
    </p>
   </div>
   <div class='ocr_carea' id='block_1_7' title="bbox 2191 395 3106 466">
    <p class='ocr_par' dir='ltr' id='par_1_8' title="bbox 2191 395 3106 466">
     <span class='ocr_line' id='line_1_58' title="bbox 2191 395 3106 466; baseline -0.001 -1"><span class='ocrx_word' id='word_1_402' title='bbox 2191 395 2721 466; x_wconf 72' lang='lat' dir='ltr'>EPISTOLAE</span> <span class='ocrx_word' id='word_1_403' title='bbox 2768 403 2806 463; x_wconf 90' lang='grc'><strong>7</strong></span> <span class='ocrx_word' id='word_1_404' title='bbox 2812 401 3106 465; x_wconf 82' lang='grc'><strong>37-738</strong></span> 
     </span>
    </p>
   </div>
   <div class='ocr_carea' id='block_1_8' title="bbox 2639 599 2667 5366">
    <p class='ocr_par' dir='ltr' id='par_1_9' title="bbox 2639 599 2667 5366">
     <span class='ocr_line' id='line_1_59' title="bbox 2639 599 2667 5366; baseline 0 0"><span class='ocrx_word' id='word_1_405' title='bbox 2639 599 2667 5366; x_wconf 95' lang='lat' dir='ltr'> </span> 
     </span>
    </p>
   </div>
   <div class='ocr_carea' id='block_1_9' title="bbox 4523 404 4612 470">
    <p class='ocr_par' dir='ltr' id='par_1_10' title="bbox 4523 404 4612 470">
     <span class='ocr_line' id='line_1_60' title="bbox 4523 404 4612 470; baseline 0.045 -4"><span class='ocrx_word' id='word_1_406' title='bbox 4523 404 4612 470; x_wconf 79' lang='grc'>228</span> 
     </span>
    </p>
   </div>
   <div class='ocr_carea' id='block_1_10' title="bbox 2700 584 4647 2918">
    <p class='ocr_par' dir='ltr' id='par_1_11' title="bbox 2700 584 4642 2712">
     <span class='ocr_line' id='line_1_61' title="bbox 2876 584 4617 737; baseline 0.002 -84"><span class='ocrx_word' id='word_1_407' title='bbox 2876 586 3157 669; x_wconf 84' lang='lat' dir='ltr'>Videtis,</span> <span class='ocrx_word' id='word_1_408' title='bbox 3192 586 3451 666; x_wconf 86' lang='lat' dir='ltr'>fratres,</span> <span class='ocrx_word' id='word_1_409' title='bbox 3497 585 3760 671; x_wconf 91' lang='lat' dir='ltr'>qualem</span> <span class='ocrx_word' id='word_1_410' title='bbox 3794 584 4169 737; x_wconf 53' lang='lat' dir='ltr'>tragoediae</span> <span class='ocrx_word' id='word_1_411' title='bbox 4202 587 4617 672; x_wconf 80' lang='lat' dir='ltr'>catastrophen</span> 
     </span>
     <span class='ocr_line' id='line_1_62' title="bbox 2703 671 4615 759; baseline 0.001 -19"><span class='ocrx_word' id='word_1_412' title='bbox 2703 675 3033 741; x_wconf 89' lang='lat' dir='ltr'>Dominus</span> <span class='ocrx_word' id='word_1_413' title='bbox 3090 672 3497 759; x_wconf 89' lang='lat' dir='ltr'>imposuerit.</span> <span class='ocrx_word' id='word_1_414' title='bbox 3600 675 3822 758; x_wconf 88' lang='lat' dir='ltr'>Atque</span> <span class='ocrx_word' id='word_1_415' title='bbox 3942 694 4018 739; x_wconf 91' lang='lat' dir='ltr'>oc</span> <span class='ocrx_word' id='word_1_416' title='bbox 4071 671 4375 756; x_wconf 85' lang='lat' dir='ltr'>exemplo</span> <span class='ocrx_word' id='word_1_417' title='bbox 4425 675 4615 741; x_wconf 88' lang='lat' dir='ltr'>moniti</span> 
     </span>
     <span class='ocr_line' id='line_1_63' title="bbox 2706 757 4620 843; baseline 0.002 -18"><span class='ocrx_word' id='word_1_418' title='bbox 2706 781 2838 826; x_wconf 92' lang='lat' dir='ltr'>non</span> <span class='ocrx_word' id='word_1_419' title='bbox 2883 759 3196 827; x_wconf 92' lang='lat' dir='ltr'>debemus</span> <span class='ocrx_word' id='word_1_420' title='bbox 3232 782 3323 825; x_wconf 93' lang='lat' dir='ltr'>un</span> <span class='ocrx_word' id='word_1_421' title='bbox 3369 779 3539 840; x_wconf 90' lang='lat' dir='ltr'>uam,</span> <span class='ocrx_word' id='word_1_422' title='bbox 3585 766 3742 843; x_wconf 91' lang='lat' dir='ltr'>quot</span> <span class='ocrx_word' id='word_1_423' title='bbox 3788 768 3903 824; x_wconf 89' lang='lat' dir='ltr'>uot</span> <span class='ocrx_word' id='word_1_424' title='bbox 3936 780 4183 841; x_wconf 90' lang='lat' dir='ltr'>sumus,</span> <span class='ocrx_word' id='word_1_425' title='bbox 4218 757 4300 824; x_wconf 95' lang='lat' dir='ltr'>de</span> <span class='ocrx_word' id='word_1_426' title='bbox 4336 780 4620 843; x_wconf 84' lang='lat' dir='ltr'>qucquam</span> 
     </span>
     <span class='ocr_line' id='line_1_64' title="bbox 2704 781 4619 931; baseline 0.001 -20"><span class='ocrx_word' id='word_1_427' title='bbox 2704 846 3083 912; x_wconf 89' lang='lat' dir='ltr'>mortalium</span> <span class='ocrx_word' id='word_1_428' title='bbox 3128 781 3439 931; x_wconf 57' lang='lat' dir='ltr'>quamdiu</span> <span class='ocrx_word' id='word_1_429' title='bbox 3498 847 3704 927; x_wconf 90' lang='lat' dir='ltr'>spirat</span> <span class='ocrx_word' id='word_1_430' title='bbox 3792 866 3861 911; x_wconf 92' lang='lat' dir='ltr'>es</span> <span class='ocrx_word' id='word_1_431' title='bbox 3913 864 4115 911; x_wconf 89' lang='lat' dir='ltr'>erare.</span> <span class='ocrx_word' id='word_1_432' title='bbox 4204 843 4401 910; x_wconf 88' lang='lat' dir='ltr'>Hanc</span> <span class='ocrx_word' id='word_1_433' title='bbox 4442 853 4619 913; x_wconf 80' lang='lat' dir='ltr'>autem</span> 
     </span>
     <span class='ocr_line' id='line_1_65' title="bbox 2704 928 4620 1016; baseline -0.001 -19"><span class='ocrx_word' id='word_1_434' title='bbox 2704 932 3287 1016; x_wconf 90' lang='lat' dir='ltr'>metamorphosin,</span> <span class='ocrx_word' id='word_1_435' title='bbox 3333 938 3561 1015; x_wconf 85' lang='lat' dir='ltr'>utpote</span> <span class='ocrx_word' id='word_1_436' title='bbox 3605 928 3858 996; x_wconf 90' lang='lat' dir='ltr'>admira</span> <span class='ocrx_word' id='word_1_437' title='bbox 3901 930 4058 996; x_wconf 92' lang='lat' dir='ltr'>ilem</span> <span class='ocrx_word' id='word_1_438' title='bbox 4114 937 4181 995; x_wconf 88' lang='lat' dir='ltr'>et</span> <span class='ocrx_word' id='word_1_439' title='bbox 4233 930 4620 1014; x_wconf 81' lang='lat' dir='ltr'>inopinatam,</span> 
     </span>
     <span class='ocr_line' id='line_1_66' title="bbox 2706 1016 4623 1101; baseline 0 -19"><span class='ocrx_word' id='word_1_440' title='bbox 2706 1039 2789 1083; x_wconf 91' lang='lat' dir='ltr'>ne</span> <span class='ocrx_word' id='word_1_441' title='bbox 2832 1019 2979 1101; x_wconf 91' lang='lat' dir='ltr'>quis</span> <span class='ocrx_word' id='word_1_442' title='bbox 3022 1019 3369 1084; x_wconf 86' lang='lat' dir='ltr'>confictam</span> <span class='ocrx_word' id='word_1_443' title='bbox 3412 1017 3761 1099; x_wconf 90' lang='lat' dir='ltr'>minusque</span> <span class='ocrx_word' id='word_1_444' title='bbox 3804 1037 4032 1083; x_wconf 82' lang='lat' dir='ltr'>veram</span> <span class='ocrx_word' id='word_1_445' title='bbox 4089 1016 4469 1082; x_wconf 80' lang='lat' dir='ltr'>existimare</span> <span class='ocrx_word' id='word_1_446' title='bbox 4505 1039 4623 1101; x_wconf 83' lang='lat' dir='ltr'>pos-</span> 
     </span>
     <span class='ocr_line' id='line_1_67' title="bbox 2705 1102 4624 1186; baseline 0.001 -17"><span class='ocrx_word' id='word_1_447' title='bbox 2705 1104 2811 1183; x_wconf 91' lang='lat' dir='ltr'>sit,</span> <span class='ocrx_word' id='word_1_448' title='bbox 2858 1112 2973 1168; x_wconf 91' lang='lat' dir='ltr'>aut</span> <span class='ocrx_word' id='word_1_449' title='bbox 3014 1102 3421 1182; x_wconf 86' lang='lat' dir='ltr'>calumniari,</span> <span class='ocrx_word' id='word_1_450' title='bbox 3467 1110 3840 1168; x_wconf 88' lang='lat' dir='ltr'>nostrarum</span> <span class='ocrx_word' id='word_1_451' title='bbox 3885 1103 4010 1168; x_wconf 87' lang='lat' dir='ltr'>fuit</span> <span class='ocrx_word' id='word_1_452' title='bbox 4054 1102 4342 1185; x_wconf 86' lang='lat' dir='ltr'>partium</span> <span class='ocrx_word' id='word_1_453' title='bbox 4385 1103 4624 1186; x_wconf 85' lang='lat' dir='ltr'>publicis</span> 
     </span>
     <span class='ocr_line' id='line_1_68' title="bbox 2705 1187 4624 1272; baseline 0.001 -18"><span class='ocrx_word' id='word_1_454' title='bbox 2705 1189 2790 1254; x_wconf 90' lang='lat' dir='ltr'>ad</span> <span class='ocrx_word' id='word_1_455' title='bbox 2843 1210 2964 1255; x_wconf 81' lang='lat' dir='ltr'>vos</span> <span class='ocrx_word' id='word_1_456' title='bbox 3021 1190 3282 1272; x_wconf 87' lang='lat' dir='ltr'>scriptis</span> <span class='ocrx_word' id='word_1_457' title='bbox 3337 1194 3644 1254; x_wconf 89' lang='lat' dir='ltr'>testatam</span> <span class='ocrx_word' id='word_1_458' title='bbox 3710 1187 3924 1254; x_wconf 81' lang='lat' dir='ltr'>facere</span> <span class='ocrx_word' id='word_1_459' title='bbox 3983 1195 4178 1271; x_wconf 89' lang='lat' dir='ltr'>atque</span> <span class='ocrx_word' id='word_1_460' title='bbox 4247 1190 4624 1256; x_wconf 87' lang='lat' dir='ltr'>confirmare.</span> 
     </span>
     <span class='ocr_line' id='line_1_69' title="bbox 2704 1272 4628 1359; baseline 0.002 -20"><span class='ocrx_word' id='word_1_461' title='bbox 2704 1275 3071 1340; x_wconf 89' lang='lat' dir='ltr'>Veritatem</span> <span class='ocrx_word' id='word_1_462' title='bbox 3130 1275 3305 1340; x_wconf 89' lang='lat' dir='ltr'>enim</span> <span class='ocrx_word' id='word_1_463' title='bbox 3364 1274 3517 1340; x_wconf 87' lang='lat' dir='ltr'>facti</span> <span class='ocrx_word' id='word_1_464' title='bbox 3572 1272 3653 1339; x_wconf 90' lang='lat' dir='ltr'>ad</span> <span class='ocrx_word' id='word_1_465' title='bbox 3712 1273 4129 1339; x_wconf 89' lang='lat' dir='ltr'>ecclesiarum</span> <span class='ocrx_word' id='word_1_466' title='bbox 4184 1294 4415 1357; x_wconf 88' lang='lat' dir='ltr'>pacem</span> <span class='ocrx_word' id='word_1_467' title='bbox 4457 1273 4628 1359; x_wconf 86' lang='lat' dir='ltr'>pluri-</span> 
     </span>
     <span class='ocr_line' id='line_1_70' title="bbox 2705 1358 4631 1427; baseline 0.002 -3"><span class='ocrx_word' id='word_1_468' title='bbox 2705 1381 2890 1424; x_wconf 93' lang='lat' dir='ltr'>mum</span> <span class='ocrx_word' id='word_1_469' title='bbox 2944 1360 3310 1426; x_wconf 88' lang='lat' dir='ltr'>conducere</span> <span class='ocrx_word' id='word_1_470' title='bbox 3367 1358 3782 1424; x_wconf 89' lang='lat' dir='ltr'>arbitramur.</span> <span class='ocrx_word' id='word_1_471' title='bbox 3882 1360 4129 1425; x_wconf 88' lang='lat' dir='ltr'>Vestra</span> <span class='ocrx_word' id='word_1_472' title='bbox 4187 1368 4413 1425; x_wconf 90' lang='lat' dir='ltr'>autem</span> <span class='ocrx_word' id='word_1_473' title='bbox 4467 1359 4631 1427; x_wconf 84' lang='lat' dir='ltr'>valde</span> 
     </span>
     <span class='ocr_line' id='line_1_71' title="bbox 2703 1443 4630 1530; baseline 0.002 -20"><span class='ocrx_word' id='word_1_474' title='bbox 2703 1446 2949 1512; x_wconf 87' lang='lat' dir='ltr'>referre</span> <span class='ocrx_word' id='word_1_475' title='bbox 3011 1446 3422 1530; x_wconf 88' lang='lat' dir='ltr'>putavimus,</span> <span class='ocrx_word' id='word_1_476' title='bbox 3494 1454 3641 1511; x_wconf 88' lang='lat' dir='ltr'>tum</span> <span class='ocrx_word' id='word_1_477' title='bbox 3714 1443 3965 1512; x_wconf 74' lang='lat' dir='ltr'>calvini</span> <span class='ocrx_word' id='word_1_478' title='bbox 4031 1454 4168 1510; x_wconf 89' lang='lat' dir='ltr'>tum</span> <span class='ocrx_word' id='word_1_479' title='bbox 4238 1446 4630 1513; x_wconf 90' lang='lat' dir='ltr'>ecclesiarum</span> 
     </span>
     <span class='ocr_line' id='line_1_72' title="bbox 2703 1530 4633 1616; baseline 0.001 -19"><span class='ocrx_word' id='word_1_480' title='bbox 2703 1539 3072 1597; x_wconf 81' lang='lat' dir='ltr'>vestrarum</span> <span class='ocrx_word' id='word_1_481' title='bbox 3111 1532 3498 1616; x_wconf 88' lang='lat' dir='ltr'>dignitatem</span> <span class='ocrx_word' id='word_1_482' title='bbox 3532 1530 3852 1597; x_wconf 90' lang='lat' dir='ltr'>illibatam</span> <span class='ocrx_word' id='word_1_483' title='bbox 3887 1534 4476 1616; x_wconf 89' lang='lat' dir='ltr'>inconcussamque</span> <span class='ocrx_word' id='word_1_484' title='bbox 4511 1554 4633 1616; x_wconf 89' lang='lat' dir='ltr'>per-</span> 
     </span>
     <span class='ocr_line' id='line_1_73' title="bbox 2704 1615 4634 1702; baseline 0.002 -21"><span class='ocrx_word' id='word_1_485' title='bbox 2704 1637 2989 1683; x_wconf 90' lang='lat' dir='ltr'>manere.</span> <span class='ocrx_word' id='word_1_486' title='bbox 3078 1619 3172 1682; x_wconf 86' lang='lat' dir='ltr'>Et</span> <span class='ocrx_word' id='word_1_487' title='bbox 3213 1618 3270 1682; x_wconf 89' lang='lat' dir='ltr'>si</span> <span class='ocrx_word' id='word_1_488' title='bbox 3315 1618 3483 1682; x_wconf 82' lang='lat' dir='ltr'>sorte</span> <span class='ocrx_word' id='word_1_489' title='bbox 3527 1615 3793 1701; x_wconf 90' lang='lat' dir='ltr'>quidam</span> <span class='ocrx_word' id='word_1_490' title='bbox 3831 1618 4232 1683; x_wconf 80' lang='lat' dir='ltr'>exstiterunt</span> <span class='ocrx_word' id='word_1_491' title='bbox 4275 1618 4389 1702; x_wconf 90' lang='lat' dir='ltr'>qui</span> <span class='ocrx_word' id='word_1_492' title='bbox 4432 1628 4634 1685; x_wconf 78' lang='lat' dir='ltr'>contra</span> 
     </span>
     <span class='ocr_line' id='line_1_74' title="bbox 2704 1703 4633 1788; baseline 0.001 -20"><span class='ocrx_word' id='word_1_493' title='bbox 2704 1704 2848 1768; x_wconf 90' lang='lat' dir='ltr'>ausi</span> <span class='ocrx_word' id='word_1_494' title='bbox 2891 1704 3026 1768; x_wconf 90' lang='lat' dir='ltr'>sint</span> <span class='ocrx_word' id='word_1_495' title='bbox 3066 1704 3430 1788; x_wconf 88' lang='lat' dir='ltr'>insurgere,</span> <span class='ocrx_word' id='word_1_496' title='bbox 3478 1723 3586 1768; x_wconf 90' lang='lat' dir='ltr'>eos</span> <span class='ocrx_word' id='word_1_497' title='bbox 3630 1703 3700 1767; x_wconf 90' lang='lat' dir='ltr'>in</span> <span class='ocrx_word' id='word_1_498' title='bbox 3744 1723 4050 1787; x_wconf 88' lang='lat' dir='ltr'>supremo</span> <span class='ocrx_word' id='word_1_499' title='bbox 4096 1704 4269 1769; x_wconf 82' lang='lat' dir='ltr'>vitae</span> <span class='ocrx_word' id='word_1_500' title='bbox 4313 1713 4468 1770; x_wconf 90' lang='lat' dir='ltr'>actu</span> <span class='ocrx_word' id='word_1_501' title='bbox 4506 1724 4633 1787; x_wconf 90' lang='lat' dir='ltr'>poe-</span> 
     </span>
     <span class='ocr_line' id='line_1_75' title="bbox 2705 1788 4636 1873; baseline 0.001 -20"><span class='ocrx_word' id='word_1_502' title='bbox 2705 1790 2978 1854; x_wconf 91' lang='lat' dir='ltr'>nituisse</span> <span class='ocrx_word' id='word_1_503' title='bbox 3045 1798 3468 1873; x_wconf 87' lang='lat' dir='ltr'>mentemque</span> <span class='ocrx_word' id='word_1_504' title='bbox 3535 1788 3615 1854; x_wconf 90' lang='lat' dir='ltr'>iis</span> <span class='ocrx_word' id='word_1_505' title='bbox 3678 1788 4015 1853; x_wconf 89' lang='lat' dir='ltr'>meliorem</span> <span class='ocrx_word' id='word_1_506' title='bbox 4079 1810 4120 1854; x_wconf 93' lang='lat' dir='ltr'>a</span> <span class='ocrx_word' id='word_1_507' title='bbox 4170 1788 4461 1855; x_wconf 91' lang='lat' dir='ltr'>Domino</span> <span class='ocrx_word' id='word_1_508' title='bbox 4516 1790 4636 1856; x_wconf 88' lang='lat' dir='ltr'>Deo</span> 
     </span>
     <span class='ocr_line' id='line_1_76' title="bbox 2705 1873 4637 1960; baseline 0.002 -22"><span class='ocrx_word' id='word_1_509' title='bbox 2705 1873 2943 1954; x_wconf 89' lang='lat' dir='ltr'>datam,</span> <span class='ocrx_word' id='word_1_510' title='bbox 2988 1881 3089 1941; x_wconf 90' lang='lat' dir='ltr'>est</span> <span class='ocrx_word' id='word_1_511' title='bbox 3140 1874 3367 1960; x_wconf 90' lang='lat' dir='ltr'>procul</span> <span class='ocrx_word' id='word_1_512' title='bbox 3412 1873 3607 1940; x_wconf 91' lang='lat' dir='ltr'>dubio</span> <span class='ocrx_word' id='word_1_513' title='bbox 3660 1873 3830 1958; x_wconf 92' lang='lat' dir='ltr'>quod</span> <span class='ocrx_word' id='word_1_514' title='bbox 3887 1875 4132 1958; x_wconf 92' lang='lat' dir='ltr'>optimo</span> <span class='ocrx_word' id='word_1_515' title='bbox 4188 1876 4365 1958; x_wconf 92' lang='lat' dir='ltr'>patri</span> <span class='ocrx_word' id='word_1_516' title='bbox 4417 1876 4637 1960; x_wconf 75' lang='lat' dir='ltr'>gratias</span> 
     </span>
     <span class='ocr_line' id='line_1_77' title="bbox 2702 1959 4638 2045; baseline 0 -20"><span class='ocrx_word' id='word_1_517' title='bbox 2702 1961 3004 2045; x_wconf 86' lang='lat' dir='ltr'>ingentes</span> <span class='ocrx_word' id='word_1_518' title='bbox 3049 1982 3087 2025; x_wconf 88' lang='lat' dir='ltr'>a</span> <span class='ocrx_word' id='word_1_519' title='bbox 3245 1983 3338 2027; x_wconf 90' lang='lat' dir='ltr'>us.</span> <span class='ocrx_word' id='word_1_520' title='bbox 3429 1959 3698 2025; x_wconf 90' lang='lat' dir='ltr'>Nemini</span> <span class='ocrx_word' id='word_1_521' title='bbox 3741 1980 3897 2025; x_wconf 88' lang='lat' dir='ltr'>vero</span> <span class='ocrx_word' id='word_1_522' title='bbox 3947 1959 4218 2026; x_wconf 91' lang='lat' dir='ltr'>dubium</span> <span class='ocrx_word' id='word_1_523' title='bbox 4263 1982 4408 2027; x_wconf 90' lang='lat' dir='ltr'>esse</span> <span class='ocrx_word' id='word_1_524' title='bbox 4453 1968 4638 2045; x_wconf 82' lang='lat' dir='ltr'>potest</span> 
     </span>
     <span class='ocr_line' id='line_1_78' title="bbox 2702 2044 4636 2130; baseline 0 -19"><span class='ocrx_word' id='word_1_525' title='bbox 2702 2047 2859 2129; x_wconf 91' lang='lat' dir='ltr'>quin</span> <span class='ocrx_word' id='word_1_526' title='bbox 2904 2067 3022 2130; x_wconf 91' lang='lat' dir='ltr'>per</span> <span class='ocrx_word' id='word_1_527' title='bbox 3119 2046 3321 2112; x_wconf 78' lang='lat' dir='ltr'>alvini</span> <span class='ocrx_word' id='word_1_528' title='bbox 3373 2044 3547 2112; x_wconf 88' lang='lat' dir='ltr'>latus</span> <span class='ocrx_word' id='word_1_529' title='bbox 3592 2068 3710 2112; x_wconf 85' lang='lat' dir='ltr'>vos</span> <span class='ocrx_word' id='word_1_530' title='bbox 3768 2045 3965 2111; x_wconf 91' lang='lat' dir='ltr'>simul</span> <span class='ocrx_word' id='word_1_531' title='bbox 4026 2067 4255 2113; x_wconf 91' lang='lat' dir='ltr'>omnes</span> <span class='ocrx_word' id='word_1_532' title='bbox 4313 2055 4636 2130; x_wconf 86' lang='lat' dir='ltr'>vestraque</span> 
     </span>
     <span class='ocr_line' id='line_1_79' title="bbox 2707 2130 4638 2218; baseline 0.001 -22"><span class='ocrx_word' id='word_1_533' title='bbox 2707 2132 3003 2197; x_wconf 89' lang='lat' dir='ltr'>doctrina</span> <span class='ocrx_word' id='word_1_534' title='bbox 3045 2132 3523 2199; x_wconf 90' lang='lat' dir='ltr'>sauciaremini.</span> <span class='ocrx_word' id='word_1_535' title='bbox 3613 2130 3844 2215; x_wconf 91' lang='lat' dir='ltr'>Itaque</span> <span class='ocrx_word' id='word_1_536' title='bbox 3884 2141 3962 2196; x_wconf 92' lang='lat' dir='ltr'>ut</span> <span class='ocrx_word' id='word_1_537' title='bbox 4008 2131 4394 2218; x_wconf 86' lang='lat' dir='ltr'>intelligant</span> <span class='ocrx_word' id='word_1_538' title='bbox 4437 2155 4638 2198; x_wconf 86' lang='lat' dir='ltr'>omnes</span> 
     </span>
     <span class='ocr_line' id='line_1_80' title="bbox 2705 2215 4637 2304; baseline 0 -22"><span class='ocrx_word' id='word_1_539' title='bbox 2705 2239 2844 2283; x_wconf 88' lang='lat' dir='ltr'>rem</span> <span class='ocrx_word' id='word_1_540' title='bbox 2888 2220 2982 2284; x_wconf 85' lang='lat' dir='ltr'>ita</span> <span class='ocrx_word' id='word_1_541' title='bbox 3025 2240 3095 2284; x_wconf 89' lang='lat' dir='ltr'>se</span> <span class='ocrx_word' id='word_1_542' title='bbox 3140 2217 3402 2297; x_wconf 86' lang='lat' dir='ltr'>habere,</span> <span class='ocrx_word' id='word_1_543' title='bbox 3447 2215 3712 2301; x_wconf 81' lang='lat' dir='ltr'>quidam</span> <span class='ocrx_word' id='word_1_544' title='bbox 3763 2238 3846 2282; x_wconf 85' lang='lat' dir='ltr'>ex</span> <span class='ocrx_word' id='word_1_545' title='bbox 3903 2218 4091 2284; x_wconf 91' lang='lat' dir='ltr'>nobis</span> <span class='ocrx_word' id='word_1_546' title='bbox 4149 2220 4420 2304; x_wconf 85' lang='lat' dir='ltr'>propria</span> <span class='ocrx_word' id='word_1_547' title='bbox 4473 2239 4539 2284; x_wconf 92' lang='lat' dir='ltr'>se</span> <span class='ocrx_word' id='word_1_548' title='bbox 4578 2226 4637 2283; x_wconf 88' lang='lat' dir='ltr'>ut</span> 
     </span>
     <span class='ocr_line' id='line_1_81' title="bbox 2702 2302 4642 2387; baseline 0.002 -21"><span class='ocrx_word' id='word_1_549' title='bbox 2702 2323 2908 2368; x_wconf 89' lang='lat' dir='ltr'>manu</span> <span class='ocrx_word' id='word_1_550' title='bbox 2953 2303 3438 2370; x_wconf 91' lang='lat' dir='ltr'>subscriberent</span> <span class='ocrx_word' id='word_1_551' title='bbox 3480 2303 3886 2369; x_wconf 89' lang='lat' dir='ltr'>censuimus:</span> <span class='ocrx_word' id='word_1_552' title='bbox 3934 2302 4107 2387; x_wconf 92' lang='lat' dir='ltr'>quod</span> <span class='ocrx_word' id='word_1_553' title='bbox 4151 2311 4219 2370; x_wconf 91' lang='lat' dir='ltr'>et</span> <span class='ocrx_word' id='word_1_554' title='bbox 4261 2305 4421 2371; x_wconf 83' lang='lat' dir='ltr'>fecit</span> <span class='ocrx_word' id='word_1_555' title='bbox 4455 2304 4642 2369; x_wconf 78' lang='lat' dir='ltr'>Ludo-</span> 
     </span>
     <span class='ocr_line' id='line_1_82' title="bbox 2702 2388 4640 2474; baseline 0.002 -23"><span class='ocrx_word' id='word_1_556' title='bbox 2702 2389 2877 2455; x_wconf 80' lang='lat' dir='ltr'>vicus</span> <span class='ocrx_word' id='word_1_557' title='bbox 2918 2391 3059 2474; x_wconf 92' lang='lat' dir='ltr'>ipse</span> <span class='ocrx_word' id='word_1_558' title='bbox 3105 2388 3498 2455; x_wconf 82' lang='lat' dir='ltr'>domesticus</span> <span class='ocrx_word' id='word_1_559' title='bbox 3555 2390 3847 2454; x_wconf 91' lang='lat' dir='ltr'>omnium</span> <span class='ocrx_word' id='word_1_560' title='bbox 3902 2391 4109 2455; x_wconf 90' lang='lat' dir='ltr'>testis.</span> <span class='ocrx_word' id='word_1_561' title='bbox 4199 2390 4474 2471; x_wconf 87' lang='lat' dir='ltr'>Valete,</span> <span class='ocrx_word' id='word_1_562' title='bbox 4528 2389 4640 2454; x_wconf 76' lang='lat' dir='ltr'>fra-</span> 
     </span>
     <span class='ocr_line' id='line_1_83' title="bbox 2701 2472 4641 2559; baseline 0.001 -21"><span class='ocrx_word' id='word_1_563' title='bbox 2701 2481 2837 2540; x_wconf 88' lang='lat' dir='ltr'>tres</span> <span class='ocrx_word' id='word_1_564' title='bbox 2881 2475 3127 2559; x_wconf 89' lang='lat' dir='ltr'>optimi.</span> <span class='ocrx_word' id='word_1_565' title='bbox 3217 2475 3547 2540; x_wconf 88' lang='lat' dir='ltr'>Dominus</span> <span class='ocrx_word' id='word_1_566' title='bbox 3601 2472 3712 2539; x_wconf 91' lang='lat' dir='ltr'>det</span> <span class='ocrx_word' id='word_1_567' title='bbox 3754 2472 3938 2541; x_wconf 85' lang='lat' dir='ltr'>vobis</span> <span class='ocrx_word' id='word_1_568' title='bbox 3982 2477 4053 2540; x_wconf 93' lang='lat' dir='ltr'>in</span> <span class='ocrx_word' id='word_1_569' title='bbox 4097 2497 4290 2559; x_wconf 85' lang='lat' dir='ltr'>opere</span> <span class='ocrx_word' id='word_1_570' title='bbox 4346 2498 4471 2543; x_wconf 89' lang='lat' dir='ltr'>suo</span> <span class='ocrx_word' id='word_1_571' title='bbox 4514 2496 4641 2540; x_wconf 91' lang='lat' dir='ltr'>con-</span> 
     </span>
     <span class='ocr_line' id='line_1_84' title="bbox 2702 2559 4640 2646; baseline -0.001 -22"><span class='ocrx_word' id='word_1_572' title='bbox 2702 2565 2954 2625; x_wconf 90' lang='lat' dir='ltr'>stanter</span> <span class='ocrx_word' id='word_1_573' title='bbox 2999 2583 3073 2627; x_wconf 91' lang='lat' dir='ltr'>ac</span> <span class='ocrx_word' id='word_1_574' title='bbox 3118 2571 3383 2627; x_wconf 90' lang='lat' dir='ltr'>strenue</span> <span class='ocrx_word' id='word_1_575' title='bbox 3428 2581 3718 2645; x_wconf 88' lang='lat' dir='ltr'>pergere.</span> <span class='ocrx_word' id='word_1_576' title='bbox 3805 2559 4118 2627; x_wconf 89' lang='lat' dir='ltr'>Neocomi</span> <span class='ocrx_word' id='word_1_577' title='bbox 4159 2562 4229 2646; x_wconf 71' lang='lat' dir='ltr'>iii</span> <span class='ocrx_word' id='word_1_578' title='bbox 4274 2561 4449 2628; x_wconf 90' lang='lat' dir='ltr'>Non.</span> <span class='ocrx_word' id='word_1_579' title='bbox 4497 2560 4640 2626; x_wconf 91' lang='lat' dir='ltr'>Dec.</span> 
     </span>
     <span class='ocr_line' id='line_1_85' title="bbox 2700 2645 3425 2712; baseline -0.003 -1"><span class='ocrx_word' id='word_1_580' title='bbox 2700 2645 2896 2712; x_wconf 85' lang='lat' dir='ltr'>Anno</span> <span class='ocrx_word' id='word_1_581' title='bbox 2939 2647 3034 2712; x_wconf 89' lang='lat' dir='ltr'>M.</span> <span class='ocrx_word' id='word_1_582' title='bbox 3078 2648 3160 2711; x_wconf 93' lang='lat' dir='ltr'>D.</span> <span class='ocrx_word' id='word_1_583' title='bbox 3207 2646 3425 2712; x_wconf 88' lang='lat' dir='ltr'>XLV.</span> 
     </span>
    </p>

    <p class='ocr_par' dir='ltr' id='par_1_12' title="bbox 3312 2748 4647 2918">
     <span class='ocr_line' id='line_1_86' title="bbox 3521 2748 4441 2818; baseline 0.001 -3"><span class='ocrx_word' id='word_1_584' title='bbox 3521 2748 3793 2816; x_wconf 79' lang='lat' dir='ltr'>Fratres</span> <span class='ocrx_word' id='word_1_585' title='bbox 3840 2770 3922 2815; x_wconf 82' lang='lat' dir='ltr'>ex</span> <span class='ocrx_word' id='word_1_586' title='bbox 3967 2751 4188 2816; x_wconf 88' lang='lat' dir='ltr'>animo</span> <span class='ocrx_word' id='word_1_587' title='bbox 4234 2751 4441 2818; x_wconf 82' lang='lat' dir='ltr'>vestri</span> 
     </span>
     <span class='ocr_line' id='line_1_87' title="bbox 3312 2833 4647 2918; baseline 0.001 -19"><span class='ocrx_word' id='word_1_588' title='bbox 3312 2833 3499 2900; x_wconf 85' lang='lat' dir='ltr'>verbi</span> <span class='ocrx_word' id='word_1_589' title='bbox 3533 2834 3822 2902; x_wconf 89' lang='lat' dir='ltr'>ministri</span> <span class='ocrx_word' id='word_1_590' title='bbox 3857 2836 4084 2903; x_wconf 86' lang='lat' dir='ltr'>classis</span> <span class='ocrx_word' id='word_1_591' title='bbox 4117 2838 4180 2903; x_wconf 89' lang='grc' dir='ltr'><strong>Ν</strong></span> <span class='ocrx_word' id='word_1_592' title='bbox 4182 2836 4587 2904; x_wconf 77' lang='lat' dir='ltr'>cocornensis</span> <span class='ocrx_word' id='word_1_593' title='bbox 4600 2835 4647 2918; x_wconf 60' lang='grc' dir='ltr'>ὓ)</span> 
     </span>
    </p>
   </div>
   <div class='ocr_carea' id='block_1_11' title="bbox 2697 2936 4643 3191">
    <p class='ocr_par' dir='ltr' id='par_1_13' title="bbox 2697 2936 4643 3191">
     <span class='ocr_line' id='line_1_88' title="bbox 2697 2936 4643 3006; baseline 0.001 -5"><span class='ocrx_word' id='word_1_594' title='bbox 2697 2936 3012 3003; x_wconf 81' lang='lat' dir='ltr'>Fatonus.</span> <span class='ocrx_word' id='word_1_595' title='bbox 3157 2937 3516 3004; x_wconf 86' lang='lat' dir='ltr'>Mullotius.</span> <span class='ocrx_word' id='word_1_596' title='bbox 3661 2938 4092 3004; x_wconf 89' lang='lat' dir='ltr'>Pichonnius.</span> <span class='ocrx_word' id='word_1_597' title='bbox 4222 2938 4643 3006; x_wconf 80' lang='lat' dir='ltr'>Faucheriua</span> 
     </span>
     <span class='ocr_line' id='line_1_89' title="bbox 3237 3022 4102 3108; baseline 0.003 -21"><span class='ocrx_word' id='word_1_598' title='bbox 3237 3024 3526 3089; x_wconf 77' lang='lat' dir='ltr'>Thomas</span> <span class='ocrx_word' id='word_1_599' title='bbox 3571 3022 3652 3090; x_wconf 94' lang='lat' dir='ltr'>de</span> <span class='ocrx_word' id='word_1_600' title='bbox 3697 3022 4102 3108; x_wconf 85' lang='lat' dir='ltr'>Laplanche.</span> 
     </span>
     <span class='ocr_line' id='line_1_90' title="bbox 3009 3109 4346 3191; baseline 0.002 -17"><span class='ocrx_word' id='word_1_601' title='bbox 3009 3109 3345 3176; x_wconf 89' lang='lat' dir='ltr'>Robertus</span> <span class='ocrx_word' id='word_1_602' title='bbox 3386 3110 3844 3191; x_wconf 82' lang='lat' dir='ltr'>Lonnatius.⁷)</span> <span class='ocrx_word' id='word_1_603' title='bbox 4019 3111 4346 3177; x_wconf 81' lang='lat' dir='ltr'>Farellus.</span> 
     </span>
    </p>
   </div>
   <div class='ocr_carea' id='block_1_12' title="bbox 3487 3368 3896 3378">
    <p class='ocr_par' dir='ltr' id='par_1_14' title="bbox 3487 3368 3896 3378">
     <span class='ocr_line' id='line_1_91' title="bbox 3487 3368 3896 3378; baseline 0.002 -1"><span class='ocrx_word' id='word_1_604' title='bbox 3487 3368 3896 3378; x_wconf 71' lang='lat'>—-</span> 
     </span>
    </p>
   </div>
   <div class='ocr_carea' id='block_1_13' title="bbox 3162 3555 4190 3764">
    <p class='ocr_par' dir='ltr' id='par_1_15' title="bbox 3162 3555 4190 3764">
     <span class='ocr_line' id='line_1_92' title="bbox 3600 3555 3754 3627; baseline 0.019 -3"><span class='ocrx_word' id='word_1_605' title='bbox 3600 3555 3754 3627; x_wconf 75' lang='lat'>738.</span> 
     </span>
     <span class='ocr_line' id='line_1_93' title="bbox 3162 3689 4190 3764; baseline 0.002 -8"><span class='ocrx_word' id='word_1_606' title='bbox 3162 3689 3707 3764; x_wconf 81' lang='lat' dir='ltr'>BALDUINUS</span> <span class='ocrx_word' id='word_1_607' title='bbox 3751 3691 4190 3764; x_wconf 79' lang='lat' dir='ltr'>GALVINO.</span> 
     </span>
    </p>
   </div>
   <div class='ocr_carea' id='block_1_14' title="bbox 2699 3841 4654 4185">
    <p class='ocr_par' dir='ltr' id='par_1_16' title="bbox 2699 3841 4654 4185">
     <span class='ocr_line' id='line_1_94' title="bbox 2870 3841 4651 3932; baseline 0.003 -24"><span class='ocrx_word' id='word_1_608' title='bbox 2870 3841 2981 3908; x_wconf 79' lang='lat' dir='ltr'>Ex</span> <span class='ocrx_word' id='word_1_609' title='bbox 3026 3841 3277 3908; x_wconf 79' lang='lat' dir='ltr'>Lutetia</span> <span class='ocrx_word' id='word_1_610' title='bbox 3318 3846 3503 3910; x_wconf 75' lang='lat' dir='ltr'>varia</span> <span class='ocrx_word' id='word_1_611' title='bbox 3544 3851 3768 3914; x_wconf 77' lang='lat' dir='ltr'>tractat</span> <span class='ocrx_word' id='word_1_612' title='bbox 3790 3846 4051 3928; x_wconf 77' lang='lat' dir='ltr'>publica</span> <span class='ocrx_word' id='word_1_613' title='bbox 4095 3853 4149 3913; x_wconf 75' lang='lat' dir='ltr'>et</span> <span class='ocrx_word' id='word_1_614' title='bbox 4170 3849 4461 3931; x_wconf 74' lang='lat' dir='ltr'>privata,</span> <span class='ocrx_word' id='word_1_615' title='bbox 4497 3847 4651 3932; x_wconf 74' lang='lat' dir='ltr'>poli-</span> 
     </span>
     <span class='ocr_line' id='line_1_95' title="bbox 2699 3929 4654 4018; baseline 0.001 -23"><span class='ocrx_word' id='word_1_616' title='bbox 2699 3930 2826 3996; x_wconf 78' lang='lat' dir='ltr'>tica</span> <span class='ocrx_word' id='word_1_617' title='bbox 2867 3934 2925 3995; x_wconf 78' lang='lat' dir='ltr'>et</span> <span class='ocrx_word' id='word_1_618' title='bbox 2965 3929 3289 4009; x_wconf 76' lang='lat' dir='ltr'>literaria,</span> <span class='ocrx_word' id='word_1_619' title='bbox 3346 3951 3467 3997; x_wconf 68' lang='lat' dir='ltr'>aua</span> <span class='ocrx_word' id='word_1_620' title='bbox 3523 3938 3578 3997; x_wconf 72' lang='lat' dir='ltr'>et</span> <span class='ocrx_word' id='word_1_621' title='bbox 3631 3933 3933 4013; x_wconf 80' lang='lat' dir='ltr'>aliorum,</span> <span class='ocrx_word' id='word_1_622' title='bbox 3992 3933 4230 4000; x_wconf 78' lang='lat' dir='ltr'>multus</span> <span class='ocrx_word' id='word_1_623' title='bbox 4282 3937 4351 4000; x_wconf 84' lang='lat' dir='ltr'>in</span> <span class='ocrx_word' id='word_1_624' title='bbox 4396 3934 4654 4018; x_wconf 75' lang='lat' dir='ltr'>praedi-</span> 
     </span>
     <span class='ocr_line' id='line_1_96' title="bbox 2703 4014 4651 4101; baseline 0.002 -19"><span class='ocrx_word' id='word_1_625' title='bbox 2703 4015 2908 4082; x_wconf 79' lang='lat' dir='ltr'>canda</span> <span class='ocrx_word' id='word_1_626' title='bbox 2949 4035 3071 4080; x_wconf 80' lang='lat' dir='ltr'>sua</span> <span class='ocrx_word' id='word_1_627' title='bbox 3128 4036 3278 4101; x_wconf 74' lang='lat' dir='ltr'>erya</span> <span class='ocrx_word' id='word_1_628' title='bbox 3323 4014 3655 4084; x_wconf 75' lang='lat' dir='ltr'>Calvinum</span> <span class='ocrx_word' id='word_1_629' title='bbox 3698 4018 4117 4099; x_wconf 78' lang='lat' dir='ltr'>observantia,</span> <span class='ocrx_word' id='word_1_630' title='bbox 4175 4022 4417 4088; x_wconf 66' lang='lat' dir='ltr'>multus</span> <span class='ocrx_word' id='word_1_631' title='bbox 4475 4023 4651 4087; x_wconf 79' lang='lat' dir='ltr'>etiam</span> 
     </span>
     <span class='ocr_line' id='line_1_97' title="bbox 2699 4101 3752 4185; baseline 0.004 -19"><span class='ocrx_word' id='word_1_632' title='bbox 2699 4102 2769 4166; x_wconf 78' lang='lat' dir='ltr'>in</span> <span class='ocrx_word' id='word_1_633' title='bbox 2811 4101 3166 4167; x_wconf 76' lang='lat' dir='ltr'>ostentando</span> <span class='ocrx_word' id='word_1_634' title='bbox 3194 4104 3457 4184; x_wconf 73' lang='lat' dir='ltr'>pietatis</span> <span class='ocrx_word' id='word_1_635' title='bbox 3494 4104 3752 4185; x_wconf 81' lang='lat' dir='ltr'>fervore.</span> 
     </span>
    </p>
   </div>
   <div class='ocr_carea' id='block_1_15' title="bbox 2705 4271 4655 4418">
    <p class='ocr_par' dir='ltr' id='par_1_17' title="bbox 2705 4271 4655 4418">
     <span class='ocr_line' id='line_1_98' title="bbox 2705 4271 4655 4349; baseline 0.003 -22"><span class='ocrx_word' id='word_1_636' title='bbox 2705 4271 2897 4338; x_wconf 83' lang='lat' dir='ltr'>(Manu</span> <span class='ocrx_word' id='word_1_637' title='bbox 2933 4274 3039 4327; x_wconf 86' lang='lat' dir='ltr'>scri</span> <span class='ocrx_word' id='word_1_638' title='bbox 3080 4277 3137 4325; x_wconf 88' lang='lat' dir='ltr'>ta</span> <span class='ocrx_word' id='word_1_639' title='bbox 3171 4290 3278 4326; x_wconf 93' lang='lat' dir='ltr'>non</span> <span class='ocrx_word' id='word_1_640' title='bbox 3325 4280 3518 4328; x_wconf 82' lang='lat' dir='ltr'>exstat.</span> <span class='ocrx_word' id='word_1_641' title='bbox 3591 4275 3757 4328; x_wconf 85' lang='lat' dir='ltr'>Edita</span> <span class='ocrx_word' id='word_1_642' title='bbox 3804 4282 3889 4330; x_wconf 85' lang='lat' dir='ltr'>est</span> <span class='ocrx_word' id='word_1_643' title='bbox 3932 4277 4002 4330; x_wconf 83' lang='lat' dir='ltr'>ab</span> <span class='ocrx_word' id='word_1_644' title='bbox 4048 4280 4168 4349; x_wconf 88' lang='lat' dir='ltr'>ipso</span> <span class='ocrx_word' id='word_1_645' title='bbox 4205 4277 4436 4336; x_wconf 82' lang='lat' dir='ltr'>Calvino</span> <span class='ocrx_word' id='word_1_646' title='bbox 4476 4281 4533 4336; x_wconf 89' lang='lat' dir='ltr'>in</span> <span class='ocrx_word' id='word_1_647' title='bbox 4568 4296 4655 4334; x_wconf 72' lang='lat' dir='ltr'>sus</span> 
     </span>
     <span class='ocr_line' id='line_1_99' title="bbox 3120 4342 4328 4418; baseline 0.007 -24"><span class='ocrx_word' id='word_1_648' title='bbox 3120 4342 3412 4411; x_wconf 83' lang='lat' dir='ltr'>sponsione</span> <span class='ocrx_word' id='word_1_649' title='bbox 3448 4345 3517 4396; x_wconf 87' lang='lat' dir='ltr'>ad</span> <span class='ocrx_word' id='word_1_650' title='bbox 3552 4344 3809 4398; x_wconf 80' lang='lat' dir='ltr'>Balduini</span> <span class='ocrx_word' id='word_1_651' title='bbox 3843 4347 4087 4401; x_wconf 75' lang='lat' dir='ltr'>convicia</span> <span class='ocrx_word' id='word_1_652' title='bbox 4122 4365 4177 4418; x_wconf 90' lang='lat' dir='ltr'>p.</span> <span class='ocrx_word' id='word_1_653' title='bbox 4214 4347 4328 4416; x_wconf 81' lang='lat'>52.)</span> 
     </span>
    </p>
   </div>
   <div class='ocr_carea' id='block_1_16' title="bbox 2701 4495 4654 4667">
    <p class='ocr_par' dir='ltr' id='par_1_18' title="bbox 2701 4495 4654 4667">
     <span class='ocr_line' id='line_1_100' title="bbox 2874 4495 4654 4587; baseline 0.003 -25"><span class='ocrx_word' id='word_1_654' title='bbox 2874 4495 2944 4562; x_wconf 81' lang='lat' dir='ltr'>S.</span> <span class='ocrx_word' id='word_1_655' title='bbox 3006 4498 3082 4562; x_wconf 90' lang='lat' dir='ltr'>P.</span> <span class='ocrx_word' id='word_1_656' title='bbox 3185 4498 3555 4563; x_wconf 89' lang='lat' dir='ltr'>Incolumes</span> <span class='ocrx_word' id='word_1_657' title='bbox 3633 4502 3901 4579; x_wconf 88' lang='lat' dir='ltr'>reversi,</span> <span class='ocrx_word' id='word_1_658' title='bbox 3932 4502 3981 4587; x_wconf 91' lang='lat'>¹)</span> <span class='ocrx_word' id='word_1_659' title='bbox 4062 4504 4654 4570; x_wconf 86' lang='lat' dir='ltr'>observandissime</span> 
     </span>
     <span class='ocr_line' id='line_1_101' title="bbox 2701 4584 4650 4667; baseline 0.005 -20"><span class='ocrx_word' id='word_1_660' title='bbox 2701 4592 2911 4664; x_wconf 89' lang='lat' dir='ltr'>pater,</span> <span class='ocrx_word' id='word_1_661' title='bbox 2956 4591 3103 4665; x_wconf 86' lang='lat' dir='ltr'>post</span> <span class='ocrx_word' id='word_1_662' title='bbox 3147 4584 3369 4648; x_wconf 80' lang='lat' dir='ltr'>varios</span> <span class='ocrx_word' id='word_1_663' title='bbox 3412 4603 3602 4649; x_wconf 86' lang='lat' dir='ltr'>casus</span> <span class='ocrx_word' id='word_1_664' title='bbox 3655 4594 3809 4667; x_wconf 88' lang='lat' dir='ltr'>post</span> <span class='ocrx_word' id='word_1_665' title='bbox 3850 4594 3950 4652; x_wconf 90' lang='lat' dir='ltr'>tot</span> <span class='ocrx_word' id='word_1_666' title='bbox 3991 4588 4371 4654; x_wconf 84' lang='lat' dir='ltr'>discrimina</span> <span class='ocrx_word' id='word_1_667' title='bbox 4412 4610 4650 4665; x_wconf 84' lang='lat' dir='ltr'>rerum,</span> 
     </span>
    </p>
   </div>
   <div class='ocr_carea' id='block_1_17' title="bbox 2702 4707 3105 4716">
    <p class='ocr_par' dir='ltr' id='par_1_19' title="bbox 2702 4707 3105 4716">
     <span class='ocr_line' id='line_1_102' title="bbox 2702 4707 3105 4716; baseline -0.002 -1"><span class='ocrx_word' id='word_1_668' title='bbox 2702 4707 2947 4716; x_wconf 46' lang='grc' dir='ltr'>μὴ.-</span> <span class='ocrx_word' id='word_1_669' title='bbox 2960 4707 3105 4714; x_wconf 56' lang='grc' dir='ltr'>Μ..</span> 
     </span>
    </p>
   </div>
   <div class='ocr_carea' id='block_1_18' title="bbox 2698 4771 4654 5396">
    <p class='ocr_par' dir='ltr' id='par_1_20' title="bbox 2698 4771 4654 5396">
     <span class='ocr_line' id='line_1_103' title="bbox 2908 4771 4653 4842; baseline 0.002 -18"><span class='ocrx_word' id='word_1_670' title='bbox 2908 4771 2968 4836; x_wconf 89' lang='grc'>6)</span> <span class='ocrx_word' id='word_1_671' title='bbox 3009 4771 3091 4826; x_wconf 84' lang='grc'>10.</span> <span class='ocrx_word' id='word_1_672' title='bbox 3131 4771 3317 4825; x_wconf 75' lang='lat' dir='ltr'>Fatcm</span> <span class='ocrx_word' id='word_1_673' title='bbox 3358 4771 3731 4827; x_wconf 78' lang='lat' dir='ltr'>Columbariae</span> <span class='ocrx_word' id='word_1_674' title='bbox 3776 4775 4036 4842; x_wconf 76' lang='lat' dir='ltr'>minister,</span> <span class='ocrx_word' id='word_1_675' title='bbox 4078 4775 4251 4832; x_wconf 63' lang='lat' dir='ltr'>Mida.</span> <span class='ocrx_word' id='word_1_676' title='bbox 4292 4778 4501 4833; x_wconf 64' lang='lat' dir='ltr'>Malloi</span> <span class='ocrx_word' id='word_1_677' title='bbox 4534 4776 4653 4831; x_wconf 62' lang='grc' dir='ltr'>οῖδα</span> 
     </span>
     <span class='ocr_line' id='line_1_104' title="bbox 2704 4837 4595 4913; baseline 0.004 -19"><span class='ocrx_word' id='word_1_678' title='bbox 2704 4837 3183 4908; x_wconf 70' lang='lat' dir='ltr'>Monebezyardiae</span> <span class='ocrx_word' id='word_1_679' title='bbox 3225 4840 3624 4910; x_wconf 72' lang='lat' dir='ltr'>ludimayister,</span> <span class='ocrx_word' id='word_1_680' title='bbox 3676 4843 3983 4912; x_wconf 77' lang='lat' dir='ltr'>Eynardus</span> <span class='ocrx_word' id='word_1_681' title='bbox 4019 4844 4249 4913; x_wconf 73' lang='lat' dir='ltr'>Pichon,</span> <span class='ocrx_word' id='word_1_682' title='bbox 4287 4850 4399 4900; x_wconf 71' lang='lat' dir='ltr'>iam</span> <span class='ocrx_word' id='word_1_683' title='bbox 4437 4863 4468 4900; x_wconf 78' lang='lat' dir='ltr'><strong><em>s</em></strong></span> <span class='ocrx_word' id='word_1_684' title='bbox 4586 4847 4595 4856; x_wconf 85' lang='lat'><em>‘</em></span> 
     </span>
     <span class='ocr_line' id='line_1_105' title="bbox 2701 4908 4653 4980; baseline 0.002 -17"><span class='ocrx_word' id='word_1_685' title='bbox 2701 4924 2875 4978; x_wconf 76' lang='lat' dir='ltr'>supra</span> <span class='ocrx_word' id='word_1_686' title='bbox 2910 4909 3139 4964; x_wconf 75' lang='lat' dir='ltr'>laudati.</span> <span class='ocrx_word' id='word_1_687' title='bbox 3212 4910 3295 4961; x_wconf 83' lang='lat' dir='ltr'>De</span> <span class='ocrx_word' id='word_1_688' title='bbox 3340 4908 3541 4964; x_wconf 76' lang='lat' dir='ltr'>Thema</span> <span class='ocrx_word' id='word_1_689' title='bbox 3577 4910 3746 4966; x_wconf 76' lang='lat' dir='ltr'>adeas</span> <span class='ocrx_word' id='word_1_690' title='bbox 3780 4912 4053 4980; x_wconf 50' lang='lat' dir='ltr'>Hermum.</span> <span class='ocrx_word' id='word_1_691' title='bbox 4087 4913 4323 4970; x_wconf 71' lang='lat' dir='ltr'>1V.120.</span> <span class='ocrx_word' id='word_1_692' title='bbox 4361 4913 4489 4969; x_wconf 89' lang='grc'><strong>178.</strong></span> <span class='ocrx_word' id='word_1_693' title='bbox 4622 4929 4653 4966; x_wconf 85' lang='grc' dir='ltr'><strong>ο</strong></span> 
     </span>
     <span class='ocr_line' id='line_1_106' title="bbox 2704 4977 4652 5047; baseline 0.002 -15"><span class='ocrx_word' id='word_1_694' title='bbox 2704 4979 2984 5033; x_wconf 71' lang='lat' dir='ltr'>Lonmtio</span> <span class='ocrx_word' id='word_1_695' title='bbox 3023 4977 3423 5044; x_wconf 74' lang='lat' dir='ltr'>Kirchhoferus</span> <span class='ocrx_word' id='word_1_696' title='bbox 3449 4995 3509 5047; x_wconf 80' lang='lat'>12·</span> <span class='ocrx_word' id='word_1_697' title='bbox 3546 4977 3614 5032; x_wconf 87' lang='lat'>80</span> <span class='ocrx_word' id='word_1_698' title='bbox 3656 4980 3960 5036; x_wconf 65' lang='lat' dir='ltr'>Commium</span> <span class='ocrx_word' id='word_1_699' title='bbox 3995 4983 4167 5039; x_wconf 78' lang='lat' dir='ltr'>habet.</span> <span class='ocrx_word' id='word_1_700' title='bbox 4238 4983 4349 5038; x_wconf 75' lang='lat' dir='ltr'>Hic</span> <span class='ocrx_word' id='word_1_701' title='bbox 4381 4991 4437 5039; x_wconf 77' lang='lat' dir='ltr'>et</span> <span class='ocrx_word' id='word_1_702' title='bbox 4474 4985 4537 5037; x_wconf 74' lang='lat' dir='ltr'>in</span> <span class='ocrx_word' id='word_1_703' title='bbox 4570 4982 4652 5036; x_wconf 69' lang='lat' dir='ltr'>dia</span> 
     </span>
     <span class='ocr_line' id='line_1_107' title="bbox 2703 5048 4648 5184; baseline 0.002 -18"><span class='ocrx_word' id='word_1_704' title='bbox 2703 5048 3769 5184; x_wconf 44' lang='lat' dir='ltr'>“aaa‘132⁸‘2235222022‘0‘225m3·</span> <span class='ocrx_word' id='word_1_705' title='bbox 3788 5050 3938 5176; x_wconf 57' lang='lat'><strong><em>1355:</em></strong></span> <span class='ocrx_word' id='word_1_706' title='bbox 3976 5053 4423 5176; x_wconf 43' lang='lat' dir='ltr'>“iae-120...</span> <span class='ocrx_word' id='word_1_707' title='bbox 4479 5118 4648 5175; x_wconf 56' lang='lat' dir='ltr'>...h-2.</span> 
     </span>
     <span class='ocr_line' id='line_1_108' title="bbox 2698 5184 4654 5308; baseline 0.003 -70"><span class='ocrx_word' id='word_1_708' title='bbox 2698 5185 3059 5308; x_wconf 49' lang='grc' dir='ltr'>ἑξξρινῖεέὲςταν</span> <span class='ocrx_word' id='word_1_709' title='bbox 3090 5201 3146 5254; x_wconf 82' lang='lat' dir='ltr'>p.</span> <span class='ocrx_word' id='word_1_710' title='bbox 3179 5184 3300 5238; x_wconf 80' lang='lat'>348.</span> <span class='ocrx_word' id='word_1_711' title='bbox 3375 5184 3596 5242; x_wconf 77' lang='lat' dir='ltr'>Ruchat</span> <span class='ocrx_word' id='word_1_712' title='bbox 3631 5189 3729 5244; x_wconf 90' lang='lat' dir='ltr'>VI.</span> <span class='ocrx_word' id='word_1_713' title='bbox 3767 5186 3876 5256; x_wconf 78' lang='lat'>75.)</span> <span class='ocrx_word' id='word_1_714' title='bbox 3949 5188 4085 5245; x_wconf 72' lang='lat' dir='ltr'>Fuit</span> <span class='ocrx_word' id='word_1_715' title='bbox 4117 5195 4309 5258; x_wconf 73' lang='lat' dir='ltr'>postea</span> <span class='ocrx_word' id='word_1_716' title='bbox 4347 5190 4534 5246; x_wconf 79' lang='lat' dir='ltr'>Orbae</span> <span class='ocrx_word' id='word_1_717' title='bbox 4564 5186 4654 5243; x_wconf 76' lang='lat' dir='ltr'>uln&#39;</span> 
     </span>
     <span class='ocr_line' id='line_1_109' title="bbox 2724 5295 4428 5396; baseline 0.002 -19"><span class='ocrx_word' id='word_1_718' title='bbox 2724 5322 2866 5379; x_wconf 82' lang='grc'><strong>788.</strong></span> <span class='ocrx_word' id='word_1_719' title='bbox 2903 5324 2962 5388; x_wconf 91' lang='grc'>1)</span> <span class='ocrx_word' id='word_1_720' title='bbox 3002 5295 3366 5391; x_wconf 59' lang='lat' dir='ltr'>Lquentorato</span> <span class='ocrx_word' id='word_1_721' title='bbox 3407 5321 3682 5380; x_wconf 72' lang='lat' dir='ltr'>Lutetiam</span> <span class='ocrx_word' id='word_1_722' title='bbox 3718 5334 3779 5381; x_wconf 81' lang='lat' dir='ltr'>ut</span> <span class='ocrx_word' id='word_1_723' title='bbox 3814 5327 4091 5396; x_wconf 76' lang='lat' dir='ltr'>sequentia</span> <span class='ocrx_word' id='word_1_724' title='bbox 4128 5325 4428 5381; x_wconf 75' lang='lat' dir='ltr'>declarant.</span> 
     </span>
    </p>
   </div>
   <div class='ocr_carea' id='block_1_19' title="bbox 4739 4 4772 1112">
    <p class='ocr_par' dir='ltr' id='par_1_21' title="bbox 4739 4 4772 1112">
     <span class='ocr_line' id='line_1_110' title="bbox 4739 4 4772 1112; baseline 0 0"><span class='ocrx_word' id='word_1_725' title='bbox 4739 4 4772 1112; x_wconf 95' lang='lat' dir='ltr'> </span> 
     </span>
    </p>
   </div>
   <div class='ocr_carea' id='block_1_20' title="bbox 4751 2934 4777 3503">
    <p class='ocr_par' dir='ltr' id='par_1_22' title="bbox 4751 2934 4777 3503">
     <span class='ocr_line' id='line_1_111' title="bbox 4751 2934 4777 3503; baseline 0 0"><span class='ocrx_word' id='word_1_726' title='bbox 4751 2934 4777 3503; x_wconf 95' lang='lat' dir='ltr'> </span> 
     </span>
    </p>
   </div>
   <div class='ocr_carea' id='block_1_21' title="bbox 4770 3668 4805 5038">
    <p class='ocr_par' dir='ltr' id='par_1_23' title="bbox 4770 3668 4805 5038">
     <span class='ocr_line' id='line_1_112' title="bbox 4770 3668 4805 5038; baseline 0 0"><span class='ocrx_word' id='word_1_727' title='bbox 4770 3668 4805 5038; x_wconf 95' lang='lat' dir='ltr'> </span> 
     </span>
    </p>
   </div>
  </div>
 </body>
</html>
