4825 6175
200 470 324 535 637

201 675 409 808 3305,
472 656 707 741 iusque
763 677 804 722 a
873 677 950 724 ce
1004 677 1133 741 que
1187 677 1353 724 vous
1421 676 1508 722 en
1570 655 1706 723 aiez
1758 655 2159 721 aultrement

286 762 442 809 vise.

371 827 557 894 Nous
599 847 810 894 avons
867 849 945 894 eu
992 828 1224 912 depuis
1282 829 1593 912 quelques
1633 826 1814 894 iours
1857 847 2036 893 assez
2075 824 2158 891 de

197 912 575 980 fascheries.
590 913 652 990 ὅ)
716 913 899 979 Pour
942 914 1005 981 le
1048 916 1279 995 moins,
1325 915 1383 980 si
1417 915 1653 981 cestoit
1687 935 1727 979 a
1769 912 2155 992 souhaitter‚

199 999 312 1065 ien
353 998 688 1067 vouldrois
739 1000 894 1066 bien
947 1000 1179 1067 moins.
1269 1001 1445 1066 Mais
1488 1010 1710 1065 nostre
1752 999 2159 1066 consolation

199 1092 266 1151 et
305 1085 458 1169 ioye
502 1093 605 1151 est
660 1092 811 1151 tant
864 1107 946 1152 en
989 1087 1056 1152 la
1113 1087 1331 1152 bonne
1380 1085 1761 1153 conscience
1808 1105 1936 1168 que
1989 1105 2158 1150 nous

199 1191 408 1238 avons
467 1170 547 1237 de
601 1172 817 1237 servir
872 1193 913 1237 a
970 1172 1147 1237 Dieu
1205 1172 1618 1251 fidelement,
1683 1192 1856 1255 quen
1911 1170 2158 1253 lespoir

200 1256 340 1341 quil
384 1254 677 1323 donnera
719 1258 937 1323 bonne
979 1257 1156 1323 issue
1199 1279 1241 1323 a
1273 1266 1435 1324 tout.
1525 1257 1587 1323 Il
1629 1277 1797 1322 nous
1829 1255 2000 1323 fault
2042 1276 2158 1321 ex-

197 1342 601 1427 perimenter
643 1363 773 1427 que
816 1351 1038 1411 nostre
1084 1343 1189 1410 vie
1233 1365 1318 1410 en
1353 1365 1427 1411 ce
1459 1342 1699 1409 monde
1735 1350 1834 1408 est
1878 1362 2009 1407 une
2042 1341 2157 1406 ba-

199 1427 401 1495 taille.
470 1428 604 1495 Oar
646 1429 926 1513 quelque
969 1428 1167 1496 chose
1209 1451 1337 1514 que
1380 1431 1555 1496 Dieu
1599 1450 1763 1495 nous
1807 1448 1891 1493 en
1933 1449 2155 1493 mons-

199 1521 323 1594 tre,
368 1533 568 1581 encor
608 1537 657 1598 y
699 1535 785 1581 en
827 1535 867 1580 a
908 1514 958 1579 il
1000 1515 1157 1582 bien
1200 1536 1330 1600 peu
1372 1518 1484 1600 qui
1526 1537 1598 1582 se
1639 1515 1942 1598 puissent
1982 1513 2158 1579 tenir

198 1597 288 1684 dy
332 1598 650 1666 chercher
689 1598 837 1666 leur
877 1621 1087 1684 repes.
1503 1613 1512 1617 ’

369 1685 745 1766 monsieur,
824 1706 1016 1769 apres
1079 1695 1324 1754 mestre
1388 1685 1843 1752 humblement
1906 1703 2159 1750 recom-

199 1769 442 1837 mande
490 1791 531 1836 a
586 1780 808 1838 vostre
865 1772 1081 1839 bonne
1134 1793 1328 1857 grace
1382 1787 1451 1839 et
1504 1771 1586 1839 de
1641 1768 2155 1846 Madamoiselle,

199 1875 357 1923 sans
424 1856 679 1923 oublier
734 1857 803 1922 la
869 1858 1087 1925 bonne
1144 1860 1580 1944 compaignie,
1647 1856 1711 1922 ie
1777 1855 2155 1940 supplieray

198 1951 425 2008 nostre
466 1941 599 2008 bon
618 1941 799 2010 Dieu
838 1942 920 2011 de
965 1964 1124 2011 vous
1169 1945 1353 2011 avoir
1396 1966 1481 2010 en
1525 1963 1599 2010 sa
1641 1943 1891 2009 saincte
1934 1940 2155 2025 garde,

198 2048 363 2095 vous
408 2028 677 2095 assister
718 2028 801 2095 de
845 2030 997 2114 plus
1052 2049 1138 2094 en
1192 2030 1346 2115 plus
1400 2038 1469 2096 et
1512 2050 1675 2095 vous
1718 2027 1993 2094 fortifier
2037 2046 2159 2110 par

201 2133 324 2179 son
487 2115 594 2196 rit,
637 2135 805 2199 pour
839 2115 1106 2182 resister
1149 2138 1189 2181 a
1232 2125 1381 2182 tous
1423 2114 1696 2183 assaulz.
1786 2112 1881 2179 Oe
1926 2116 2027 2177 23.
2075 2110 2158 2178 de

197 2134 575 2268 Novfflre
615 2204 807 2268 1547.
829 2204 885 2280 6)

371 2337 619 2406 Vostre
661 2340 988 2407 serviteur
1031 2346 1100 2405 et
1141 2338 1410 2405 humble
1452 2339 1643 2417 frere,

1333 2457 1612 2524 Oharles
1655 2455 2051 2543 Despeville.

971 2754 1380 2764 „m

1094 2987 1252 3061 ⁰8⁰.

731 3144 1205 3214 OALVINUS
1249 3144 1621 3213 VIRETO.

377 3311 637 3380 Sonerio
693 3316 791 3381 rei
837 3316 1194 3398 familiaris
1257 3319 1485 3399 inopia
1543 3317 1852 3385 laboranti
1907 3319 2158 3401 frustra

194 3399 881 3553 &mmrm.
920 3402 1094 3470 vellet
1147 3405 1474 3486 quaesivit.
1582 3403 1864 3471 Genevae
1915 3425 2158 3488 semper

201 3655 312 3723 (Ex
348 3672 422 3710 au
616 3657 690 3712 ho
723 3658 854 3714 Cod.
890 3658 1097 3714 Gener.
1136 3660 1253 3728 106,
1289 3661 1378 3715 fol.
1414 3658 1533 3717 205.
1585 3661 1721 3718 0011.
1754 3678 1799 3715 c.
1835 3661 1968 3717 Ood.
2004 3661 2159 3744 lut,

200 3726 291 3780 fol.
328 3723 430 3788 153
649 3726 765 3796 111,
801 3728 898 3782 fol.
931 3726 1035 3782 1⁷4
1048 3728 1446 3866 ivger&·)sspp.
1483 3731 1606 3788 VII.
1641 3747 1696 3801 p.
1732 3727 1836 3784 857
1873 3736 1931 3785 et
1964 3731 2160 3786 Simler

380 3966 646 4032 Eximio
703 3967 954 4034 Christi
1021 3989 1214 4035 servo
1281 3969 1366 4034 D.
1419 3970 1621 4036 Petro
1687 3969 1919 4036 Vireto
1976 3971 2159 4037 Lau·

207 4053 552 4118 saunensis
595 4054 906 4121 ecclesiae
947 4057 1197 4138 pastori
1241 4057 1451 4121 amico
1487 4066 1552 4120 et
1573 4056 2160 4209 ffiffsnffieissmo

385 4273 455 4341 S.
531 4274 780 4342 Sonerii
833 4278 1044 4344 nostri
1098 4297 1205 4342 me
1260 4297 1516 4361 quoque
1559 4277 1753 4345 valde
1796 4280 2081 4344 miseret.
2109 4279 2158 4362 ¹)

211 4362 430 4442 Atque
487 4362 744 4428 utinam
813 4384 882 4430 se
937 4362 1312 4429 ostenderet
1363 4363 1583 4445 aliqua
1647 4364 1791 4447 opis
1852 4363 2161 4430 ferendae

211 4642 260 4691 a
296 4634 367 4688 de
400 4564 704 4691 gaqum
737 4566 812 4622 les
846 4567 1025 4623 lettres
1050 4565 1404 4637 precidentes
1439 4584 1537 4624 sur
1571 4567 1809 4639 Paffaire
1830 4569 1897 4626 de
1917 4570 2161 4641 Maiyret

419 4702 480 4768 6)
522 4705 614 4758 Aa
649 4704 778 4759 dos.-
821 4705 1035 4759 Receue
1081 4706 1133 4759 le
1186 4704 1262 4757 10.
1299 4704 1722 4766 landen-,1548
1798 4706 1889 4762 La
1923 4707 2051 4763 date
2084 4708 2162 4763 du

214 4771 295 4825 23.
334 4770 640 4828 Novembre

216 4849 351 4895 tear.
421 4841 478 4895 11
509 4842 638 4905 faut
687 4843 797 4896 ire.-
830 4842 1148 4897 Decembre.
1230 4843 1385 4898 Voici
1417 4860 1517 4900 nos
1551 4846 1801 4900 rai-sons.-
1837 4844 2006 4901 Dans
2039 4847 2165 4902 celle

217 4908 295 4991 du
327 4906 415 4964 28.
453 4910 593 4965 Noe.
638 4909 1000 4994 Pivnpression
1046 4912 1206 4995 n’est,
1260 4927 1330 4993 as
1373 4928 1564 4970 encore
1609 4913 1862 4997 ternginee
1905 4921 1956 4970 et
1997 4915 2164 4970 me‘me

219 5046 296 5101 du
330 5045 365 5100 6
388 4979 1206 5128 Ἥαηεξυῖὰγΐᾶῑοωῑιεῖῗ
1229 4997 1297 5103 οἳ
1312 4979 1982 5119 Ιῗιοὲνέεεηέιῖἱῗωοξῗ
1998 4985 2165 5109 1²:53⁶

219 5114 471 5171 Janveer.
547 5116 670 5172 Elle
695 5120 859 5187 pau-le
909 5117 1184 5173 d'eaecuses
1225 5120 1398 5187 faites
1433 5120 1472 5174 ὰ
1503 5118 1713 5188 Pinara
1746 5119 2080 5177 d'Utenhove
2113 5128 2164 5177 et

222 5184 297 5239 du
325 5187 716 5255 protonotaire,
752 5193 801 5242 et
834 5202 920 5243 ees
954 5203 1174 5242 excuses
1217 5203 1274 5240 se
1324 5188 1486 5245 lisent
1517 5189 1893 5257 effectivement
1929 5190 2072 5245 dans
2109 5191 2164 5245 la

209 5253 485 5388 ³35!ss
509 5253 716 5378 6fi'aeile
747 5325 1036 5379 eonieeeris
1071 5339 1190 5379 eum
1225 5325 1314 5379 his
1347 5329 1624 5396 anqustiis
1652 5342 1902 5397 pressum
1935 5343 2167 5383 eommu-

221 5393 477 5448 taiionem
508 5394 841 5462 quaesivisse
874 5393 940 5448 de
972 5410 1083 5464 qua
1118 5393 1197 5450 N.
1232 5392 1337 5448 905
1370 5400 1423 5450 et
1454 5393 1573 5450 907.

1903 470 2063 533 1547
2104 466 2517 535 DECEMB.

821 4773 834 4786 ‘
949 4772 1297 4829 e'videmment
1322 4773 1484 4829 d‘une
1502 4775 1891 4832 inadvertanee
1923 4778 1992 4832 de
2024 4777 2161 4832 Fau·
2267 4817 2316 4822 --

4084 472 4207 534 038

2258 655 2447 721 ratio.
2536 654 2825 720 Tentavi
2867 655 3117 721 omnia:
3179 655 3349 720 nihil
3401 657 3729 723 suoeessit.
3817 656 4052 724 Mutuo
4140 656 4211 723 ui

2259 739 2419 807 dare
2460 741 2623 808 velit
2653 740 3003 824 pecuniam
3047 761 3242 806 nemo
3276 742 3630 808 invenitur.
3697 743 3791 807 Et
3825 763 3981 808 sane
4023 677 4212 808 viges

2258 834 2571 910 tempora.
2661 826 2772 891 Ex
2825 827 2989 893 meis
3040 826 3467 893 familiaribus
3520 847 3711 894 nemo
3767 829 3965 893 etiam
4017 827 4212 894 hodie

2258 922 2362 979 est
2404 913 2516 997 qui
2560 919 2969 996 praesentem
3007 914 3349 995 pecuniam
3393 913 3651 995 habeat,
3697 934 3892 997 quam
3936 913 4098 979 velit
4138 914 4212 979 in

2258 1002 2666 1083 possessione
2708 997 3042 1063 collocare.
3134 998 3508 1065 Montanum
3528 1003 3585 1077 ²)
3632 1000 3970 1066 nominare
4013 1021 4213 1066 ausus

2260 1106 2392 1151 non
2440 1105 2606 1150 sum.
2670 1083 2852 1148 Nihil
2897 1096 3120 1149 tamen
3165 1085 3424 1151 nocebit
3466 1085 3768 1170 experiri,
3814 1107 3899 1151 an
3941 1107 4090 1152 cum
4135 1105 4213 1150 eo

2259 1171 2489 1237 confici
2534 1169 2777 1253 aliquid
2813 1178 3027 1253 queat.
3095 1169 3267 1236 Cum
3317 1171 3666 1238 Gaucherio
3692 1171 3968 1250 FareHO,
4011 1191 4214 1255 quum

2260 1276 2475 1340 nuper
2520 1257 2644 1323 hac
2686 1258 2999 1321 transiret
3036 1257 3235 1322 etiam
3271 1257 3581 1340 loquutus
3623 1279 3821 1323 eram.
3891 1256 4027 1325 Sed
4071 1257 4215 1322 ani-

2260 1362 2463 1421 mum,
2509 1342 2639 1409 nisi
2683 1340 2892 1420 fallor,
2937 1342 3068 1408 huc
3101 1343 3214 1409 vix
3259 1343 3538 1409 adiiciet.
3627 1342 3704 1410 Si
3748 1343 3915 1408 nihil
3960 1345 4107 1410 istic
4141 1365 4214 1409 se

2259 1427 2524 1507 offerat,
2585 1440 2884 1510 superest
2937 1437 3013 1492 ut
3056 1428 3346 1494 Bernam
3404 1429 3716 1495 concedat
3757 1431 3975 1512 potius
4017 1451 4215 1513 quam

2260 1523 2575 1597 perpetuo
2617 1535 2689 1580 se
2732 1514 3049 1580 conficiat.

2432 1601 2570 1666 Res
2613 1609 2878 1666 nostrae
2921 1599 3126 1666 nihilo
3160 1599 3412 1665 habent
3453 1600 3706 1667 melius.
3794 1601 3945 1667 Non
3988 1599 4216 1667 desino

2261 1705 2518 1770 urgere.
2643 1683 2779 1752 Sed
2845 1704 3107 1769 parum,
3190 1693 3309 1751 aut
3369 1686 3508 1753 fere
3573 1685 3770 1766 nihil,
3841 1684 4214 1770 promoveo.

2261 1771 2455 1838 Nunc
2500 1771 2696 1837 redeo
2740 1790 2823 1835 ex
2868 1781 3115 1838 senatu.
3139 1776 3197 1848 Β)
3285 1772 3502 1838 Multa
3557 1772 3714 1853 dixi,
3773 1771 3889 1838 sed
3949 1773 4212 1840 canitur

2261 1857 2481 1924 surdis
2555 1857 2796 1924 fabula.
2916 1856 3245 1924 Dominus
3322 1857 3454 1923 illis
3521 1868 3812 1924 mentem
3891 1860 4213 1925 restituat.

2261 1941 2518 2009 Fare-llo
2575 1966 2709 2009 non
2765 1941 2997 2009 scribo.
3114 1944 3215 2009 'Du
3272 1943 3462 2009 illum
3520 1945 3863 2010 certiorem
3920 1944 4217 2010 omnium

2259 2027 2514 2094 reddas.
2613 2029 2782 2095 Vale
2800 2080 2816 2107 ,
2882 2029 3085 2094 frater
3141 2039 3209 2094 et
3266 2031 3471 2096 amice
3525 2031 3880 2097 carissime.
3982 2029 4217 2097 Saluta

2257 2112 2499 2180 fratres
2543 2136 2770 2181 omnes
2813 2125 2879 2179 et
2922 2115 3184 2181 amicos.
3272 2115 3486 2182 Uxori
3530 2126 3679 2182 tuae
3720 2117 4072 2201 plurimam
4108 2137 4214 2183 sa-

2260 2198 2484 2265 lutem.
2573 2201 2729 2267 Mea
2770 2198 2872 2265 illi
2916 2201 3091 2266 socia
3132 2210 3234 2266 est
3276 2201 3345 2266 in
3390 2202 3588 2268 lentis
3632 2204 3894 2270 morbis.
3962 2201 4216 2268 Vereor

2260 2306 2344 2350 ne
2388 2286 2547 2370 quid
2591 2295 2851 2370 praeter
2895 2295 3143 2353 votum.
3211 2285 3346 2354 Sed
3389 2289 3550 2355 satis
3593 2311 3712 2355 nos
3751 2303 4010 2374 angunt
4040 2287 4216 2354 mala

2256 2373 2649 2455 praesentia.
2736 2373 3065 2438 Dominus
3121 2393 3193 2437 se
3250 2375 3604 2457 propitium
3658 2373 3846 2441 nobis
3892 2374 4210 2440 ostendat.

2263 2456 2591 2526 Plessiaeo
2650 2457 2993 2526 excusabis
3037 2457 3209 2541 quod
3266 2480 3441 2526 nunc
3499 2482 3540 2526 a
3596 2482 3703 2526 me
3761 2460 3930 2526 nihil
3981 2462 4216 2545 recipit

2256 2542 2618 2611 literarum.
2709 2544 2914 2610 Brevi
2957 2543 3257 2611 scribam.
3348 2550 3448 2612 23.
3493 2544 3803 2613 Decemb.
3859 2551 4039 2613 1547.

3185 2680 3470 2748 Ioannes
3513 2680 3834 2749 Calvinus
3878 2692 4049 2751 tuus.

3016 2972 3424 2986 m

3164 3194 3317 3267 981.

2803 3348 3276 3419 GALVINUS
3324 3349 3685 3418 VIRE'PO.

2440 3518 3119 3588 SuadetutGenevam
3149 3525 3380 3602 veniat,
3421 3523 3754 3589 utsoizieet
3794 3522 4068 3606 aliqum
4108 3522 4217 3590 ha-

2262 3605 2994 3673 beatineuiussinum
3051 3628 3393 3676 aerumnas
3444 3629 3603 3676 suas
3656 3608 3962 3692 effundat,
4014 3608 4216 3677 etho-

2261 3693 3390 3778 minumetadeovitaepertaesus.

2263 3865 2395 3988 ᾖ
2408 3881 2534 3987 ahl
2575 3882 2638 3918 ra
2674 3863 2747 3918 ho
2784 3863 2915 3920 Ood.
2951 3863 3156 3919 Gonev.
3198 3864 3312 3933 106,
3343 3867 3437 3920 fol.
3463 3865 3583 3921 206.
3630 3867 3854 3936 Apogra
3892 3865 3964 3918 ha
3997 3872 4218 3921 exstant

2549 3946 2589 3986 α,
2646 3934 2716 3988 01.
2752 3932 2847 3996 15;
2895 3933 3024 3988 eod.
3063 3933 3178 3999 111,
3229 3935 3321 3989 fol.
3365 3933 3465 3989 1⁷4
3500 3952 3575 3998 v.;
3624 3936 3787 3988 Bern.
3952 3976 3965 3989 .
3999 3935 4127 3989 VII.
4160 3953 4214 4005 p.

2555 4000 2675 4057 858.
2748 4002 2960 4056 Simler.
2996 4002 3124 4058 Vol.
3159 4000 3244 4057 65.
3283 4033 3349 4044 -·
3382 4004 3543 4074 Angl.
3580 4004 3641 4058 Τ.
3676 4004 3748 4058 11.
3788 3951 3949 4071 1333)

2265 4173 2533 4239 Eximio
2575 4174 2846 4241 Domini
2892 4175 3102 4241 nostri
3143 4174 3300 4240 Iesu
3324 4175 3576 4242 Christi
3613 4197 3805 4242 servo
3846 4176 4050 4243 Petro
4091 4175 4216 4241 vi-

2264 4269 2406 4326 reto
2450 4261 2946 4327 Lausannensis
2993 4259 3304 4362 ecclesiae
3356 4263 3606 4345 pastori
3648 4261 3837 4327 fratri
3896 4272 3965 4327 et
4007 4262 4216 4328 amico

3060 4366 3415 4413 carissime.

2436 4480 2506 4549 S.
2587 4483 2775 4549 Inter
2817 4485 3139 4550 maximos
3181 4491 3402 4550 aestus
3444 4492 3820 4550 nostrarum
3863 4491 4216 4568 tempesta·

2264 4576 2411 4633 tum
2461 4589 2592 4634 non
2636 4567 2830 4635 debui
2875 4578 3098 4635 tamen
3144 4569 3465 4636 hactenus
3518 4579 3586 4635 te
3637 4590 3868 4653 rogare
3913 4577 3987 4635 ut
4030 4569 4216 4635 veni·

2264 4674 2389 4733 res,
2436 4655 2589 4737 quia
2631 4654 2915 4721 sciebam
2971 4664 3038 4720 te
3095 4676 3348 4739 quoque
3403 4656 3548 4722 istic
3607 4656 3989 4722 necessariis
4032 4676 4217 4722 occu-

2469 4911 2532 4981 2)
2568 4912 2664 4967 An
2702 4911 2993 4967 Claudium
3031 4909 3280 4967 Damon&
3322 4927 3389 4966 ex
3429 4910 3700 4967 Comitatus
3732 4927 3801 4965 su
3913 4912 3924 4924 ⁸
3999 4912 4010 4926 ⁸
4070 4911 4216 4965 Bm·-

2260 4980 2515 5090 maulia}³
2538 4980 2860 5042 oriundum,
2918 4979 3166 5036 Genevae
3211 4981 3479 5036 advenam
3514 4987 3566 5036 et
3597 4996 3651 5035 a.
3692 4979 3794 5035 155
3863 4983 3925 5035 in
3957 4982 4101 5036 cives
4134 4995 4216 5035 re·

2357 5057 2494 5106 tum.

2260 5067 2357 5120 οφ
2472 5119 2531 5187 3)
2570 5117 2695 5173 Iam
2724 5118 2994 5186 postridie
3027 5120 3144 5172 eius
3179 5117 3291 5172 diei
3323 5133 3430 5188 quo
3462 5119 3748 5172 imnulium
3780 5118 3934 5173 illum
3970 5124 4215 5173 aerium

2267 5188 2511 5244 diriorum
2545 5193 2768 5242 senatus
2800 5186 3090 5242 nonnullos
3137 5188 3399 5242 commisit
3442 5188 3542 5257 qui
3578 5186 3806 5243 Calvino
3844 5187 4105 5255 praeside
4146 5188 4215 5242 de

2267 5257 2648 5313 conciliatione
2672 5257 2920 5324 partium
2966 5261 3292 5319 tractarent,
3337 5262 3388 5311 et
3431 5257 3666 5312 mame
3704 5256 3933 5311 Perrini
3974 5257 4215 5311 animum

2267 5327 2536 5381 mulceren
2610 5326 2712 5396 qni
2741 5339 2799 5379 se
2832 5325 2911 5379 ad
2943 5324 3080 5379 talt'a
3120 5331 3382 5393 paratum
3428 5325 3729 5384 declaravit
3766 5324 3926 5396 (1309.
3964 5325 4041 5380 du
4081 5324 4214 5381 Con·

2270 5395 2369 5450 seil
2399 5393 2484 5448 22.
2584 5409 2654 5449 ec.
2732 5393 2933 5462 Galiffe
2963 5410 3021 5464 p.
3054 5391 3122 5447 57
3158 5409 3230 5448 ss.
3301 5391 3520 5449 &enus
3554 5396 3588 5450 1.
3623 5396 3698 5462 1.).
3773 5394 3857 5462 (ΞΥ.
3895 5394 3971 5450 Ν.
4004 5392 4122 5448 988.
