4825 6175
223 399 351 460 ⁷17

221 603 432 650 avons
474 583 762 650 entendu
815 605 889 651 ee
946 606 1074 672 que
1127 594 1201 651 tu
1248 606 1414 652 nous
1471 606 1546 651 as
1594 586 1839 669 eseript
1880 607 1993 653 sus
2049 606 2174 651 nez

217 668 430 736 letres
470 671 790 737 touchant
840 670 936 737 les
989 669 1344 754 presidens,
1401 670 1744 757 disputans
1785 672 2175 738 et-notaires

220 754 341 821 des
377 753 816 839 disputatione
843 757 1188 841 publiques
1219 765 1455 823 tenues
1489 777 1532 822 a
1550 758 1906 824 Lausanne
1939 758 2176 823 lannee

223 844 416 906 1536.
517 839 829 927 Surquoy
878 863 1086 909 avons
1148 842 1441 910 ordonne
1504 864 1631 927 que
1694 853 1837 928 toy,
1902 842 2176 910 messire

217 926 474 993 Girard
523 927 766 1008 Grand,
808 928 873 994 N
873 928 1074 995 icolas
1130 928 1211 995 de
1269 928 1631 996 Wattemaz
1685 941 1755 996 et
1808 941 2031 996 nostre
2073 950 2177 994 se-

215 1013 504 1079 eretaire
550 1014 909 1098 regardent
972 1014 1474 1100 diligentement
1528 1015 1591 1080 le
1656 1016 1944 1100 premier
1994 1024 2174 1081 tran·-

215 1099 431 1183 seript
484 1098 565 1165 de
619 1099 805 1185 Loys
860 1099 1168 1167 Mer-cerie
1217 1100 1434 1184 lequel
1485 1124 1654 1169 nous
1708 1122 1748 1166 a
1799 1102 2010 1168 rendu
2068 1121 2177 1168 ces

212 1184 401 1250 iours
443 1205 687 1268 pasees.
775 1186 868 1252 Et
909 1208 951 1252 a
990 1207 1066 1253 ee
1108 1185 1276 1252 faire
1319 1187 1576 1272 estably
1616 1187 1780 1265 iour‚
1840 1208 1880 1253 a
1922 1188 2177 1253 seavoir

212 1270 280 1336 le
325 1271 615 1354 premier
655 1271 802 1337 iour
843 1271 932 1338 du
966 1272 1282 1354 prochain
1318 1293 1509 1357 moys
1544 1272 1625 1338 de
1658 1273 1884 1339 Iulliet
1926 1293 1967 1337 a
2000 1293 2174 1338 com-

213 1357 549 1439 paroistre
590 1358 696 1442 iey
738 1378 823 1423 en
868 1366 1092 1424 nostre
1135 1358 1291 1425 ville
1335 1356 1417 1423 de
1462 1358 1698 1425 Berne.
1733 1362 1782 1437 ι)
1847 1360 2031 1425 Dent
2074 1366 2177 1423 est

214 1450 447 1508 nostre
489 1441 742 1508 vouloir
784 1451 854 1508 et
894 1442 1467 1510 commandement
1521 1465 1649 1528 qne
1701 1454 1776 1510 tu
1834 1453 1902 1508 te
1961 1453 2176 1510 trans-

212 1536 410 1611 porte
466 1527 751 1612 pardeea
809 1549 977 1613 pour
1034 1528 1353 1595 entendre
1402 1551 1559 1597 avec
1612 1529 1707 1595 les
1762 1550 2174 1596 susnommez

214 1613 444 1680 audiet
487 1613 749 1694 affaire,
805 1622 873 1680 et
926 1636 1055 1698 que
1110 1627 1184 1680 tu
1229 1628 1499 1699 apporte
1541 1636 1700 1682 avee
1743 1623 1859 1700 toy
1903 1625 2019 1681 ton
2064 1637 2176 1682 vo-

212 1699 401 1765 lume
446 1698 527 1765 de
566 1699 768 1766 ladite
823 1699 1246 1785 disputation.
1332 1702 1443 1768 En
1495 1724 1568 1768 ee
1626 1723 1791 1769 nous
1835 1722 1983 1767 sera
2022 1702 2179 1768 faiet

212 1784 436 1937 grand
479 1784 708 1937 plagisir
760 1798 827 1852 et
887 1787 1139 1854 service
1196 1808 1237 1851 a
1295 1808 1690 1853 remunerer.
1778 1787 2030 1853 Datum
2079 1790 2175 1852 16.

250 1870 401 1937 unii
453 1876 569 1936 154
619 1920 634 1938 .

1001 2134 1411 2145 ————————--

1097 2351 1288 2424 loss.

665 2505 1249 2574 HOTOMANUS
1294 2506 1727 2574 OALVINO.

398 2675 562 2744 Petit
610 2683 681 2743 ut
721 2679 1180 2761 praefationem
1236 2681 1560 2761 quandam
1609 2680 1737 2746 sibi
1791 2681 2175 2747 emendatam

213 2763 493 2829 remant
532 2768 591 2828 et
630 2766 882 2829 omnino
921 2765 1168 2833 scribat.
1641 2808 1650 2814 -

227 2933 344 3001 (nx
378 2936 714 3007 autographo
761 2936 895 2992 cod.
942 2936 1103 2991 ooth.
1148 2934 1279 3002 405,
1330 2936 1421 2990 fol.
1460 2932 1578 2991 126.
1625 2892 1692 2977 4-
1746 2908 1959 2992 sima.
1995 2937 2056 2992 Τ..
2091 2936 2176 2993 57.

890 3005 1081 3059 Edidit
1114 3006 1283 3059 Liebe
1317 3023 1369 3075 p.
1408 3004 1516 3074 ⁷2.)

396 3180 458 3242 A
501 3179 978 3264 Monseigneur
1019 3178 1362 3246 Monsieur
1403 3179 1802 3264 D’espeville

1276 3282 1381 3349 La
1424 3290 1575 3366 part
1616 3303 1702 3348 ou
1745 3281 1795 3346 il
1839 3302 2003 3347 sera.

396 3418 467 3485 S.
546 3416 875 3504 Equidem
935 3419 1092 3504 quid
1152 3418 1236 3484 ad
1292 3426 1358 3485 te
1393 3419 1685 3487 'scribam
1734 3419 1904 3486 nihil
1947 3419 2176 3498 habeo,

216 3505 352 3574 nisi
424 3503 600 3588 quod
664 3503 967 3590 precibus
1037 3527 1142 3571 me
1200 3506 1334 3571 tuis
1390 3514 1709 3589 perpetuo
1773 3502 2176 3584 commende,

214 3613 421 3746 33²ss
459 3589 2177 3762 mmsszffiimswmxsss

211 3764 369 3831 Nisi
402 3763 540 3843 tibi,
582 3762 1028 3829 amantissime
1062 3761 1339 3843 domine,
1385 3764 1737 3831 molestum
1772 3773 1889 3843 est,
1934 3764 2176 3830 iterum

213 3857 282 3915 te
345 3869 462 3915 oro
518 3869 665 3914 eam
720 3870 805 3914 ne
857 3869 1134 3934 gravere
1193 3849 1609 3916 emendatam
1658 3849 1743 3915 ad
1805 3871 1913 3915 me
1976 3870 2175 3932 quam

213 3936 515 4020 primum
550 3935 902 4001 remittere.
957 3933 1182 4013 Quum
1216 3935 1347 4002 eris
1381 3936 1497 4001 otii
1529 3943 1762 4002 nactus
1796 3936 1947 4019 plus
1980 3935 2178 4019 paulo

213 4021 607 4089 tabellarius
631 4021 750 4087 tibi
783 4020 1079 4087 narrabit
1112 4041 1308 4103 quam
1329 4022 1525 4088 utiles
1545 4030 1766 4088 essent
1786 4033 1942 4087 tuae
1964 4020 2045 4085 ad
2071 4042 2177 4086 me

216 4109 474 4184 literae,
517 4105 752 4191 quibus
796 4106 1585 4191 pseudo-Nicodemorum
1620 4108 1949 4193 sapientes
1984 4128 2177 4173 excu-

216 4194 512 4262 sationes
557 4200 787 4278 aperte
829 4201 896 4258 et
951 4193 1343 4259 nominatim
1398 4194 1599 4276 (nihil
1641 4203 1744 4260 est
1786 4195 1962 4259 enim
2005 4192 2176 4276 quod

215 4300 373 4350 mea
415 4299 614 4347 eausa
655 4279 953 4362 vereare)
1010 4278 1360 4346 eluderes.‘
1416 4278 1553 4346 Sed
1608 4280 1688 4346 de
1735 4279 1860 4346 hoe
1903 4279 2179 4362 aliisque

219 4365 532 4433 omnibus
573 4385 695 4448 pro
740 4380 853 4430 tua
895 4365 1221 4449 singulari
1264 4366 1641 4449 prudentia,
1701 4367 1792 4431 mi
1835 4375 2047 4450 pater,
2103 4375 2179 4429 ut

219 4462 496 4530 statues,
540 4452 639 4516 ita
680 4450 844 4515 mihi
886 4448 1236 4518 videbitur.
1322 4449 1653 4518 Dominus
1688 4459 1752 4518 te
1787 4451 2023 4535 spiritu
2058 4472 2179 4518 suo

321 4538 596 4604 bernare
637 4544 872 4621 pergat
913 4544 982 4602 et
1014 4537 1323 4604 ecclesiae
1357 4559 1513 4604 suae
1555 4538 1945 4605 ineolumem
1981 4558 2178 4621 quam

268 4623 596 4690 intissime
639 4642 1047 4690 conservare.
1138 4625 1323 4692 Vale.
1417 4628 1512 4691 17.
1558 4624 1706 4690 Iun.
1768 4623 2100 4708 Lugduni.
2127 4625 2180 4706 ¹)

1048 4760 1232 4826 Tuus
1275 4782 1360 4827 ex
1397 4762 1616 4828 animo

1401 4881 1481 4948 F.
1526 4880 1959 4947 Hotomanus.

225 5118 494 5188 10821)
531 5119 688 5175 Pom·
731 5127 876 5176 toute
921 5137 987 5175 ex
1049 5121 1251 5176 οόαῡίοη
1295 5134 1437 5173 nous
1480 5134 1788 5190 reowoyons
1833 5122 1910 5176 les
1953 5121 2179 5177 lactem

227 5193 268 5245 ὰ
304 5189 362 5243 lo
394 5189 545 5243 leurs
575 5188 644 5243 de
690 5191 837 5244 Vin-et
866 5189 944 5244 du
1051 5229 1063 5242 .
1089 5188 1224 5256 juin
1257 5186 1455 5252 (1041).
1669 5225 1673 5229 .

226 5257 415 5313 m.
442 5256 501 5323 1)
542 5256 800 5313 simlerus
848 5259 923 5314 ad
967 5275 1020 5313 a.
1068 5256 1206 5313 1545
1249 5258 1431 5324 refert.
1506 5257 1698 5313 Mense
1744 5256 1891 5314 Nov.
1939 5274 1990 5313 a.
2038 5257 2175 5313 154⁷

228 5327 576 5383 Lamum
609 5327 790 5384 adhue
823 5334 957 5396 erat,
985 5334 1181 5399 postea
1203 5326 1543 5397 Luqdumm
1576 5329 1903 5384 concessisse
1946 5334 2175 5386 constet.

2041 400 2205 462 1548
2247 393 2433 463 IUN.

4107 396 4232 458 718

3164 580 3355 651 1⁰84.

2724 735 3131 803 VIRE'I'US
3178 722 3775 831 GUALTHERO.

2461 908 2738 977 Causam
2780 910 3209 974 ministrorum
3244 908 3796 974 Lausannensium
3836 907 4037 973 denuo

2281 1016 2494 1061 eorum
2553 995 2968 1061 sinceritatem
3022 993 3297 1060 vindicat
3312 1046 3328 1072 ,
3389 1016 3429 1059 a
3473 993 3796 1076 piissimis
3829 994 3948 1075 pri
4035 994 4048 1006 '
4106 994 4118 1006 ”

2279 1083 2839 1233 fflssmgslggaeqw
2871 1086 3097 1162 sperat,
3140 1079 3470 1146 dummodo
3504 1080 3733 1144 iniuste
3767 1082 4084 1146 amatos
4120 1100 4233 1144 au-

2282 1339 2429 1403 (Dno
2466 1345 2685 1391 exstant
2728 1338 2885 1391 huius
2935 1355 2965 1391 e
3006 1339 3198 1392 istolae
3246 1336 3577 1404 exemplaria
3611 1336 3962 1406 autographa,
4000 1336 4232 1389 alterum

2281 1410 2337 1461 in
2374 1406 2505 1461 Ood.
2544 1408 2743 1461 Genev.
2785 1404 2905 1477 106,
2981 1408 3047 1461 ol.
3085 1406 3205 1471 218,
3250 1407 3304 1459 in
3353 1405 3542 1459 eadem
3597 1404 3802 1458 seilicet
3849 1405 4037 1458 charta
4079 1405 4231 1458 cuius

2281 1485 2438 1544 tergo
2474 1477 2734 1545 inscripta
2770 1477 2948 1529 fuerat
2981 1477 3085 1545 Ep.
3122 1476 3332 1529 Calvini
3369 1474 3437 1529 N.
3461 1473 3613 1528 1029.
3685 1474 4102 1543 Inscriptionem
4139 1473 4234 1526 ha-

2281 1548 2378 1599 bet
2410 1546 2742 1614 simplicem:
2797 1544 3084 1614 Redolpho
3124 1544 3426 1601 Gualthem
3440 1585 3455 1611 ,
3497 1552 3555 1596 et
3587 1543 3816 1599 fomes
3852 1559 3973 1597 eum
4007 1543 4232 1597 Calvino

2281 1614 2676 1669 communicata
2723 1614 2826 1667 fuit
2871 1620 3161 1683 antequam
3209 1613 3463 1668 Turicum
3512 1613 3849 1674 mitteretur,
3900 1613 3986 1665 vel
4036 1612 4231 1667 saltem
4282 1620 4309 1633 ²

2282 1688 2444 1736 autor
2490 1700 2659 1737 vacua
2704 1683 2928 1737 alterius
2976 1684 3239 1752 epistolae
3286 1682 3485 1752 pagina
3528 1682 3596 1734 ad
3643 1681 3782 1734 hanc
3826 1680 4232 1763 concipiendam

2281 1768 2410 1805 usus
2456 1751 2621 1806 fuisse
2667 1752 2898 1806 videtur.
2977 1752 3228 1805 Alterum
3242 1791 3255 1816 ‚
3343 1750 3450 1804 uod
3496 1749 3586 1803 bie
3631 1766 3689 1804 se
3731 1751 3934 1815 uimur,
3983 1768 4039 1804 m
4085 1748 4228 1803 Bibl.

2281 1821 2563 1875 anicensi
2607 1821 2778 1875 civica
2825 1826 3005 1875 exstat
3040 1820 3153 1875 MS.
3188 1821 3250 1874 F'.
3322 1824 3337 1844 ⁶
3400 1820 3531 1873 olim
3567 1819 3786 1873 Archiv.
3823 1819 4128 1887 Hottinger.
4165 1817 4229 1871 T.

2642 1888 2768 1943 vn.
2804 1907 2857 1958 p.
2898 1888 3020 1943 269.
3093 1890 3354 1943 Simlerus
3387 1888 3556 1941 babet
3593 1887 3717 1943 vol.
3750 1885 3865 1953 6⁷.)

2454 2059 2796 2145 Singulari
2853 2059 3220 2126 eruditione
3275 2068 3341 2126 et
3398 2061 3641 2143 pietate
3684 2059 4100 2125 ornatissimo
4144 2059 4228 2123 D.

2279 2146 2633 2232 Rodulpho
2657 2146 3023 2213 Gualthero
3068 2147 3374 2212 ecclesiae
3395 2146 3750 2229 Tigurinae
3789 2147 4036 2228 pastori
4069 2144 4233 2210 fide-

2276 2234 2527 2300 lissimo
2570 2233 2763 2299 fratri
2807 2243 2873 2298 et
2916 2230 3319 2318 symmystae
3363 2232 3753 2297 suavissimo

2453 2454 2524 2523 S.
2571 2457 2737 2522 Tam
2779 2456 2944 2521 mihi
2988 2464 3216 2541 gratae
3259 2455 3526 2520 fuerunt
3568 2464 3719 2520 tuae
3760 2454 3992 2520 literae
4035 2474 4233 2536 quam

2276 2542 2465 2627 prius
2509 2550 2883 2628 exoptatae,
2936 2541 3173 2625 quibus
3226 2539 3688 2624 responderem
3743 2540 3816 2605 in
3860 2540 4233 2623 praesentia

2280 2627 2597 2712 prolixius
2656 2629 2714 2694 si
2768 2649 2888 2711 per
2940 2627 3265 2694 tabellarii
3322 2626 3678 2692 discessum
3724 2626 3965 2691 liceret.
4054 2624 4233 2706 Quia

2278 2735 2440 2781 vero
2485 2734 2662 2780 nunc
2706 2736 2840 2780 non
2882 2714 3069 2792 licet,
3129 2713 3299 2778 malo
3358 2712 3524 2777 nihil
3580 2712 3662 2777 de
3713 2712 4080 2798 praecipuis
4127 2732 4231 2776 re-

2281 2821 2431 2866 rum
2498 2808 2874 2866 nostrarum
2940 2800 3263 2885 capitibus
3318 2800 3640 2882 attingere
3655 2848 3669 2876 ,
3750 2818 3948 2881 quam
4023 2816 4233 2882 pauca

2280 2887 2598 2954 seribere:
2636 2908 2834 2970 quum
2865 2887 3006 2952 eius
3042 2887 3179 2951 sint
3213 2885 3470 2969 generis
3505 2893 3580 2950 ut
3613 2884 3840 2969 paucis
3876 2882 4232 2968 perstringi

2280 2992 2419 3038 non
2462 2972 2732 3055 possint,
2779 2979 2845 3037 et
2887 2971 3114 3037 eadem
3159 2990 3353 3054 opera
3394 2970 3476 3034 iis
3536 2971 3911 3036 satisfacere
3952 2969 4065 3053 qui
4109 2969 4233 3034 fal-

2279 3060 2370 3126 sis
2436 3057 2519 3124 de
2581 3057 2771 3125 nobis
2834 3058 3079 3141 sparsis
3142 3055 3512 3123 rumoribus
3577 3055 3775 3123 fidem
3839 3054 4228 3123 habuerunt.

2281 3145 2514 3211 Malim
2557 3144 2780 3228 itaque
2820 3144 2985 3211 haee
3029 3143 3249 3214 omnia
3302 3144 3375 3208 in
3429 3141 3606 3209 aliud
3661 3143 3927 3209 differre
3971 3151 4233 3225 tempus

2278 3240 2346 3297 et
2398 3229 2457 3296 ei
2512 3252 2618 3296 me
2673 3232 3004 3315 integrum
3062 3249 3343 3295 servare.
3441 3228 3709 3296 Interea
3764 3229 3983 3294 forsan
4038 3226 4231 3293 nobis

2279 3316 2693 3382 innotescent
2752 3317 2962 3400 magis
3028 3316 3559 3381 criminationum
3617 3324 3682 3381 et
3748 3315 4233 3381 calumniarum

2280 3402 2601 3468 adversus
2644 3423 2763 3468 nos
2818 3402 3037 3484 capita
3095 3410 3162 3466 et
3217 3402 3426 3485 magis
3470 3399 3800 3467 Dominus
3844 3400 4076 3485 prodet
4119 3419 4230 3464 eo·

2278 3510 2429 3639 furum
2493 3490 2761 3573 ingenia
2823 3488 2933 3572 qui
2997 3486 3235 3552 harum
3297 3486 3640 3552 turbarum
3707 3493 3968 3553 autores
4045 3485 4231 3551 nobis

2352 3582 2567 3640 erunt.
3651 3579 3657 3584 '

2452 3659 2650 3741 Quod
2685 3659 2768 3724 ad
2801 3679 3069 3726 causam
3104 3665 3397 3723 nostram
3433 3659 3685 3735 attinet,
3721 3657 3888 3723 nihil
3923 3664 4025 3726 est
4057 3655 4234 3738 quod

2278 3745 2464 3813 nobis
2509 3746 2742 3811 merito
2775 3746 3146 3822 timeamus,
3192 3744 3323 3809 nisi
3356 3764 3434 3810 ea
3469 3752 3780 3828 gravetur
3814 3741 4231 3826 praeiudiciis

2277 3845 2347 3899 et
2399 3833 2688 3898 sinistris
2747 3830 3223 3913 suspicionibus
3238 3881 3255 3906 ,
3329 3835 3396 3896 et
3447 3830 3637 3895 malis
3693 3851 3920 3897 eorum
3977 3828 4230 3894 artibus

2277 3919 2388 4001 qui
2435 3939 2590 3984 suae
2634 3917 2851 4001 potius
2893 3916 3138 4000 gloriae
3181 3936 3379 3999 quam
3416 3915 3669 3981 Christi
3712 3915 4081 3981 consultum
4116 3936 4230 3980 eu-

2275 4005 2487 4088 piunt.
2576 4004 2702 4069 Est
2744 4004 2921 4068 enim
2967 4004 3150 4069 nobis
3190 4022 3339 4067 eum
3383 4001 3911 4086 prudentissimis
3955 4012 4023 4066 et
4072 4020 4228 4066 vere

2277 4091 2406 4175 piis
2451 4088 2853 4175 principibus
2909 4090 3279 4173 negotium,
3340 4089 3452 4171 qui
3497 4109 3629 4152 non
3673 4086 4084 4168 delectantur
4127 4105 4228 4150 ec-

2278 4176 2517 4243 elesiae
2569 4174 2998 4242 offendiculis.
3030 4177 3080 4252 1)
3195 4175 3416 4257 Atque
3482 4174 3738 4239 utinam
3790 4181 3930 4238 tam
3988 4172 4229 4236 seriam

2279 4263 2421 4328 eius
2466 4263 2786 4328 haberent
2842 4261 3159 4326 rationem
3214 4261 3262 4323 ii
3308 4261 3576 4342 qui-eos
3633 4271 3700 4324 et
3742 4280 3863 4324 nos
3910 4268 3977 4323 et
4022 4269 4227 4322 totam

2279 4349 2619 4415 ecelesiam
2662 4345 3071 4415 conturbant.
3091 4347 3150 4428 ²)
3236 4346 3438 4411 Haud
3499 4344 3695 4413 dubie
3752 4346 3854 4410 his
3910 4342 4229 4408 molestiis

2280 4455 2510 4500 omnes
2566 4453 2966 4512 careremus,
3032 4440 3099 4499 et
3156 4452 3276 4515 per
3321 4441 3462 4498 eret
3526 4431 3833 4497 eeclesiae
3898 4429 4227 4511 profeetus

2277 4520 2467 4587 felice
2503 4542 2627 4604 quo
2671 4525 2972 4603 coeperat
3013 4517 3196 4602 pede.
3321 4517 3401 4584 ed
3422 4518 3745 4583 Dominus
3789 4516 4083 4580 omnium
4118 4533 4226 4579 eo-

2280 4608 2676 4691 gitationum
2729 4605 3092 4671 studiorum
3154 4612 3222 4669 et
3267 4619 3551 4687 ‘operum
3608 4603 3853 4667 arbiter
3904 4601 4105 4667 iudex
4160 4608 4227 4665 et

2278 4693 2554 4771 vindex,
2622 4704 2815 4775 atque
2859 4692 3057 4756 etiam
3121 4689 3538 4757 fidelissimus
3602 4688 3805 4764 testis,
3873 4684 4226 4771 aliquando

2277 4778 2546 4844 tandem
2588 4777 2881 4844 tribunal
2923 4775 3315 4843 conscendet
3354 4797 3547 4844 suum
3593 4775 3712 4840 has
3747 4775 4231 4840 controversias

2279 4863 2633 4930 decisurus.
2721 4863 3085 4929 Patefaeiet
3125 4862 3304 4928 illius
3356 4862 3668 4927 iudicium
3719 4880 3885 4944 quae
3937 4879 4112 4925 nune
4154 4859 4226 4922 in

2277 4950 2566 5016 tenebris
2608 4950 2832 5015 latent.
2921 4949 3128 5016 Nobis
3172 4950 3342 5015 bona
3376 4969 3524 5031 spes
3567 4959 3683 5027 est,
3726 4945 3920 5012 modo
3962 4965 4226 5029 respon·

2274 5191 2460 5245 1084.
2490 5188 2546 5254 1)
2582 5190 2739 5244 Haec
2778 5189 2896 5255 fere
2937 5189 3147 5256 scripta
3188 5152 3444 5242 videntur
3486 5192 3549 5241 ut
3576 5192 3874 5241 ocemont
3914 5187 4227 5241 rumoribus

2274 5276 2341 5316 ex
2379 5260 2641 5313 Mer-cerii
2669 5260 2836 5312 αἰκία
2864 5258 3126 5325 fortassis
3158 5257 3403 5312 enutris

2482 5327 2540 5394 2)
2577 5326 2887 5383 Zebedaem
2922 5335 2972 5382 et
3011 5325 3216 5381 Oenea
