4825 6175
233 478 338 541 345

227 661 449 731 mande
490 681 666 745 quon
707 660 771 726 le
812 681 982 726 vous
1023 668 1328 745 envoyat.
1414 661 1591 727 Mais
1633 658 1812 723 Dieu
1853 680 1898 742 y
1941 678 1981 722 a
2016 677 2166 740 pro-

227 771 340 816 133
381 756 609 814 333113
642 768 764 813 noz
799 745 1277 812 deliberatione.

383 832 494 899 03
537 832 775 900 devine
817 833 922 918 icy
976 854 1101 915 que
1142 833 1530 916 lempereur,
1586 851 1778 915 apres
1801 830 1987 895 avoir
2009 828 2164 895 faict

225 919 524 1005 quelques
566 927 1001 985 contenances
1047 939 1087 983 a
1139 918 1204 983 la
1245 919 1534 1003 iournee,
1553 920 1608 999 ²)
1668 918 1811 981 fera
1863 913 2162 981 souldain

222 1028 308 1073 un
347 1005 598 1089 pertuis
641 1025 724 1069 en
782 1005 907 1069 lair
961 1024 1130 1086 pour
1183 1026 1256 1069 se
1309 1006 1561 1069 retiret.
1664 1002 1839 1068 Mais
1881 1022 1964 1065 ne
2008 1020 2162 1085 scay

222 1091 298 1159 sil
355 1092 651 1175 pourroit
715 1090 1062 1155 demeurer
1122 1090 1285 1155 oisif.
1386 1087 1467 1154 Si
1522 1089 1758 1155 cestoit
1812 1109 1853 1152 3
1907 1106 2066 1171 moy
2126 1108 2166 1151 a

219 1178 376 1244 faire
389 1228 407 1257 ‚
467 1178 529 1242 ie
582 1176 697 1262 luy
751 1175 1105 1241 donnerois
1146 1175 1424 1258 quelque
1469 1174 1684 1240 bonne
1726 1174 2162 1250 commission,

217 1262 492 1347 laquelle
556 1261 1055 1345 lempescheroit
1120 1261 1526 1344 dapprocher
1603 1259 1685 1325 de
1761 1278 1928 1324 3333
1994 1277 2165 1341 9331

218 1349 367 1433 long
400 1356 632 1431 temps.
720 1347 795 1413 Ie
839 1347 1050 1412 desire
1092 1347 1228 1430 quil
1271 1347 1400 1411 soit
1454 1367 1493 1411 a
1548 1366 1667 1411 son
1714 1365 1872 1429 ayss
1912 1344 2162 1409 moien-

215 1441 373 1500 nant
408 1434 547 1517 quil
589 1455 676 1498 33
731 1453 901 1498 3333
956 1433 1228 1498 13313313
1283 1434 1484 1516 93131.
1572 1431 1891 1498 Combien
1932 1430 2071 1512 quil
2114 1452 2161 1514 y

216 1540 253 1585 3
291 1540 426 1585 333
467 1521 681 1586 113333
726 1518 911 1584 bride
962 1540 1129 1603 pour
1184 1518 1247 1583 le
1299 1518 1582 1595 retenir,
1640 1517 1720 1581 de
1776 1514 2055 1598 laquelle
2097 1517 2159 1581 ie

213 1626 315 1671 me
355 1613 678 1672 contente.

377 1691 454 1756 Ie
496 1712 583 1756 33
628 1710 791 1757 vous
836 1712 919 1774 ay
961 1689 1148 1773 point
1190 1689 1388 1755 escrit
1442 1709 1565 1773 par
1608 1689 1885 1754 Maistre
1926 1687 2159 1752 Pierre

227 1776 411 1856 Viret,
431 1781 486 1858 ⁸)
553 1796 793 1861 pource
856 1795 985 1858 que
1047 1776 1112 1839 ie
1175 1785 1452 1858 nestoye
1516 1775 1701 1858 point
1759 1774 2010 1839 certain
2072 1771 2159 1836 sil

211 1862 375 1942 iroit,
421 1884 510 1927 33
552 1883 708 1928 333.
796 1861 870 1926 Ie
913 1882 1067 1946 croy
1124 1882 1251 1944 que
1293 1881 1465 1926 vous
1507 1881 1702 1925 aurez
1744 1867 1884 1924 este
1938 1858 2159 1923 ioieux

212 1946 286 2013 de
326 1947 545 2013 lavoir
591 1969 736 2015 veu.

376 2035 444 2099 A
465 2041 631 2111 tant,
675 2032 1168 2117 Monseigneur,
1204 2054 1395 2116 apres
1430 2038 1671 2097 mestre
1705 2030 2162 2095 humblement

206 2120 664 2185 recommande
708 2140 748 2183 a
788 2128 1015 2185 vostre
1062 2119 1278 2184 bonne
1321 2137 1516 2203 grace
1559 2126 1627 2182 et
1670 2116 1751 2181 de
1793 2115 2158 2182 Madamoi-

207 2204 361 2270 selle
376 2255 393 2283 ,
462 2226 625 2271 vous
677 2206 863 2269 avoir
925 2205 1103 2269 aussi
1157 2214 1459 2288 presente
1521 2224 1562 2267 a
1618 2211 1769 2268 tous
1824 2201 2000 2266 deux
2062 2201 2160 2267 les

207 2289 515 2355 humbles
556 2287 1193 2356 recommandations
1228 2289 1309 2355 de
1343 2310 1453 2354 ma
1485 2289 1741 2365 femme,
1785 2287 1848 2353 ie
1882 2287 2160 2370 supplye

205 2387 434 2441 nostre
478 2377 607 2442 bon
644 2376 819 2441 Dieu
863 2374 1079 2440 destre
1121 2378 1452 2441 tousiours
1496 2373 1698 2457 garde
1741 2373 1822 2438 de
1865 2394 2047 2449 vous,
2094 2380 2162 2436 et

206 2460 555 2527 dadresser
593 2470 808 2527 133133
851 2482 970 2527 voz
1005 2481 1214 2545 voyes
1250 2484 1290 2526 3
1323 2483 1441 2526 333
1477 2459 1749 2537 1133331,
1788 2479 1952 2541 9331
1986 2466 2160 2524 33113

201 2546 278 2611 de
318 2547 477 2698 pgus
520 2569 601 2613 en
647 2549 797 2631 plus
841 2548 1094 2631 glorifie
1139 2568 1259 2630 par
1298 2568 1482 2613 vous.
1568 2547 1674 2611 De
1719 2545 2038 2622 Genefve,
2086 2565 2159 2610 33

205 2638 295 2696 ll.
392 2655 431 2698 e
478 2654 651 2717 may.
666 2636 724 2715 ⁴)

279 2768 533 2869 Vostre
576 2769 932 2870 serviteur,
986 2769 1257 2836 humble
1314 2770 1485 2834 frere
1542 2777 1609 2833 et
1664 2767 1877 2833 entier
1921 2788 2075 2852 amy
2120 2786 2160 2831 3

366 2876 693 2936 131313313,

1335 2939 1544 3005 131133
1588 2938 1843 3007 Calvin.

975 3235 1380 3245 ——-—.--—

1095 3453 1248 3525 798.

730 3609 1203 3677 GALVINUS
1247 3607 1618 3676 VIRETO.

367 3780 532 3847 Post
563 3780 832 3846 reditum
869 3781 1007 3846 eius
1041 3801 1116 3845 ex
1157 3781 1376 3846 itinere
1410 3780 1928 3864 Aryentoratensi
1971 3785 2027 3846 et
2067 3780 2150 3846 zi-

191 3870 358 3932 tcras
403 3867 552 3932 eius
593 3867 775 3931 avide
828 3872 1197 3948 exspectans
1210 3917 1227 3945 ,
1264 3869 1392 3932 imo
1434 3867 1798 3944 sollicitam,
1845 3867 2153 3933 nonnulla

179 3954 451 4033 privata
495 3953 738 4036 neqotia
781 3956 1023 4020 tractat.

193 4123 302 4189 (ΒΧ
337 4122 689 4192 autographo
722 4122 851 4177 Ood.
889 4085 1095 4177 Cenev.
1144 4122 1247 4176 106
1320 4123 1416 4177 fol.
1464 4122 1567 4177 163
1612 4140 1680 4178 ex
1724 4140 1834 4193 quo
1877 4123 2153 4191 descripta

187 4201 316 4247 eunt
349 4209 515 4247 exem
556 4193 693 4245 laria
725 4192 1009 4246 10nvinaei
1029 4166 1297 4256 3011193,
1333 4193 1428 4246 fol.
1445 4191 1530 4260 33,
1565 4192 1842 4246 Turretini
1875 4192 2010 4246 eod.
2031 4190 2149 4260 111,

305 4262 402 4316 fol.
444 4261 475 4314 1
551 4301 565 4326 ‚
602 4261 882 4314 Beruense
916 4262 1060 4330 Epp.
1096 4262 1225 4316 VH.
1263 4260 1366 4314 762
1400 4268 1459 4314 et
1492 4262 1708 4316 Simleri
1742 4262 1862 4316 Vol.
1898 4260 2014 4326 60.)

187 4449 406 4515 Fideli
453 4448 706 4515 Christi
751 4471 943 4516 servo
986 4451 1185 4515 Petro
1231 4450 1462 4515 Vireto
1506 4450 2000 4516 Lausannensis
2043 4468 2148 4515 ec-

475 4535 714 4601 clesiae
756 4536 1003 4619 pastori
1045 4536 1235 4601 fratri
1277 4536 1442 4601 mihi
1486 4536 1841 4602 3311331133.

361 4672 438 4741 S.
489 4673 779 4757 Rogavit
820 4695 926 4738 me
960 4672 1241 4738 Ioannes
1290 4673 1543 4739 Parvus
1584 4680 1662 4737 ut
1703 4673 1820 4738 tibi
1865 4692 1986 4738 suo
2029 4693 2147 4737 no-

189 4762 367 4826 mine
445 4759 805 4825 indicarem
824 4810 840 4837 ‚
923 4759 1210 4842 pretium
1282 4761 1476 4824 vestis
1554 4758 1885 4842 stragulae
1951 4779 2148 4841 quam

190 4845 306 4911 tibi
349 4844 750 4912 vendiderat
790 4866 863 4910 se
895 4846 1080 4911 iussu
1115 4853 1382 4911 senatus
1419 4845 1718 4911 retulisse
1759 4845 1829 4909 in
1865 4844 2151 4911 rationes

399 5115 2147 5188 2)LadietedeRatiabomquia’mwritkljuinls46.

194 5188 390 5255 (moia.
429 5189 506 5244 11.
540 5187 661 5242 458.
731 5186 991 5243 Seckend.
1018 5202 1082 5256 p.
1118 5186 1265 5268 619).

397 5259 466 5393 {3
500 5256 774 5409 {palii}
861 5255 1235 5409 „⁶063wa
1257 5256 1614 5382 άἬβΒῖᾦιῖ
1618 5255 1702 5379 S1³}
1717 5324 1801 5378 21.
1836 5343 1959 5395 may
1998 5323 2145 5379 1546.

196 5395 498 5468 Respondu
533 5397 584 5450 le
616 5394 666 5450 5.
692 5414 849 5466 Jmng
885 5404 1186 5450 ensmvant.

2035 472 2195 534 1546
2233 468 2431 534 MAI.

4089 472 4214 534 346

2267 655 2577 740 publicas,
2620 662 2817 738 atque
2858 656 2953 719 113
2994 654 3249 737 pridem
3299 654 3426 720 sibi
3467 657 3878 738 persolutum
3920 656 4135 723 fuisse.
4168 656 4217 739 ¹)

2269 740 2493 822 Quare
2558 763 2691 806 non
2762 750 2863 806 est
2923 740 3097 823 quod
3175 741 3446 824 posthac
3523 744 3924 808 mentionem
3999 743 4214 809 facias.

2267 828 2488 893 Mater
2548 826 2847 899 Gon-new)
2901 827 3265 909 respondit,
3336 828 3761 893 Lausannam
3819 850 3891 894 33
3946 829 4217 895 33331113

2265 912 2539 977 Ioannis
2584 912 2790 979 Rocke
2831 912 3372 995 pharmacopolae
3417 915 3704 992 venisse,
3759 913 3935 997 quod
3990 914 4102 979 ille
4146 935 4217 980 se

2267 1000 2514 1080 optime
2568 1008 2871 1065 curatum
2931 1020 2971 1062 a
3018 998 3327 1082 chirurgo
3383 1000 3665 1082 quodam
3707 1001 3910 1065 fuisse
3952 999 4215 1066 diceret.

2268 1083 2641 1169 Chirurgus
2719 1103 2913 1167 porro
2974 1083 3087 1148 1113
3163 1084 3357 1149 113133
3420 1095 3522 1151 331
3583 1087 3954 1151 1331133333
4018 1106 4216 1168 quem

2266 1191 2535 1256 magum
2604 1192 2748 1235 esse
2818 1170 3253 1252 suspicantur.
3354 1169 3434 1236 Si
3488 1171 3708 1238 visum
3764 1172 3964 1236 fuerit
4015 1171 4215 1254 phar·

2265 1256 2674 1339 macopolam
2730 1254 3097 1321 vocandum
3156 1254 3414 1322 curabis
3430 1307 3445 1334 ,
3513 1268 3588 1322 ut
3642 1257 3876 1322 melius
3931 1258 4216 1324 sciamus

2269 1350 2473 1406 totam
2516 1341 2874 1408 historiam.
2944 1342 3205 1406 Literas
3249 1351 3399 1407 tuas
3443 1341 3633 1407 avide
3677 1354 4001 1426 exspecto,
4048 1363 4217 1425 quae

2263 1427 2429 1492 mihi
2485 1428 2900 1511 profectionis
2943 1437 3096 1492 1333
3153 1447 3524 1493 3333333313
3580 1439 3930 1512 exponant.
4028 1428 4214 1507 Vale,

2262 1513 2470 1578 frater
2512 1515 2860 1579 carissime.
2948 1511 3183 1578 Saluta
3224 1533 3449 1578 omnes
3491 1513 3732 1578 fratres
3789 1524 3859 1579 31
3898 1514 4214 1579 familiam

2265 1607 2463 1664 tuam.
2553 1601 2885 1665 Dominus
2929 1620 3044 1664 vos
3089 1617 3315 1664 omnes
3358 1599 3699 1665 custodiat.
3721 1599 3776 1685 ³)

3186 1735 3470 1802 Ioannes
3504 1735 3826 1803 Calvinus
3869 1745 4038 1801 tuus.

3016 2029 3426 2041 ———

3168 2263 3321 2335 799.

2750 2416 3247 2484 FARELLUS
3294 2418 3720 2484 CALVINO.

2437 2586 2545 2652 Ex
2597 2588 2817 2652 itinere
2865 2588 3066 2652 redux
3079 2637 3096 2666 ,
3159 2589 3519 2654 relationem
3569 2591 3928 2672 faciendam
4001 2592 4210 2658 Vir-cto

2251 2673 2597 2755 permittit,-
2653 2674 2790 2753 ipse
2833 2693 2961 2754 pro
3015 2678 3277 2754 tempore
3331 2676 3486 2756 quid
3529 2677 4085 2759 Aryemoratenses
4137 2679 4212 2744 de

2270 2758 2532 2827 Calvino
2587 2760 2857 2824 sentiam
2925 2763 2981 2823 et
3036 2759 3315 2823 dixerint
3366 2761 3545 2825 unice
3599 2762 3788 2843 refert
3843 2768 3900 2828 et
3951 2784 4092 2830 eum
4142 2770 4214 2828 ut

2268 2846 2643 2910 Neocomum
2684 2846 2894 2909 veniat
2934 2844 3118 2909 enixe—e
3157 2850 3350 2927 φοραί.

2263 3017 2376 3081 (Ex
2410 3016 2749 3086 autographo
2783 3014 3156 3069 Bibliothecae
3203 3022 3482 3084 pastorum
3530 3015 3989 3071 Neocomensium.
4071 3020 4211 3091 Epp.

2841 3084 3043 3138 Fan-elli
3076 3084 3257 3138 fascic.
3292 3082 3387 3139 111.
3424 3084 3475 3139 N
3480 3125 3494 3138 .
3532 3084 3641 3153 15.)

2260 3258 2508 3342 Magno
2551 3255 2858 3354 eeclesiae
2895 3254 3147 3354 Christi
3189 3257 3434 3356 pastori
3454 3256 3569 3356 ⁶10.
3613 3256 3893 3357 Calvino
3948 3268 4014 3323 31
4056 3258 4211 3325 doc-

2777 3351 3032 3407 tissimo
3076 3356 3141 3407 et
3184 3363 3361 3425 93113
3402 3351 3684 3426 91313113.

2431 3478 2502 3544 S.
2605 3479 2885 3544 Viretum
2941 3487 3005 3543 te
3060 3480 3357 3543 omnium
3416 3479 3831 3546 admonuisse
3888 3502 4079 3565 spero
4137 3490 4213 3547 ut

2256 3567 2502 3630 frustra
2544 3586 2649 3629 me
2689 3566 2918 3630 eadem
2972 3585 3311 3631 recensere
3364 3588 3495 3630 non
3552 3574 3873 3648 oporteat,
3932 3577 3999 3631 et
4054 3567 4210 3651 quid

2256 3650 2555 3716 Basileae
2598 3659 2664 3715 et
2722 3649 2875 3734 quid
2919 3651 3347 3735 Argentorati
3400 3660 3618 3716 actum
3678 3652 3906 3731 fuerit,
3964 3660 4039 3717 ut
4092 3674 4210 3718 ex-

2256 3738 2426 3819 cepti
2491 3737 2826 3802 fuerimus.
2948 3736 3271 3802 Falla-sius
3326 3737 3786 3802 admirandum
3848 3760 4013 3823 opus
4073 3740 4208 3804 Do-

2255 3824 2449 3901 mini,
2509 3844 2594 3887 ne
2644 3821 2801 3906 quid
2856 3820 3111 3888 deesset
3161 3823 3332 3906 quod
3390 3816 3672 3907 amplius'
3728 3822 3811 3887 ab
3855 3846 3932 3888 33
3976 3845 4209 3908 exspe-

2255 3916 2564 3987 teremus,
2610 3918 2674 3972 te
2709 3907 2897 3972 nobis
2930 3906 3129 3987 dedit,
3171 3910 3244 3972 in
3289 3930 3482 3992 opere
3528 3907 3700 3992 quod
3740 3909 3839 3973 illi
3883 3908 4133 3989 dicasti,
4161 3909 4209 3996 ¹)

2255 3996 2439 4060 cuius
2484 3995 2698 4078 gratia
2745 4014 2972 4058 omnes
3016 3994 3263 4061 vellent
3306 4007 3371 4058 13
3415 4006 3674 4059 tantum
3719 3995 4060 4061 scribendo
4105 4018 4211 4062 oc-

2255 4080 2501 4165 cupari.
2590 4079 2737 4145 Hoc
2776 4080 2952 4145 enim
2999 4079 3256 4145 dicebat
3294 4079 3586 4146 Buce-rus
3628 4079 3707 4145 de
3748 4090 3844 4145 te:
3906 4081 4055 4146 Non
4098 4082 4211 4146 de-

2255 4166 2440 4231 beret
2484 4166 2587 4230 111
2628 4165 2741 4230 1113
2785 4168 3084 4249 33339311
3132 4167 3257 4230 3131
3291 4168 3361 4229 in
3397 4164 3760 4231 scribendo.
3826 4167 3917 4232 Et
3957 4167 4212 4232 interea

2254 4273 2460 4335 quum
2506 4252 2866 4315 diceremus
2922 4264 2987 4316 te
3046 4273 3133 4315 ex
3176 4253 3425 4328 3311113,
3487 4254 3542 4317 31
3589 4273 3707 4335 931
3759 4253 4210 4317 valetudinem

2253 4337 2566 4412 licuisset,
2604 4347 3061 4420 suscepturum
3098 4338 3297 4402 fuisse
3332 4338 3791 4420 profectionem
3828 4359 4025 4422 quam
4062 4349 4209 4403 tuas

2255 4423 2593 4489 subeundo
2640 4423 2813 4488 vices
2857 4444 2975 4487 nos
3021 4444 3552 4507 susceperamus,
3615 4422 3926 4505 optabant
3982 4425 4209 4489 omnes

2273 4697 2419 4752 798.
2460 4699 2514 4760 1)
2560 4695 2794 4778 Videtur
2826 4695 2918 4751 hic
2952 4695 3135 4751 lehun
3170 4695 3319 4750 Petit
3360 4702 3631 4752 mercator
3666 4695 4002 4751 vamis
4031 4695 4210 4762 fuisse

2445 4780 2604 4835 qum
2644 4765 3108 4889 anma-vestan
3143 4770 3377 4834 suaerat,
3425 4781 3592 4834 quam
3635 4771 3822 4821 tamen
3866 4781 3936 4821 ecc
3981 4770 4208 4820 33113133

2251 4851 3341 5055 ...stammam
3369 4903 3741 5028 ww
3778 4908 3953 4958 m
3969 4902 4209 5052 m

2375 5048 2526 5100 serat
2559 5041 2873 5097 Francwco
2906 5042 3221 5098 Bomvard.
3316 5041 3420 5109 (N.
3459 5041 3580 5108 530,
3638 5046 3748 5097 not.
3786 5041 3862 5110 6.)
3906 5040 4047 5096 Vnde
4086 5041 4204 5097 Ga-

2249 5061 2372 5181 W
2412 5118 2528 5168 not.
2572 5111 2695 5180 9611.
2740 5114 2809 5166 11.
2848 5111 2966 5165 162.
3043 5110 3205 5179 Quod
3247 5110 3339 5164 hic
3383 5111 3452 5165 de
3492 5110 3925 5190 pharmacopola
3968 5110 4105 5166 dicit
4136 5126 4207 5167 ιω

2250 5190 2444 5240 'mm
2459 5251 2519 5318 3)
2539 5181 2819 5374 ff
2859 5198 3118 5319 proma-2³·
3151 5195 3411 5304 {vam
3460 5224 3710 5330 Veretum
3755 5250 3872 5304 aram
3916 5248 4206 5317 ammisse

2244 5326 2431 5446 pm.
2454 5320 2633 5457 l)1N·
2669 5319 2896 5444 ffitalea
2929 5324 3149 5375 nomae
3178 5317 3342 5386 facile
3374 5317 3723 5385 defimentwr.
