<?xml version="1.0" encoding="UTF-8"?>
<!DOCTYPE html PUBLIC "-//W3C//DTD XHTML 1.0 Transitional//EN"
    "http://www.w3.org/TR/xhtml1/DTD/xhtml1-transitional.dtd">
<html xmlns="http://www.w3.org/1999/xhtml" xml:lang="en" lang="en">
 <head>
  <title>
</title>
<meta http-equiv="Content-Type" content="text/html;charset=utf-8" />
  <meta name='ocr-system' content='tesseract 3.04.00' />
  <meta name='ocr-capabilities' content='ocr_page ocr_carea ocr_par ocr_line ocrx_word'/>
</head>
<body>
  <div class='ocr_page' id='page_1' title='image "./ioanniscalvinio10unkngoog_0268.png"; bbox 0 0 4825 6175; ppageno 0'>
   <div class='ocr_carea' id='block_1_1' title="bbox 628 461 756 523">
    <p class='ocr_par' dir='ltr' id='par_1_1' title="bbox 628 461 756 523">
     <span class='ocr_line' id='line_1_1' title="bbox 628 461 756 523; baseline -0.008 0"><span class='ocrx_word' id='word_1_1' title='bbox 628 461 756 523; x_wconf 79' lang='lat'><strong>439</strong></span> 
     </span>
    </p>
   </div>
   <div class='ocr_carea' id='block_1_2' title="bbox 627 625 2594 797">
    <p class='ocr_par' dir='ltr' id='par_1_2' title="bbox 627 625 2594 797">
     <span class='ocr_line' id='line_1_2' title="bbox 637 625 2593 730; baseline -0.001 -20"><span class='ocrx_word' id='word_1_2' title='bbox 637 665 839 730; x_wconf 68' lang='lat' dir='ltr'><strong>quam</strong></span> <span class='ocrx_word' id='word_1_3' title='bbox 892 625 973 709; x_wconf 69' lang='lat' dir='ltr'><strong>ut</strong></span> <span class='ocrx_word' id='word_1_4' title='bbox 1023 643 1157 709; x_wconf 80' lang='lat' dir='ltr'><strong>fide</strong></span> <span class='ocrx_word' id='word_1_5' title='bbox 1225 642 1654 710; x_wconf 71' lang='lat' dir='ltr'><strong>confessionis</strong></span> <span class='ocrx_word' id='word_1_6' title='bbox 1711 648 1977 711; x_wconf 71' lang='lat' dir='ltr'><strong>vesu-ae</strong></span> <span class='ocrx_word' id='word_1_7' title='bbox 2030 641 2422 710; x_wconf 74' lang='lat' dir='ltr'><strong>Basffieusis</strong></span> <span class='ocrx_word' id='word_1_8' title='bbox 2475 664 2593 709; x_wconf 85' lang='lat' dir='ltr'><strong>no·</strong></span> 
     </span>
     <span class='ocr_line' id='line_1_3' title="bbox 627 728 2594 797; baseline -0.001 0"><span class='ocrx_word' id='word_1_9' title='bbox 627 728 889 797; x_wconf 74' lang='lat' dir='ltr'><strong>hiscum</strong></span> <span class='ocrx_word' id='word_1_10' title='bbox 974 730 1569 795; x_wconf 74' lang='lat' dir='ltr'><strong>communicarent:</strong></span> <span class='ocrx_word' id='word_1_11' title='bbox 1702 748 1859 794; x_wconf 90' lang='lat' dir='ltr'><strong>uam</strong></span> <span class='ocrx_word' id='word_1_12' title='bbox 1950 729 2149 794; x_wconf 90' lang='lat' dir='ltr'><strong>etiam</strong></span> <span class='ocrx_word' id='word_1_13' title='bbox 2239 751 2346 795; x_wconf 91' lang='lat' dir='ltr'><strong>res</strong></span> <span class='ocrx_word' id='word_1_14' title='bbox 2434 730 2594 795; x_wconf 89' lang='lat' dir='ltr'><strong>mali</strong></span> 
     </span>
    </p>
   </div>
   <div class='ocr_carea' id='block_1_3' title="bbox 634 813 2596 900">
    <p class='ocr_par' dir='ltr' id='par_1_3' title="bbox 634 813 2596 900">
     <span class='ocr_line' id='line_1_4' title="bbox 634 813 2596 900; baseline -0.001 -16"><span class='ocrx_word' id='word_1_15' title='bbox 634 815 923 900; x_wconf 83' lang='lat' dir='ltr'><strong>exempli</strong></span> <span class='ocrx_word' id='word_1_16' title='bbox 957 823 1131 882; x_wconf 90' lang='lat' dir='ltr'><strong>esset</strong></span> <span class='ocrx_word' id='word_1_17' title='bbox 1165 815 1224 881; x_wconf 92' lang='lat' dir='ltr'><strong>si</strong></span> <span class='ocrx_word' id='word_1_18' title='bbox 1256 814 1371 879; x_wconf 86' lang='lat' dir='ltr'><strong>isti</strong></span> <span class='ocrx_word' id='word_1_19' title='bbox 1403 814 1478 878; x_wconf 91' lang='lat' dir='ltr'><strong>in</strong></span> <span class='ocrx_word' id='word_1_20' title='bbox 1514 813 1671 881; x_wconf 90' lang='lat' dir='ltr'><strong>schc</strong></span> <span class='ocrx_word' id='word_1_21' title='bbox 1699 815 1904 881; x_wconf 89' lang='lat' dir='ltr'><strong>astica</strong></span> <span class='ocrx_word' id='word_1_22' title='bbox 1937 821 2004 879; x_wconf 92' lang='lat' dir='ltr'><strong>et</strong></span> <span class='ocrx_word' id='word_1_23' title='bbox 2046 813 2402 881; x_wconf 87' lang='lat' dir='ltr'><strong>domestica</strong></span> <span class='ocrx_word' id='word_1_24' title='bbox 2445 835 2596 882; x_wconf 91' lang='lat' dir='ltr'><strong>con-</strong></span> 
     </span>
    </p>
   </div>
   <div class='ocr_carea' id='block_1_4' title="bbox 629 899 2593 2768">
    <p class='ocr_par' dir='ltr' id='par_1_4' title="bbox 629 899 2593 2768">
     <span class='ocr_line' id='line_1_5' title="bbox 634 899 2593 985; baseline -0.002 -16"><span class='ocrx_word' id='word_1_25' title='bbox 634 900 984 970; x_wconf 90' lang='lat' dir='ltr'><strong>suetudine</strong></span> <span class='ocrx_word' id='word_1_26' title='bbox 1026 900 1366 968; x_wconf 89' lang='lat' dir='ltr'><strong>nobiscum</strong></span> <span class='ocrx_word' id='word_1_27' title='bbox 1409 899 1723 985; x_wconf 79' lang='lat' dir='ltr'>degentes</span> <span class='ocrx_word' id='word_1_28' title='bbox 1757 899 2067 967; x_wconf 89' lang='lat' dir='ltr'><strong>ecclesiae</strong></span> <span class='ocrx_word' id='word_1_29' title='bbox 2109 909 2371 972; x_wconf 82' lang='lat' dir='ltr'><strong>nostrae</strong></span> <span class='ocrx_word' id='word_1_30' title='bbox 2413 922 2593 967; x_wconf 90' lang='lat' dir='ltr'><strong>com·</strong></span> 
     </span>
     <span class='ocr_line' id='line_1_6' title="bbox 630 985 2593 1070; baseline 0 -17"><span class='ocrx_word' id='word_1_31' title='bbox 630 987 1013 1054; x_wconf 90' lang='lat' dir='ltr'><strong>munionem</strong></span> <span class='ocrx_word' id='word_1_32' title='bbox 1033 993 1560 1070; x_wconf 79' lang='lat' dir='ltr'><strong>aspernarentur.</strong></span> <span class='ocrx_word' id='word_1_33' title='bbox 1627 985 2017 1069; x_wconf 89' lang='lat' dir='ltr'><strong>Recipiebat</strong></span> <span class='ocrx_word' id='word_1_34' title='bbox 2047 986 2162 1052; x_wconf 90' lang='lat' dir='ltr'><strong>ille</strong></span> <span class='ocrx_word' id='word_1_35' title='bbox 2181 1008 2253 1053; x_wconf 90' lang='lat' dir='ltr'><strong>se</strong></span> <span class='ocrx_word' id='word_1_36' title='bbox 2289 992 2593 1053; x_wconf 90' lang='lat' dir='ltr'><strong>acturum</strong></span> 
     </span>
     <span class='ocr_line' id='line_1_7' title="bbox 633 1070 2590 1140; baseline -0.001 0"><span class='ocrx_word' id='word_1_37' title='bbox 633 1095 785 1140; x_wconf 92' lang='lat' dir='ltr'><strong>cum</strong></span> <span class='ocrx_word' id='word_1_38' title='bbox 830 1071 1352 1139; x_wconf 77' lang='lat' dir='ltr'><strong>adolescentibus</strong></span> <span class='ocrx_word' id='word_1_39' title='bbox 1388 1080 1454 1136; x_wconf 90' lang='lat' dir='ltr'><strong>et</strong></span> <span class='ocrx_word' id='word_1_40' title='bbox 1485 1092 1627 1138; x_wconf 90' lang='lat' dir='ltr'><strong>rem</strong></span> <span class='ocrx_word' id='word_1_41' title='bbox 1671 1073 1870 1137; x_wconf 90' lang='lat' dir='ltr'><strong>etiam</strong></span> <span class='ocrx_word' id='word_1_42' title='bbox 1915 1070 1998 1136; x_wconf 91' lang='lat' dir='ltr'><strong>ad</strong></span> <span class='ocrx_word' id='word_1_43' title='bbox 2033 1093 2154 1138; x_wconf 92' lang='lat' dir='ltr'><strong>vos</strong></span> <span class='ocrx_word' id='word_1_44' title='bbox 2190 1071 2590 1139; x_wconf 86' lang='lat' dir='ltr'><strong>delaturum:</strong></span> 
     </span>
     <span class='ocr_line' id='line_1_8' title="bbox 634 1156 2590 1243; baseline -0.001 -18"><span class='ocrx_word' id='word_1_45' title='bbox 634 1179 901 1243; x_wconf 90' lang='lat' dir='ltr'><strong>sperare</strong></span> <span class='ocrx_word' id='word_1_46' title='bbox 944 1178 1015 1223; x_wconf 91' lang='lat' dir='ltr'><strong>se</strong></span> <span class='ocrx_word' id='word_1_47' title='bbox 1057 1157 1183 1224; x_wconf 92' lang='lat' dir='ltr'><strong>hoc</strong></span> <span class='ocrx_word' id='word_1_48' title='bbox 1225 1157 1693 1224; x_wconf 87' lang='lat' dir='ltr'><strong>offendiculum</strong></span> <span class='ocrx_word' id='word_1_49' title='bbox 1736 1157 1924 1223; x_wconf 90' lang='lat' dir='ltr'><strong>facile</strong></span> <span class='ocrx_word' id='word_1_50' title='bbox 1966 1178 2155 1242; x_wconf 90' lang='lat' dir='ltr'><strong>posse</strong></span> <span class='ocrx_word' id='word_1_51' title='bbox 2198 1156 2590 1225; x_wconf 87' lang='lat' dir='ltr'><strong>submoveri.</strong></span> 
     </span>
     <span class='ocr_line' id='line_1_9' title="bbox 631 1242 2592 1328; baseline 0 -18"><span class='ocrx_word' id='word_1_52' title='bbox 631 1244 889 1311; x_wconf 89' lang='lat' dir='ltr'><strong>Iterum</strong></span> <span class='ocrx_word' id='word_1_53' title='bbox 927 1243 1337 1310; x_wconf 87' lang='lat' dir='ltr'><strong>dissimulata</strong></span> <span class='ocrx_word' id='word_1_54' title='bbox 1367 1265 1475 1309; x_wconf 90' lang='lat' dir='ltr'><strong>res</strong></span> <span class='ocrx_word' id='word_1_55' title='bbox 1503 1249 1605 1310; x_wconf 93' lang='lat' dir='ltr'><strong>est</strong></span> <span class='ocrx_word' id='word_1_56' title='bbox 1638 1264 1845 1327; x_wconf 89' lang='lat' dir='ltr'><strong>usque</strong></span> <span class='ocrx_word' id='word_1_57' title='bbox 1879 1242 1962 1308; x_wconf 91' lang='lat' dir='ltr'><strong>ad</strong></span> <span class='ocrx_word' id='word_1_58' title='bbox 1996 1243 2066 1309; x_wconf 94' lang='lat' dir='ltr'><strong>id</strong></span> <span class='ocrx_word' id='word_1_59' title='bbox 2096 1251 2355 1327; x_wconf 88' lang='lat' dir='ltr'><strong>tempus</strong></span> <span class='ocrx_word' id='word_1_60' title='bbox 2389 1265 2592 1328; x_wconf 90' lang='lat' dir='ltr'><strong>quum</strong></span> 
     </span>
     <span class='ocr_line' id='line_1_10' title="bbox 632 1328 2591 1411; baseline -0.001 -15"><span class='ocrx_word' id='word_1_61' title='bbox 632 1330 961 1396; x_wconf 78' lang='lat' dir='ltr'><strong>Dominus</strong></span> <span class='ocrx_word' id='word_1_62' title='bbox 1002 1328 1195 1395; x_wconf 90' lang='lat' dir='ltr'><strong>nobis</strong></span> <span class='ocrx_word' id='word_1_63' title='bbox 1236 1349 1548 1411; x_wconf 85' lang='lat' dir='ltr'><strong>praesens</strong></span> <span class='ocrx_word' id='word_1_64' title='bbox 1591 1337 1729 1394; x_wconf 88' lang='lat' dir='ltr'><strong>tam</strong></span> <span class='ocrx_word' id='word_1_65' title='bbox 1768 1328 2082 1395; x_wconf 86' lang='lat' dir='ltr'><strong>horribile</strong></span> <span class='ocrx_word' id='word_1_66' title='bbox 2127 1330 2370 1395; x_wconf 89' lang='lat' dir='ltr'><strong>bellum</strong></span> <span class='ocrx_word' id='word_1_67' title='bbox 2413 1330 2591 1397; x_wconf 88' lang='lat' dir='ltr'><strong>exci-</strong></span> 
     </span>
     <span class='ocr_line' id='line_1_11' title="bbox 633 1414 2592 1501; baseline 0 -19"><span class='ocrx_word' id='word_1_68' title='bbox 633 1422 825 1482; x_wconf 90' lang='lat' dir='ltr'><strong>taret.</strong></span> <span class='ocrx_word' id='word_1_69' title='bbox 925 1415 1030 1481; x_wconf 92' lang='lat' dir='ltr'><strong>Ibi</strong></span> <span class='ocrx_word' id='word_1_70' title='bbox 1085 1414 1427 1480; x_wconf 89' lang='lat' dir='ltr'><strong>institutae</strong></span> <span class='ocrx_word' id='word_1_71' title='bbox 1478 1424 1636 1479; x_wconf 89' lang='lat' dir='ltr'><strong>sunt</strong></span> <span class='ocrx_word' id='word_1_72' title='bbox 1690 1414 2198 1499; x_wconf 83' lang='lat' dir='ltr'><strong>supplicationes</strong></span> <span class='ocrx_word' id='word_1_73' title='bbox 2252 1416 2592 1501; x_wconf 86' lang='lat' dir='ltr'><strong>graviores</strong></span> 
     </span>
     <span class='ocr_line' id='line_1_12' title="bbox 635 1500 2591 1569; baseline 0.001 -2"><span class='ocrx_word' id='word_1_74' title='bbox 635 1509 706 1567; x_wconf 92' lang='lat' dir='ltr'><strong>et</strong></span> <span class='ocrx_word' id='word_1_75' title='bbox 761 1500 1025 1567; x_wconf 86' lang='lat' dir='ltr'><strong>habitae</strong></span> <span class='ocrx_word' id='word_1_76' title='bbox 1084 1519 1353 1565; x_wconf 88' lang='lat' dir='ltr'><strong>mensae</strong></span> <span class='ocrx_word' id='word_1_77' title='bbox 1410 1500 1679 1565; x_wconf 89' lang='lat' dir='ltr'><strong>Domini</strong></span> <span class='ocrx_word' id='word_1_78' title='bbox 1734 1500 2227 1568; x_wconf 89' lang='lat' dir='ltr'><strong>communiones</strong></span> <span class='ocrx_word' id='word_1_79' title='bbox 2289 1501 2591 1569; x_wconf 89' lang='lat' dir='ltr'><strong>instituto</strong></span> 
     </span>
     <span class='ocr_line' id='line_1_13' title="bbox 632 1585 2591 1672; baseline 0.001 -20"><span class='ocrx_word' id='word_1_80' title='bbox 632 1585 912 1652; x_wconf 85' lang='lat' dir='ltr'><strong>Domini</strong></span> <span class='ocrx_word' id='word_1_81' title='bbox 955 1592 1023 1651; x_wconf 91' lang='lat' dir='ltr'><strong>et</strong></span> <span class='ocrx_word' id='word_1_82' title='bbox 1058 1585 1499 1668; x_wconf 86' lang='lat' dir='ltr'><strong>apostolorum</strong></span> <span class='ocrx_word' id='word_1_83' title='bbox 1535 1586 1903 1669; x_wconf 89' lang='lat' dir='ltr'><strong>veterisque</strong></span> <span class='ocrx_word' id='word_1_84' title='bbox 1939 1586 2248 1652; x_wconf 90' lang='lat' dir='ltr'><strong>ecclesiae</strong></span> <span class='ocrx_word' id='word_1_85' title='bbox 2292 1588 2591 1672; x_wconf 81' lang='lat' dir='ltr'><strong>exemplo</strong></span> 
     </span>
     <span class='ocr_line' id='line_1_14' title="bbox 633 1670 2591 1756; baseline 0.001 -18"><span class='ocrx_word' id='word_1_86' title='bbox 633 1672 1127 1756; x_wconf 72' lang='lat' dir='ltr'><strong>frequentiores.</strong></span> <span class='ocrx_word' id='word_1_87' title='bbox 1198 1671 1453 1737; x_wconf 90' lang='lat' dir='ltr'><strong>Iterum</strong></span> <span class='ocrx_word' id='word_1_88' title='bbox 1495 1672 1704 1738; x_wconf 88' lang='lat' dir='ltr'><strong>vestri</strong></span> <span class='ocrx_word' id='word_1_89' title='bbox 1747 1670 1876 1738; x_wconf 92' lang='lat' dir='ltr'><strong>duo</strong></span> <span class='ocrx_word' id='word_1_90' title='bbox 1920 1682 1987 1737; x_wconf 88' lang='lat' dir='ltr'><strong>et</strong></span> <span class='ocrx_word' id='word_1_91' title='bbox 2020 1694 2170 1739; x_wconf 92' lang='lat' dir='ltr'><strong>cum</strong></span> <span class='ocrx_word' id='word_1_92' title='bbox 2213 1673 2321 1738; x_wconf 89' lang='lat' dir='ltr'><strong>his</strong></span> <span class='ocrx_word' id='word_1_93' title='bbox 2356 1671 2591 1740; x_wconf 65' lang='grc'>801161-</span> 
     </span>
     <span class='ocr_line' id='line_1_15' title="bbox 635 1757 2589 1840; baseline 0.002 -18"><span class='ocrx_word' id='word_1_94' title='bbox 635 1757 982 1837; x_wconf 85' lang='grc'>1166166116,</span> <span class='ocrx_word' id='word_1_95' title='bbox 1027 1758 1142 1840; x_wconf 92' lang='lat' dir='ltr'><strong>qui</strong></span> <span class='ocrx_word' id='word_1_96' title='bbox 1163 1763 1390 1823; x_wconf 89' lang='lat' dir='ltr'><strong>tamen</strong></span> <span class='ocrx_word' id='word_1_97' title='bbox 1423 1764 1718 1840; x_wconf 88' lang='lat' dir='ltr'><strong>tempore</strong></span> <span class='ocrx_word' id='word_1_98' title='bbox 1752 1757 2039 1839; x_wconf 84' lang='lat' dir='ltr'><strong>paschae</strong></span> <span class='ocrx_word' id='word_1_99' title='bbox 2058 1760 2589 1840; x_wconf 86' lang='lat' dir='ltr'><strong>communicarat,</strong></span> 
     </span>
     <span class='ocr_line' id='line_1_16' title="bbox 634 1841 2587 1912; baseline 0.001 -3"><span class='ocrx_word' id='word_1_100' title='bbox 634 1843 759 1909; x_wconf 92' lang='lat' dir='ltr'><strong>soli</strong></span> <span class='ocrx_word' id='word_1_101' title='bbox 793 1851 860 1909; x_wconf 92' lang='lat' dir='ltr'><strong>et</strong></span> <span class='ocrx_word' id='word_1_102' title='bbox 894 1842 1267 1909; x_wconf 81' lang='lat' dir='ltr'><strong>domesticis</strong></span> <span class='ocrx_word' id='word_1_103' title='bbox 1289 1843 1374 1909; x_wconf 90' lang='lat' dir='ltr'><strong>D.</strong></span> <span class='ocrx_word' id='word_1_104' title='bbox 1398 1841 1761 1909; x_wconf 75' lang='lat' dir='ltr'><strong>Marbachii</strong></span> <span class='ocrx_word' id='word_1_105' title='bbox 1810 1865 1949 1908; x_wconf 93' lang='lat' dir='ltr'><strong>non</strong></span> <span class='ocrx_word' id='word_1_106' title='bbox 2001 1846 2587 1912; x_wconf 89' lang='lat' dir='ltr'><strong>communicarunt.</strong></span> 
     </span>
     <span class='ocr_line' id='line_1_17' title="bbox 635 1926 2591 2013; baseline 0.002 -19"><span class='ocrx_word' id='word_1_107' title='bbox 635 1927 861 2010; x_wconf 78' lang='lat' dir='ltr'><strong>Quum</strong></span> <span class='ocrx_word' id='word_1_108' title='bbox 905 1929 1125 2011; x_wconf 86' lang='lat' dir='ltr'><strong>itaque</strong></span> <span class='ocrx_word' id='word_1_109' title='bbox 1160 1935 1228 1994; x_wconf 92' lang='lat' dir='ltr'><strong>et</strong></span> <span class='ocrx_word' id='word_1_110' title='bbox 1250 1926 1780 1994; x_wconf 83' lang='lat' dir='ltr'><strong>Schafhusianus</strong></span> <span class='ocrx_word' id='word_1_111' title='bbox 1823 1928 2181 2013; x_wconf 88' lang='lat' dir='ltr'><strong>adparebat</strong></span> <span class='ocrx_word' id='word_1_112' title='bbox 2221 1930 2591 1997; x_wconf 89' lang='lat' dir='ltr'><strong>abstractus</strong></span> 
     </span>
     <span class='ocr_line' id='line_1_18' title="bbox 631 2015 2589 2099; baseline 0.001 -18"><span class='ocrx_word' id='word_1_113' title='bbox 631 2036 776 2081; x_wconf 90' lang='lat' dir='ltr'><strong>esse</strong></span> <span class='ocrx_word' id='word_1_114' title='bbox 796 2034 836 2078; x_wconf 91' lang='lat' dir='ltr'><strong>a</strong></span> <span class='ocrx_word' id='word_1_115' title='bbox 873 2021 1104 2080; x_wconf 87' lang='lat' dir='ltr'><strong>nostra</strong></span> <span class='ocrx_word' id='word_1_116' title='bbox 1138 2015 1617 2094; x_wconf 90' lang='lat' dir='ltr'><strong>communione,</strong></span> <span class='ocrx_word' id='word_1_117' title='bbox 1653 2024 2122 2099; x_wconf 86' lang='lat' dir='ltr'><strong>spargerentur</strong></span> <span class='ocrx_word' id='word_1_118' title='bbox 2156 2016 2354 2082; x_wconf 88' lang='lat' dir='ltr'><strong>etiam</strong></span> <span class='ocrx_word' id='word_1_119' title='bbox 2390 2037 2589 2099; x_wconf 87' lang='lat' dir='ltr'><strong>quae·</strong></span> 
     </span>
     <span class='ocr_line' id='line_1_19' title="bbox 631 2098 2588 2184; baseline 0 -18"><span class='ocrx_word' id='word_1_120' title='bbox 631 2099 783 2166; x_wconf 90' lang='lat' dir='ltr'><strong>dam</strong></span> <span class='ocrx_word' id='word_1_121' title='bbox 827 2121 1020 2166; x_wconf 89' lang='lat' dir='ltr'><strong>voces</strong></span> <span class='ocrx_word' id='word_1_122' title='bbox 1064 2120 1230 2182; x_wconf 89' lang='lat' dir='ltr'><strong>quae</strong></span> <span class='ocrx_word' id='word_1_123' title='bbox 1273 2098 1357 2163; x_wconf 93' lang='lat' dir='ltr'><strong>ad</strong></span> <span class='ocrx_word' id='word_1_124' title='bbox 1404 2100 1779 2183; x_wconf 84' lang='lat' dir='ltr'><strong>exemplum</strong></span> <span class='ocrx_word' id='word_1_125' title='bbox 1824 2101 2255 2184; x_wconf 89' lang='lat' dir='ltr'><strong>rapiebantur</strong></span> <span class='ocrx_word' id='word_1_126' title='bbox 2296 2109 2588 2168; x_wconf 90' lang='lat' dir='ltr'><strong>contem-</strong></span> 
     </span>
     <span class='ocr_line' id='line_1_20' title="bbox 629 2184 2588 2271; baseline 0.001 -20"><span class='ocrx_word' id='word_1_127' title='bbox 629 2184 833 2251; x_wconf 92' lang='lat' dir='ltr'><strong>nendi</strong></span> <span class='ocrx_word' id='word_1_128' title='bbox 887 2185 1230 2251; x_wconf 91' lang='lat' dir='ltr'><strong>ecclesiam</strong></span> <span class='ocrx_word' id='word_1_129' title='bbox 1285 2193 1583 2251; x_wconf 87' lang='lat' dir='ltr'><strong>nostram</strong></span> <span class='ocrx_word' id='word_1_130' title='bbox 1638 2193 1705 2251; x_wconf 92' lang='lat' dir='ltr'><strong>et</strong></span> <span class='ocrx_word' id='word_1_131' title='bbox 1760 2185 1901 2251; x_wconf 90' lang='grc'>61116</span> <span class='ocrx_word' id='word_1_132' title='bbox 1958 2186 2351 2266; x_wconf 89' lang='lat' dir='ltr'><strong>ministeria,</strong></span> <span class='ocrx_word' id='word_1_133' title='bbox 2419 2209 2588 2271; x_wconf 88' lang='lat' dir='ltr'><strong>quae</strong></span> 
     </span>
     <span class='ocr_line' id='line_1_21' title="bbox 629 2269 2586 2354; baseline 0.001 -17"><span class='ocrx_word' id='word_1_134' title='bbox 629 2271 920 2337; x_wconf 92' lang='lat' dir='ltr'><strong>Domino</strong></span> <span class='ocrx_word' id='word_1_135' title='bbox 964 2278 1143 2337; x_wconf 89' lang='lat' dir='ltr'><strong>certe</strong></span> <span class='ocrx_word' id='word_1_136' title='bbox 1185 2272 1281 2335; x_wconf 90' lang='lat' dir='ltr'><strong>ita</strong></span> <span class='ocrx_word' id='word_1_137' title='bbox 1338 2269 1677 2336; x_wconf 77' lang='lat' dir='ltr'><strong>studemus</strong></span> <span class='ocrx_word' id='word_1_138' title='bbox 1733 2277 2070 2354; x_wconf 89' lang='lat' dir='ltr'><strong>praestare</strong></span> <span class='ocrx_word' id='word_1_139' title='bbox 2114 2279 2190 2337; x_wconf 87' lang='lat' dir='ltr'><strong>ut</strong></span> <span class='ocrx_word' id='word_1_140' title='bbox 2230 2272 2344 2337; x_wconf 91' lang='lat' dir='ltr'><strong>illa</strong></span> <span class='ocrx_word' id='word_1_141' title='bbox 2387 2275 2586 2339; x_wconf 89' lang='lat' dir='ltr'><strong>confi-</strong></span> 
     </span>
     <span class='ocr_line' id='line_1_22' title="bbox 632 2355 2588 2441; baseline 0.001 -19"><span class='ocrx_word' id='word_1_142' title='bbox 632 2356 850 2422; x_wconf 86' lang='lat' dir='ltr'><strong>dimus</strong></span> <span class='ocrx_word' id='word_1_143' title='bbox 903 2356 966 2421; x_wconf 92' lang='grc'><strong>61</strong></span> <span class='ocrx_word' id='word_1_144' title='bbox 1018 2377 1141 2421; x_wconf 88' lang='grc'><strong>606</strong></span> <span class='ocrx_word' id='word_1_145' title='bbox 1197 2376 1387 2439; x_wconf 89' lang='lat' dir='ltr'><strong>posse</strong></span> <span class='ocrx_word' id='word_1_146' title='bbox 1443 2355 1805 2441; x_wconf 88' lang='lat' dir='ltr'><strong>adprobare</strong></span> <span class='ocrx_word' id='word_1_147' title='bbox 1867 2358 1942 2421; x_wconf 92' lang='grc'><strong>111</strong></span> <span class='ocrx_word' id='word_1_148' title='bbox 1999 2357 2106 2422; x_wconf 84' lang='grc'>(116</span> <span class='ocrx_word' id='word_1_149' title='bbox 2158 2357 2385 2423; x_wconf 89' lang='lat' dir='ltr'><strong>iudicii</strong></span> <span class='ocrx_word' id='word_1_150' title='bbox 2443 2359 2588 2424; x_wconf 89' lang='lat' dir='ltr'><strong>eius</strong></span> 
     </span>
     <span class='ocr_line' id='line_1_23' title="bbox 630 2439 2587 2528; baseline 0.002 -21"><span class='ocrx_word' id='word_1_151' title='bbox 630 2443 814 2528; x_wconf 91' lang='lat' dir='ltr'><strong>(non,</strong></span> <span class='ocrx_word' id='word_1_152' title='bbox 858 2441 1028 2525; x_wconf 92' lang='lat' dir='ltr'><strong>proh</strong></span> <span class='ocrx_word' id='word_1_153' title='bbox 1071 2439 1285 2520; x_wconf 92' lang='lat' dir='ltr'><strong>dolor,</strong></span> <span class='ocrx_word' id='word_1_154' title='bbox 1342 2441 1514 2525; x_wconf 91' lang='lat' dir='ltr'><strong>quod</strong></span> <span class='ocrx_word' id='word_1_155' title='bbox 1567 2443 1807 2507; x_wconf 87' lang='lat' dir='ltr'><strong>attinet</strong></span> <span class='ocrx_word' id='word_1_156' title='bbox 1859 2442 1942 2507; x_wconf 92' lang='lat' dir='ltr'><strong>ad</strong></span> <span class='ocrx_word' id='word_1_157' title='bbox 1988 2442 2281 2508; x_wconf 90' lang='lat' dir='ltr'><strong>studium</strong></span> <span class='ocrx_word' id='word_1_158' title='bbox 2325 2452 2392 2509; x_wconf 92' lang='lat' dir='ltr'><strong>et</strong></span> <span class='ocrx_word' id='word_1_159' title='bbox 2433 2445 2587 2510; x_wconf 91' lang='lat' dir='ltr'><strong>reli-</strong></span> 
     </span>
     <span class='ocr_line' id='line_1_24' title="bbox 629 2526 2589 2612; baseline 0.002 -20"><span class='ocrx_word' id='word_1_160' title='bbox 629 2527 895 2612; x_wconf 92' lang='lat' dir='ltr'><strong>gionem</strong></span> <span class='ocrx_word' id='word_1_161' title='bbox 952 2526 1457 2592; x_wconf 88' lang='lat' dir='ltr'><strong>administrandi</strong></span> <span class='ocrx_word' id='word_1_162' title='bbox 1474 2578 1492 2606; x_wconf 95' lang='lat'><strong>,</strong></span> <span class='ocrx_word' id='word_1_163' title='bbox 1564 2526 1679 2594; x_wconf 90' lang='lat' dir='ltr'><strong>sed</strong></span> <span class='ocrx_word' id='word_1_164' title='bbox 1742 2534 1969 2593; x_wconf 90' lang='lat' dir='ltr'><strong>tamen</strong></span> <span class='ocrx_word' id='word_1_165' title='bbox 2046 2528 2217 2612; x_wconf 90' lang='lat' dir='ltr'><strong>quod</strong></span> <span class='ocrx_word' id='word_1_166' title='bbox 2297 2529 2380 2595; x_wconf 90' lang='lat' dir='ltr'><strong>ad</strong></span> <span class='ocrx_word' id='word_1_167' title='bbox 2442 2530 2589 2612; x_wconf 90' lang='lat' dir='ltr'><strong>ipsa</strong></span> 
     </span>
     <span class='ocr_line' id='line_1_25' title="bbox 630 2612 2587 2698; baseline 0.002 -20"><span class='ocrx_word' id='word_1_168' title='bbox 630 2612 1002 2678; x_wconf 90' lang='lat' dir='ltr'><strong>ministeria</strong></span> <span class='ocrx_word' id='word_1_169' title='bbox 1044 2613 1115 2678; x_wconf 91' lang='lat' dir='ltr'><strong>in</strong></span> <span class='ocrx_word' id='word_1_170' title='bbox 1158 2635 1229 2679; x_wconf 91' lang='lat' dir='ltr'><strong>se</strong></span> <span class='ocrx_word' id='word_1_171' title='bbox 1265 2613 1567 2690; x_wconf 83' lang='lat' dir='ltr'><strong>attinet),</strong></span> <span class='ocrx_word' id='word_1_172' title='bbox 1619 2613 1838 2696; x_wconf 89' lang='lat' dir='ltr'><strong>coepit</strong></span> <span class='ocrx_word' id='word_1_173' title='bbox 1893 2615 2160 2698; x_wconf 86' lang='lat' dir='ltr'><strong>gravari</strong></span> <span class='ocrx_word' id='word_1_174' title='bbox 2219 2614 2345 2680; x_wconf 89' lang='lat' dir='ltr'><strong>hac</strong></span> <span class='ocrx_word' id='word_1_175' title='bbox 2388 2616 2470 2680; x_wconf 91' lang='lat' dir='ltr'><strong>de</strong></span> <span class='ocrx_word' id='word_1_176' title='bbox 2512 2637 2587 2682; x_wconf 89' lang='lat' dir='ltr'><strong>re</strong></span> 
     </span>
     <span class='ocr_line' id='line_1_26' title="bbox 630 2698 2588 2768; baseline 0.001 -4"><span class='ocrx_word' id='word_1_177' title='bbox 630 2699 1030 2765; x_wconf 89' lang='lat' dir='ltr'><strong>conscientia</strong></span> <span class='ocrx_word' id='word_1_178' title='bbox 1071 2698 1154 2763; x_wconf 91' lang='lat' dir='ltr'><strong>D.</strong></span> <span class='ocrx_word' id='word_1_179' title='bbox 1195 2698 1574 2764; x_wconf 69' lang='lat' dir='ltr'><strong>Meo-bachii.</strong></span> <span class='ocrx_word' id='word_1_180' title='bbox 1638 2698 1928 2765; x_wconf 89' lang='lat' dir='ltr'><strong>Videbat</strong></span> <span class='ocrx_word' id='word_1_181' title='bbox 1969 2700 2146 2765; x_wconf 92' lang='lat' dir='ltr'><strong>enim</strong></span> <span class='ocrx_word' id='word_1_182' title='bbox 2186 2700 2411 2768; x_wconf 91' lang='lat' dir='ltr'><strong>obesse</strong></span> <span class='ocrx_word' id='word_1_183' title='bbox 2456 2700 2588 2767; x_wconf 92' lang='lat' dir='ltr'><strong>dis-</strong></span> 
     </span>
    </p>
   </div>
   <div class='ocr_carea' id='block_1_5' title="bbox 633 2782 2617 2868">
    <p class='ocr_par' dir='ltr' id='par_1_5' title="bbox 633 2782 2617 2868">
     <span class='ocr_line' id='line_1_27' title="bbox 633 2782 2617 2868; baseline 0.001 -18"><span class='ocrx_word' id='word_1_184' title='bbox 633 2785 931 2868; x_wconf 89' lang='lat' dir='ltr'><strong>ciplinae,</strong></span> <span class='ocrx_word' id='word_1_185' title='bbox 969 2791 1110 2849; x_wconf 90' lang='lat' dir='ltr'><strong>tum</strong></span> <span class='ocrx_word' id='word_1_186' title='bbox 1147 2783 1623 2850; x_wconf 86' lang='lat' dir='ltr'><strong>ecclesiasticae</strong></span> <span class='ocrx_word' id='word_1_187' title='bbox 1658 2792 1802 2849; x_wconf 89' lang='lat' dir='ltr'><strong>tum</strong></span> <span class='ocrx_word' id='word_1_188' title='bbox 1836 2782 2245 2865; x_wconf 85' lang='lat' dir='ltr'><strong>domesticae,</strong></span> <span class='ocrx_word' id='word_1_189' title='bbox 2288 2787 2418 2852; x_wconf 91' lang='lat' dir='ltr'><strong>ista</strong></span> <span class='ocrx_word' id='word_1_190' title='bbox 2451 2794 2617 2852; x_wconf 87' lang='lat' dir='ltr'><strong>tam&#39;</strong></span> 
     </span>
    </p>
   </div>
   <div class='ocr_carea' id='block_1_6' title="bbox 628 2869 2592 5083">
    <p class='ocr_par' dir='ltr' id='par_1_6' title="bbox 630 2869 2592 3040">
     <span class='ocr_line' id='line_1_28' title="bbox 630 2869 2589 2957; baseline 0.002 -22"><span class='ocrx_word' id='word_1_191' title='bbox 630 2870 986 2936; x_wconf 85' lang='lat' dir='ltr'><strong>manifesta</strong></span> <span class='ocrx_word' id='word_1_192' title='bbox 1037 2869 1265 2935; x_wconf 89' lang='lat' dir='ltr'><strong>multis</strong></span> <span class='ocrx_word' id='word_1_193' title='bbox 1321 2870 1768 2935; x_wconf 88' lang='lat' dir='ltr'><strong>convictorum</strong></span> <span class='ocrx_word' id='word_1_194' title='bbox 1819 2891 2089 2937; x_wconf 90' lang='lat' dir='ltr'><strong>suorum</strong></span> <span class='ocrx_word' id='word_1_195' title='bbox 2146 2873 2219 2936; x_wconf 94' lang='lat' dir='ltr'><strong>in</strong></span> <span class='ocrx_word' id='word_1_196' title='bbox 2272 2872 2589 2957; x_wconf 83' lang='lat' dir='ltr'><strong>religione</strong></span> 
     </span>
     <span class='ocr_line' id='line_1_29' title="bbox 631 2954 2592 3040; baseline 0.001 -19"><span class='ocrx_word' id='word_1_197' title='bbox 631 2955 1010 3035; x_wconf 89' lang='lat' dir='ltr'><strong>diversitas,</strong></span> <span class='ocrx_word' id='word_1_198' title='bbox 1070 2961 1211 3020; x_wconf 88' lang='lat' dir='ltr'><strong>tum</strong></span> <span class='ocrx_word' id='word_1_199' title='bbox 1268 2954 1465 3020; x_wconf 89' lang='lat' dir='ltr'><strong>etiam</strong></span> <span class='ocrx_word' id='word_1_200' title='bbox 1520 2976 1688 3039; x_wconf 87' lang='lat' dir='ltr'><strong>quae</strong></span> <span class='ocrx_word' id='word_1_201' title='bbox 1741 2954 1897 3022; x_wconf 89' lang='lat' dir='ltr'><strong>hinc</strong></span> <span class='ocrx_word' id='word_1_202' title='bbox 1952 2959 2348 3040; x_wconf 88' lang='lat' dir='ltr'><strong>sequebatur</strong></span> <span class='ocrx_word' id='word_1_203' title='bbox 2400 2958 2592 3024; x_wconf 90' lang='lat' dir='ltr'><strong>disci-</strong></span> 
     </span>
    </p>

    <p class='ocr_par' dir='ltr' id='par_1_7' title="bbox 628 3041 2591 5083">
     <span class='ocr_line' id='line_1_30' title="bbox 677 3041 2589 3128; baseline 0.002 -22"><span class='ocrx_word' id='word_1_204' title='bbox 677 3041 856 3107; x_wconf 91' lang='lat' dir='ltr'><strong>linae</strong></span> <span class='ocrx_word' id='word_1_205' title='bbox 898 3049 967 3107; x_wconf 91' lang='lat' dir='ltr'><strong>et</strong></span> <span class='ocrx_word' id='word_1_206' title='bbox 1008 3041 1466 3107; x_wconf 82' lang='lat' dir='ltr'><strong>observantiae</strong></span> <span class='ocrx_word' id='word_1_207' title='bbox 1509 3060 1668 3127; x_wconf 90' lang='lat' dir='ltr'><strong>erga</strong></span> <span class='ocrx_word' id='word_1_208' title='bbox 1755 3051 2164 3126; x_wconf 87' lang='lat' dir='ltr'><strong>raeceptores</strong></span> <span class='ocrx_word' id='word_1_209' title='bbox 2206 3065 2376 3126; x_wconf 89' lang='lat' dir='ltr'><strong>suos,</strong></span> <span class='ocrx_word' id='word_1_210' title='bbox 2420 3065 2589 3128; x_wconf 91' lang='lat' dir='ltr'><strong>quae</strong></span> 
     </span>
     <span class='ocr_line' id='line_1_31' title="bbox 630 3061 2590 3212; baseline 0.002 -19"><span class='ocrx_word' id='word_1_211' title='bbox 630 3061 839 3195; x_wconf 53' lang='lat' dir='ltr'><strong>Bonos</strong></span> <span class='ocrx_word' id='word_1_212' title='bbox 883 3125 1235 3210; x_wconf 86' lang='lat' dir='ltr'><strong>discipulos</strong></span> <span class='ocrx_word' id='word_1_213' title='bbox 1279 3124 1481 3207; x_wconf 89' lang='lat' dir='ltr'><strong>decet,</strong></span> <span class='ocrx_word' id='word_1_214' title='bbox 1525 3148 1691 3210; x_wconf 91' lang='lat' dir='ltr'><strong>quae</strong></span> <span class='ocrx_word' id='word_1_215' title='bbox 1738 3149 1846 3194; x_wconf 92' lang='lat' dir='ltr'><strong>am</strong></span> <span class='ocrx_word' id='word_1_216' title='bbox 1893 3128 2320 3196; x_wconf 87' lang='lat' dir='ltr'><strong>labefactatio.</strong></span> <span class='ocrx_word' id='word_1_217' title='bbox 2409 3129 2590 3212; x_wconf 78' lang='lat' dir='ltr'><strong>Quia</strong></span> 
     </span>
     <span class='ocr_line' id='line_1_32' title="bbox 630 3212 2587 3300; baseline 0.003 -22"><span class='ocrx_word' id='word_1_218' title='bbox 630 3221 853 3278; x_wconf 91' lang='lat' dir='ltr'><strong>autem</strong></span> <span class='ocrx_word' id='word_1_219' title='bbox 896 3213 1085 3278; x_wconf 90' lang='lat' dir='ltr'><strong>vobis</strong></span> <span class='ocrx_word' id='word_1_220' title='bbox 1129 3218 1198 3278; x_wconf 92' lang='lat' dir='ltr'><strong>et</strong></span> <span class='ocrx_word' id='word_1_221' title='bbox 1230 3212 1371 3295; x_wconf 88' lang='lat' dir='ltr'><strong>ipse</strong></span> <span class='ocrx_word' id='word_1_222' title='bbox 1404 3212 1706 3296; x_wconf 90' lang='lat' dir='ltr'><strong>cupiebat</strong></span> <span class='ocrx_word' id='word_1_223' title='bbox 1745 3215 1820 3279; x_wconf 90' lang='lat' dir='ltr'><strong>in</strong></span> <span class='ocrx_word' id='word_1_224' title='bbox 1861 3214 2148 3280; x_wconf 91' lang='lat' dir='ltr'><strong>Domino</strong></span> <span class='ocrx_word' id='word_1_225' title='bbox 2191 3223 2455 3300; x_wconf 88' lang='lat' dir='ltr'><strong>gratum</strong></span> <span class='ocrx_word' id='word_1_226' title='bbox 2489 3216 2587 3283; x_wconf 87' lang='lat' dir='ltr'><strong>fa-</strong></span> 
     </span>
     <span class='ocr_line' id='line_1_33' title="bbox 628 3296 2589 3387; baseline 0.001 -22"><span class='ocrx_word' id='word_1_227' title='bbox 628 3320 794 3377; x_wconf 91' lang='grc'>0616,</span> <span class='ocrx_word' id='word_1_228' title='bbox 837 3297 1053 3363; x_wconf 84' lang='grc'>6011111</span> <span class='ocrx_word' id='word_1_229' title='bbox 1093 3317 1133 3362; x_wconf 89' lang='grc'><strong>6</strong></span> <span class='ocrx_word' id='word_1_230' title='bbox 1175 3296 1367 3363; x_wconf 93' lang='lat' dir='ltr'><strong>domo</strong></span> <span class='ocrx_word' id='word_1_231' title='bbox 1423 3320 1545 3365; x_wconf 89' lang='lat' dir='ltr'><strong>sua</strong></span> <span class='ocrx_word' id='word_1_232' title='bbox 1585 3298 2030 3367; x_wconf 86' lang='lat' dir='ltr'><strong>adolescentes</strong></span> <span class='ocrx_word' id='word_1_233' title='bbox 2085 3301 2416 3387; x_wconf 81' lang='lat' dir='ltr'><strong>ablegare,</strong></span> <span class='ocrx_word' id='word_1_234' title='bbox 2473 3302 2589 3369; x_wconf 93' lang='lat' dir='ltr'><strong>sed</strong></span> 
     </span>
     <span class='ocr_line' id='line_1_34' title="bbox 633 3383 2589 3472; baseline 0.002 -22"><span class='ocrx_word' id='word_1_235' title='bbox 633 3383 871 3450; x_wconf 89' lang='lat' dir='ltr'><strong>detulit</strong></span> <span class='ocrx_word' id='word_1_236' title='bbox 891 3408 896 3413; x_wconf 86' lang='lat'><strong>·</strong></span> <span class='ocrx_word' id='word_1_237' title='bbox 914 3405 1055 3450; x_wconf 88' lang='lat' dir='ltr'><strong>rem</strong></span> <span class='ocrx_word' id='word_1_238' title='bbox 1101 3404 1364 3449; x_wconf 92' lang='lat' dir='ltr'><strong>omnem</strong></span> <span class='ocrx_word' id='word_1_239' title='bbox 1416 3384 1500 3449; x_wconf 90' lang='lat' dir='ltr'><strong>ad</strong></span> <span class='ocrx_word' id='word_1_240' title='bbox 1555 3405 1695 3450; x_wconf 91' lang='lat' dir='ltr'><strong>nos.</strong></span> <span class='ocrx_word' id='word_1_241' title='bbox 1784 3386 2187 3453; x_wconf 88' lang='lat' dir='ltr'><strong>Vocavimus</strong></span> <span class='ocrx_word' id='word_1_242' title='bbox 2227 3388 2435 3472; x_wconf 87' lang='lat' dir='ltr'><strong>igitur</strong></span> <span class='ocrx_word' id='word_1_243' title='bbox 2476 3409 2589 3455; x_wconf 90' lang='lat' dir='ltr'><strong>eos</strong></span> 
     </span>
     <span class='ocr_line' id='line_1_35' title="bbox 632 3467 2588 3554; baseline 0.001 -18"><span class='ocrx_word' id='word_1_244' title='bbox 632 3468 717 3536; x_wconf 91' lang='lat' dir='ltr'><strong>ad</strong></span> <span class='ocrx_word' id='word_1_245' title='bbox 758 3491 883 3535; x_wconf 93' lang='lat' dir='ltr'><strong>nos</strong></span> <span class='ocrx_word' id='word_1_246' title='bbox 940 3478 1007 3536; x_wconf 91' lang='lat' dir='ltr'><strong>et</strong></span> <span class='ocrx_word' id='word_1_247' title='bbox 1059 3478 1335 3554; x_wconf 90' lang='lat' dir='ltr'><strong>paterne</strong></span> <span class='ocrx_word' id='word_1_248' title='bbox 1390 3467 1854 3537; x_wconf 86' lang='lat' dir='ltr'><strong>admonuimus</strong></span> <span class='ocrx_word' id='word_1_249' title='bbox 1907 3471 1990 3537; x_wconf 90' lang='lat' dir='ltr'><strong>de</strong></span> <span class='ocrx_word' id='word_1_250' title='bbox 2044 3472 2356 3540; x_wconf 89' lang='lat' dir='ltr'><strong>ecclesiae</strong></span> <span class='ocrx_word' id='word_1_251' title='bbox 2411 3493 2588 3540; x_wconf 91' lang='lat' dir='ltr'><strong>com-</strong></span> 
     </span>
     <span class='ocr_line' id='line_1_36' title="bbox 628 3555 2590 3640; baseline 0.001 -20"><span class='ocrx_word' id='word_1_252' title='bbox 628 3555 976 3634; x_wconf 89' lang='lat' dir='ltr'><strong>munione,</strong></span> <span class='ocrx_word' id='word_1_253' title='bbox 1039 3562 1107 3621; x_wconf 91' lang='lat' dir='ltr'><strong>et</strong></span> <span class='ocrx_word' id='word_1_254' title='bbox 1162 3574 1361 3639; x_wconf 91' lang='lat' dir='ltr'><strong>quam</strong></span> <span class='ocrx_word' id='word_1_255' title='bbox 1411 3576 1613 3640; x_wconf 91' lang='lat' dir='ltr'><strong>grave</strong></span> <span class='ocrx_word' id='word_1_256' title='bbox 1657 3557 1746 3622; x_wconf 89' lang='lat' dir='ltr'><strong>sit</strong></span> <span class='ocrx_word' id='word_1_257' title='bbox 1788 3578 1859 3623; x_wconf 91' lang='lat' dir='ltr'><strong>se</strong></span> <span class='ocrx_word' id='word_1_258' title='bbox 1904 3557 1985 3622; x_wconf 94' lang='lat' dir='ltr'><strong>ab</strong></span> <span class='ocrx_word' id='word_1_259' title='bbox 2028 3557 2152 3625; x_wconf 90' lang='lat' dir='ltr'><strong>hac</strong></span> <span class='ocrx_word' id='word_1_260' title='bbox 2195 3557 2590 3626; x_wconf 88' lang='lat' dir='ltr'><strong>subducere:</strong></span> 
     </span>
     <span class='ocr_line' id='line_1_37' title="bbox 629 3639 2588 3726; baseline 0.002 -19"><span class='ocrx_word' id='word_1_261' title='bbox 629 3639 964 3707; x_wconf 93' lang='lat' dir='ltr'><strong>neminem</strong></span> <span class='ocrx_word' id='word_1_262' title='bbox 1009 3642 1187 3705; x_wconf 93' lang='lat' dir='ltr'><strong>enim</strong></span> <span class='ocrx_word' id='word_1_263' title='bbox 1232 3661 1304 3707; x_wconf 94' lang='lat' dir='ltr'><strong>se</strong></span> <span class='ocrx_word' id='word_1_264' title='bbox 1340 3642 1422 3707; x_wconf 93' lang='lat' dir='ltr'><strong>ab</strong></span> <span class='ocrx_word' id='word_1_265' title='bbox 1476 3641 1616 3707; x_wconf 91' lang='lat' dir='ltr'><strong>ulla</strong></span> <span class='ocrx_word' id='word_1_266' title='bbox 1667 3643 1940 3710; x_wconf 90' lang='lat' dir='ltr'><strong>ecclesia</strong></span> <span class='ocrx_word' id='word_1_267' title='bbox 1978 3663 2170 3726; x_wconf 89' lang='lat' dir='ltr'><strong>posse</strong></span> <span class='ocrx_word' id='word_1_268' title='bbox 2215 3666 2588 3711; x_wconf 89' lang='lat' dir='ltr'><strong>sacramen·</strong></span> 
     </span>
     <span class='ocr_line' id='line_1_38' title="bbox 632 3726 2590 3797; baseline 0.002 -5"><span class='ocrx_word' id='word_1_269' title='bbox 632 3735 850 3792; x_wconf 90' lang='lat' dir='ltr'><strong>torum</strong></span> <span class='ocrx_word' id='word_1_270' title='bbox 893 3727 1353 3792; x_wconf 91' lang='lat' dir='ltr'><strong>communione</strong></span> <span class='ocrx_word' id='word_1_271' title='bbox 1397 3726 1686 3793; x_wconf 88' lang='lat' dir='ltr'><strong>alienare</strong></span> <span class='ocrx_word' id='word_1_272' title='bbox 1721 3729 1863 3794; x_wconf 91' lang='lat' dir='ltr'><strong>sine</strong></span> <span class='ocrx_word' id='word_1_273' title='bbox 1907 3729 2046 3796; x_wconf 92' lang='lat' dir='ltr'><strong>eius</strong></span> <span class='ocrx_word' id='word_1_274' title='bbox 2088 3728 2399 3797; x_wconf 90' lang='lat' dir='ltr'><strong>ecclesiae</strong></span> <span class='ocrx_word' id='word_1_275' title='bbox 2435 3751 2590 3796; x_wconf 90' lang='lat' dir='ltr'><strong>cou-</strong></span> 
     </span>
     <span class='ocr_line' id='line_1_39' title="bbox 631 3810 2591 3883; baseline 0.003 -7"><span class='ocrx_word' id='word_1_276' title='bbox 631 3810 1045 3877; x_wconf 91' lang='lat' dir='ltr'><strong>demnatione</strong></span> <span class='ocrx_word' id='word_1_277' title='bbox 1110 3819 1177 3877; x_wconf 90' lang='lat' dir='ltr'><strong>et</strong></span> <span class='ocrx_word' id='word_1_278' title='bbox 1239 3813 1931 3880; x_wconf 80' lang='lat' dir='ltr'><strong>excommunicatione.</strong></span> <span class='ocrx_word' id='word_1_279' title='bbox 2061 3814 2208 3883; x_wconf 88' lang='lat' dir='ltr'><strong>Hoc</strong></span> <span class='ocrx_word' id='word_1_280' title='bbox 2272 3837 2392 3882; x_wconf 91' lang='grc'><strong>606</strong></span> <span class='ocrx_word' id='word_1_281' title='bbox 2457 3838 2591 3882; x_wconf 93' lang='lat' dir='ltr'><strong>non</strong></span> 
     </span>
     <span class='ocr_line' id='line_1_40' title="bbox 630 3897 2586 3980; baseline 0.004 -19"><span class='ocrx_word' id='word_1_282' title='bbox 630 3897 902 3975; x_wconf 90' lang='lat' dir='ltr'><strong>mereri,</strong></span> <span class='ocrx_word' id='word_1_283' title='bbox 963 3917 1087 3961; x_wconf 92' lang='lat' dir='ltr'><strong>nec</strong></span> <span class='ocrx_word' id='word_1_284' title='bbox 1138 3904 1375 3980; x_wconf 90' lang='lat' dir='ltr'><strong>putare</strong></span> <span class='ocrx_word' id='word_1_285' title='bbox 1426 3919 1537 3964; x_wconf 91' lang='lat' dir='ltr'><strong>eos</strong></span> <span class='ocrx_word' id='word_1_286' title='bbox 1592 3898 1661 3963; x_wconf 91' lang='lat' dir='ltr'><strong>id</strong></span> <span class='ocrx_word' id='word_1_287' title='bbox 1714 3899 1941 3967; x_wconf 89' lang='lat' dir='ltr'><strong>iudicii</strong></span> <span class='ocrx_word' id='word_1_288' title='bbox 1997 3900 2078 3966; x_wconf 94' lang='lat' dir='ltr'><strong>de</strong></span> <span class='ocrx_word' id='word_1_289' title='bbox 2119 3900 2310 3967; x_wconf 90' lang='lat' dir='ltr'><strong>nobis</strong></span> <span class='ocrx_word' id='word_1_290' title='bbox 2353 3902 2586 3968; x_wconf 89' lang='lat' dir='ltr'><strong>facere.</strong></span> 
     </span>
     <span class='ocr_line' id='line_1_41' title="bbox 629 3981 2590 4068; baseline 0.002 -20"><span class='ocrx_word' id='word_1_291' title='bbox 629 3982 770 4048; x_wconf 84' lang='lat' dir='ltr'><strong>Nos</strong></span> <span class='ocrx_word' id='word_1_292' title='bbox 810 3981 983 4047; x_wconf 93' lang='lat' dir='ltr'><strong>nihil</strong></span> <span class='ocrx_word' id='word_1_293' title='bbox 1017 3982 1300 4065; x_wconf 89' lang='lat' dir='ltr'><strong>amplius</strong></span> <span class='ocrx_word' id='word_1_294' title='bbox 1317 3984 1375 4058; x_wconf 74' lang='grc'><strong>2)</strong></span> <span class='ocrx_word' id='word_1_295' title='bbox 1417 3990 1641 4066; x_wconf 89' lang='lat' dir='ltr'><strong>petere</strong></span> <span class='ocrx_word' id='word_1_296' title='bbox 1681 4000 1881 4068; x_wconf 86' lang='lat' dir='ltr'><strong>quam</strong></span> <span class='ocrx_word' id='word_1_297' title='bbox 1916 3990 1993 4051; x_wconf 87' lang='lat' dir='ltr'><strong>ut</strong></span> <span class='ocrx_word' id='word_1_298' title='bbox 2026 3987 2590 4054; x_wconf 87' lang='lat' dir='ltr'><strong>communicarent</strong></span> 
     </span>
     <span class='ocr_line' id='line_1_42' title="bbox 631 4066 2588 4152; baseline 0.003 -19"><span class='ocrx_word' id='word_1_299' title='bbox 631 4068 971 4133; x_wconf 89' lang='lat' dir='ltr'><strong>nobiscum</strong></span> <span class='ocrx_word' id='word_1_300' title='bbox 1013 4069 1084 4132; x_wconf 92' lang='lat' dir='ltr'><strong>in</strong></span> <span class='ocrx_word' id='word_1_301' title='bbox 1127 4066 1256 4133; x_wconf 89' lang='lat' dir='ltr'><strong>fide</strong></span> <span class='ocrx_word' id='word_1_302' title='bbox 1299 4069 1725 4137; x_wconf 89' lang='lat' dir='ltr'><strong>confessionis</strong></span> <span class='ocrx_word' id='word_1_303' title='bbox 1769 4071 2171 4152; x_wconf 87' lang='lat' dir='ltr'><strong>Basiliensis,</strong></span> <span class='ocrx_word' id='word_1_304' title='bbox 2231 4081 2349 4138; x_wconf 86' lang='lat' dir='ltr'><strong>aut</strong></span> <span class='ocrx_word' id='word_1_305' title='bbox 2389 4073 2588 4139; x_wconf 89' lang='lat' dir='ltr'><strong>huius</strong></span> 
     </span>
     <span class='ocr_line' id='line_1_43' title="bbox 630 4152 2588 4241; baseline 0.004 -24"><span class='ocrx_word' id='word_1_306' title='bbox 630 4152 970 4237; x_wconf 89' lang='lat' dir='ltr'><strong>paulinae:</strong></span> <span class='ocrx_word' id='word_1_307' title='bbox 1027 4153 1234 4219; x_wconf 86' lang='lat' dir='ltr'><strong>Panis</strong></span> <span class='ocrx_word' id='word_1_308' title='bbox 1289 4174 1484 4236; x_wconf 90' lang='lat' dir='ltr'><strong>quem</strong></span> <span class='ocrx_word' id='word_1_309' title='bbox 1538 4157 1904 4241; x_wconf 79' lang='lat' dir='ltr'><strong>frangimus</strong></span> <span class='ocrx_word' id='word_1_310' title='bbox 1947 4164 2050 4223; x_wconf 91' lang='lat' dir='ltr'><strong>est</strong></span> <span class='ocrx_word' id='word_1_311' title='bbox 2087 4158 2588 4225; x_wconf 85' lang='lat' dir='ltr'><strong>communicatio</strong></span> 
     </span>
     <span class='ocr_line' id='line_1_44' title="bbox 631 4238 2586 4327; baseline 0.002 -21"><span class='ocrx_word' id='word_1_312' title='bbox 631 4239 924 4322; x_wconf 90' lang='lat' dir='ltr'><strong>corporis</strong></span> <span class='ocrx_word' id='word_1_313' title='bbox 961 4238 1249 4318; x_wconf 89' lang='lat' dir='ltr'><strong>Domini,</strong></span> <span class='ocrx_word' id='word_1_314' title='bbox 1295 4239 1467 4305; x_wconf 83' lang='lat' dir='ltr'><strong>calix</strong></span> <span class='ocrx_word' id='word_1_315' title='bbox 1511 4263 1637 4324; x_wconf 92' lang='lat' dir='ltr'><strong>quo</strong></span> <span class='ocrx_word' id='word_1_316' title='bbox 1680 4243 1925 4326; x_wconf 86' lang='lat' dir='ltr'><strong>gratias</strong></span> <span class='ocrx_word' id='word_1_317' title='bbox 1967 4244 2225 4327; x_wconf 83' lang='lat' dir='ltr'><strong>agimus</strong></span> <span class='ocrx_word' id='word_1_318' title='bbox 2267 4252 2369 4310; x_wconf 90' lang='lat' dir='ltr'><strong>est</strong></span> <span class='ocrx_word' id='word_1_319' title='bbox 2410 4265 2586 4310; x_wconf 91' lang='lat' dir='ltr'><strong>com-</strong></span> 
     </span>
     <span class='ocr_line' id='line_1_45' title="bbox 631 4323 2588 4414; baseline 0.003 -25"><span class='ocrx_word' id='word_1_320' title='bbox 631 4325 989 4390; x_wconf 88' lang='lat' dir='ltr'><strong>municatio</strong></span> <span class='ocrx_word' id='word_1_321' title='bbox 1034 4323 1375 4409; x_wconf 88' lang='lat' dir='ltr'><strong>sanguinis</strong></span> <span class='ocrx_word' id='word_1_322' title='bbox 1411 4327 1571 4393; x_wconf 91' lang='lat' dir='ltr'><strong>eius.</strong></span> <span class='ocrx_word' id='word_1_323' title='bbox 1637 4325 1828 4408; x_wconf 78' lang='lat' dir='ltr'><strong>Quae</strong></span> <span class='ocrx_word' id='word_1_324' title='bbox 1871 4329 2128 4395; x_wconf 90' lang='lat' dir='ltr'><strong>acutius</strong></span> <span class='ocrx_word' id='word_1_325' title='bbox 2172 4328 2588 4414; x_wconf 90' lang='lat' dir='ltr'><strong>disputaren-</strong></span> 
     </span>
     <span class='ocr_line' id='line_1_46' title="bbox 630 4409 2587 4494; baseline 0.003 -19"><span class='ocrx_word' id='word_1_326' title='bbox 630 4417 759 4488; x_wconf 90' lang='lat' dir='ltr'><strong>tur,</strong></span> <span class='ocrx_word' id='word_1_327' title='bbox 782 4413 874 4489; x_wconf 61' lang='grc' dir='ltr'><strong>Ι1),</strong></span> <span class='ocrx_word' id='word_1_328' title='bbox 932 4409 1041 4475; x_wconf 91' lang='lat' dir='ltr'><strong>vel</strong></span> <span class='ocrx_word' id='word_1_329' title='bbox 1098 4409 1179 4476; x_wconf 94' lang='lat' dir='ltr'><strong>de</strong></span> <span class='ocrx_word' id='word_1_330' title='bbox 1233 4414 1605 4494; x_wconf 90' lang='lat' dir='ltr'><strong>praesentia</strong></span> <span class='ocrx_word' id='word_1_331' title='bbox 1646 4411 1920 4478; x_wconf 85' lang='lat' dir='ltr'><strong>Domini</strong></span> <span class='ocrx_word' id='word_1_332' title='bbox 1978 4414 2051 4479; x_wconf 87' lang='lat' dir='ltr'><strong>in</strong></span> <span class='ocrx_word' id='word_1_333' title='bbox 2108 4436 2309 4481; x_wconf 90' lang='lat' dir='ltr'><strong>coena</strong></span> <span class='ocrx_word' id='word_1_334' title='bbox 2350 4415 2461 4483; x_wconf 93' lang='lat' dir='ltr'><strong>vel</strong></span> <span class='ocrx_word' id='word_1_335' title='bbox 2506 4414 2587 4481; x_wconf 91' lang='lat' dir='ltr'><strong>de</strong></span> 
     </span>
     <span class='ocr_line' id='line_1_47' title="bbox 631 4495 2586 4583; baseline 0.004 -22"><span class='ocrx_word' id='word_1_336' title='bbox 631 4496 827 4562; x_wconf 90' lang='lat' dir='ltr'><strong>certis</strong></span> <span class='ocrx_word' id='word_1_337' title='bbox 890 4495 1183 4561; x_wconf 88' lang='lat' dir='ltr'><strong>locorum</strong></span> <span class='ocrx_word' id='word_1_338' title='bbox 1265 4497 1674 4579; x_wconf 90' lang='lat' dir='ltr'><strong>quorundam</strong></span> <span class='ocrx_word' id='word_1_339' title='bbox 1742 4499 2393 4583; x_wconf 84' lang='lat' dir='ltr'><strong>interpretationibus</strong></span> <span class='ocrx_word' id='word_1_340' title='bbox 2410 4552 2429 4580; x_wconf 94' lang='lat'><strong>,</strong></span> <span class='ocrx_word' id='word_1_341' title='bbox 2510 4523 2586 4568; x_wconf 89' lang='lat' dir='ltr'><strong>ac</strong></span> 
     </span>
     <span class='ocr_line' id='line_1_48' title="bbox 631 4580 2586 4653; baseline 0.002 -5"><span class='ocrx_word' id='word_1_342' title='bbox 631 4581 832 4649; x_wconf 88' lang='lat' dir='ltr'><strong>etiam</strong></span> <span class='ocrx_word' id='word_1_343' title='bbox 875 4580 956 4647; x_wconf 91' lang='lat' dir='ltr'><strong>de</strong></span> <span class='ocrx_word' id='word_1_344' title='bbox 1000 4582 1288 4647; x_wconf 89' lang='lat' dir='ltr'><strong>ecclesiis</strong></span> <span class='ocrx_word' id='word_1_345' title='bbox 1322 4591 1390 4649; x_wconf 92' lang='lat' dir='ltr'><strong>et</strong></span> <span class='ocrx_word' id='word_1_346' title='bbox 1421 4584 1742 4650; x_wconf 89' lang='lat' dir='ltr'><strong>ministris</strong></span> <span class='ocrx_word' id='word_1_347' title='bbox 1777 4585 2196 4653; x_wconf 87' lang='lat' dir='ltr'><strong>ecclesiarum</strong></span> <span class='ocrx_word' id='word_1_348' title='bbox 2239 4587 2309 4651; x_wconf 91' lang='lat' dir='ltr'><strong>in</strong></span> <span class='ocrx_word' id='word_1_349' title='bbox 2352 4586 2478 4652; x_wconf 90' lang='lat' dir='ltr'><strong>hac</strong></span> <span class='ocrx_word' id='word_1_350' title='bbox 2512 4607 2586 4652; x_wconf 90' lang='lat' dir='ltr'><strong>re</strong></span> 
     </span>
     <span class='ocr_line' id='line_1_49' title="bbox 633 4666 2588 4746; baseline 0.003 -13"><span class='ocrx_word' id='word_1_351' title='bbox 633 4667 1198 4746; x_wconf 87' lang='lat' dir='ltr'><strong>dissentientibus,</strong></span> <span class='ocrx_word' id='word_1_352' title='bbox 1237 4666 1400 4732; x_wconf 88' lang='lat' dir='ltr'><strong>haec</strong></span> <span class='ocrx_word' id='word_1_353' title='bbox 1441 4690 1554 4736; x_wconf 90' lang='lat' dir='ltr'><strong>eos</strong></span> <span class='ocrx_word' id='word_1_354' title='bbox 1598 4669 1833 4738; x_wconf 92' lang='lat' dir='ltr'><strong>debere</strong></span> <span class='ocrx_word' id='word_1_355' title='bbox 1853 4670 2140 4738; x_wconf 91' lang='lat' dir='ltr'><strong>Domino</strong></span> <span class='ocrx_word' id='word_1_356' title='bbox 2161 4673 2588 4738; x_wconf 88' lang='lat' dir='ltr'><strong>committere.</strong></span> 
     </span>
     <span class='ocr_line' id='line_1_50' title="bbox 629 4752 2587 4902; baseline 0.003 -83"><span class='ocrx_word' id='word_1_357' title='bbox 629 4753 883 4838; x_wconf 85' lang='lat' dir='ltr'><strong>Legem</strong></span> <span class='ocrx_word' id='word_1_358' title='bbox 926 4774 1180 4902; x_wconf 72' lang='grc' dir='ltr'>(111οἶ116</span> <span class='ocrx_word' id='word_1_359' title='bbox 1223 4752 1484 4819; x_wconf 89' lang='grc'>60110166</span> <span class='ocrx_word' id='word_1_360' title='bbox 1529 4765 1787 4822; x_wconf 88' lang='lat' dir='ltr'><strong>nostrae</strong></span> <span class='ocrx_word' id='word_1_361' title='bbox 1841 4779 1985 4824; x_wconf 89' lang='lat' dir='ltr'><strong>esse</strong></span> <span class='ocrx_word' id='word_1_362' title='bbox 2026 4767 2104 4823; x_wconf 92' lang='lat' dir='ltr'><strong>ut</strong></span> <span class='ocrx_word' id='word_1_363' title='bbox 2144 4760 2256 4842; x_wconf 90' lang='lat' dir='ltr'><strong>qui</strong></span> <span class='ocrx_word' id='word_1_364' title='bbox 2298 4760 2441 4825; x_wconf 89' lang='lat' dir='ltr'><strong>eius</strong></span> <span class='ocrx_word' id='word_1_365' title='bbox 2484 4759 2587 4826; x_wconf 90' lang='lat' dir='ltr'><strong>uti</strong></span> 
     </span>
     <span class='ocr_line' id='line_1_51' title="bbox 631 4837 2586 4920; baseline 0.003 -15"><span class='ocrx_word' id='word_1_366' title='bbox 631 4840 948 4905; x_wconf 89' lang='lat' dir='ltr'><strong>beneficio</strong></span> <span class='ocrx_word' id='word_1_367' title='bbox 981 4859 1063 4905; x_wconf 92' lang='lat' dir='ltr'><strong>ve</strong></span> <span class='ocrx_word' id='word_1_368' title='bbox 1095 4839 1145 4903; x_wconf 84' lang='lat' dir='ltr'><strong>&#39;t</strong></span> <span class='ocrx_word' id='word_1_369' title='bbox 1178 4838 1281 4903; x_wconf 86' lang='lat' dir='ltr'><strong>uti</strong></span> <span class='ocrx_word' id='word_1_370' title='bbox 1315 4837 1550 4905; x_wconf 89' lang='lat' dir='ltr'><strong>debere</strong></span> <span class='ocrx_word' id='word_1_371' title='bbox 1592 4847 1660 4906; x_wconf 89' lang='lat' dir='ltr'><strong>et</strong></span> <span class='ocrx_word' id='word_1_372' title='bbox 1692 4841 2029 4908; x_wconf 88' lang='lat' dir='ltr'><strong>ecclesiae:</strong></span> <span class='ocrx_word' id='word_1_373' title='bbox 2051 4845 2109 4920; x_wconf 69' lang='grc'><strong>4)</strong></span> <span class='ocrx_word' id='word_1_374' title='bbox 2152 4844 2586 4911; x_wconf 87' lang='lat' dir='ltr'><strong>christianam</strong></span> 
     </span>
     <span class='ocr_line' id='line_1_52' title="bbox 632 4923 2585 5013; baseline 0.002 -22"><span class='ocrx_word' id='word_1_375' title='bbox 632 4926 811 4991; x_wconf 91' lang='lat' dir='ltr'><strong>enim</strong></span> <span class='ocrx_word' id='word_1_376' title='bbox 846 4923 1138 4990; x_wconf 91' lang='lat' dir='ltr'><strong>scholam</strong></span> <span class='ocrx_word' id='word_1_377' title='bbox 1173 4945 1295 4990; x_wconf 88' lang='lat' dir='ltr'><strong>nos</strong></span> <span class='ocrx_word' id='word_1_378' title='bbox 1328 4925 1716 5006; x_wconf 89' lang='lat' dir='ltr'><strong>instituisse,</strong></span> <span class='ocrx_word' id='word_1_379' title='bbox 1753 4948 1917 5010; x_wconf 89' lang='lat' dir='ltr'><strong>quae</strong></span> <span class='ocrx_word' id='word_1_380' title='bbox 1951 4927 2120 4993; x_wconf 90' lang='lat' dir='ltr'><strong>nihil</strong></span> <span class='ocrx_word' id='word_1_381' title='bbox 2153 4949 2352 5011; x_wconf 85' lang='lat' dir='ltr'><strong>quam</strong></span> <span class='ocrx_word' id='word_1_382' title='bbox 2386 4950 2585 5013; x_wconf 91' lang='lat' dir='ltr'><strong>quae-</strong></span> 
     </span>
     <span class='ocr_line' id='line_1_53' title="bbox 633 5008 2585 5083; baseline 0.005 -9"><span class='ocrx_word' id='word_1_383' title='bbox 633 5008 786 5075; x_wconf 87' lang='lat' dir='ltr'><strong>dam</strong></span> <span class='ocrx_word' id='word_1_384' title='bbox 831 5009 1195 5075; x_wconf 89' lang='lat' dir='ltr'><strong>iuventutis</strong></span> <span class='ocrx_word' id='word_1_385' title='bbox 1238 5010 1634 5079; x_wconf 88' lang='lat' dir='ltr'><strong>christianae</strong></span> <span class='ocrx_word' id='word_1_386' title='bbox 1687 5019 1753 5078; x_wconf 90' lang='lat' dir='ltr'><strong>et</strong></span> <span class='ocrx_word' id='word_1_387' title='bbox 1794 5013 2125 5080; x_wconf 88' lang='lat' dir='ltr'><strong>literariae</strong></span> <span class='ocrx_word' id='word_1_388' title='bbox 2167 5014 2443 5082; x_wconf 88' lang='lat' dir='ltr'><strong>ecclesia</strong></span> <span class='ocrx_word' id='word_1_389' title='bbox 2484 5037 2585 5083; x_wconf 89' lang='grc'><strong>66-</strong></span> 
     </span>
    </p>
   </div>
   <div class='ocr_carea' id='block_1_7' title="bbox 631 5150 1046 5161">
    <p class='ocr_par' dir='ltr' id='par_1_8' title="bbox 631 5150 1046 5161">
     <span class='ocr_line' id='line_1_54' title="bbox 631 5150 1046 5161; baseline 0 1014"><span class='ocrx_word' id='word_1_390' title='bbox 631 5150 1046 5161; x_wconf 95' lang='lat' dir='ltr'><strong> </strong></span> 
     </span>
    </p>
   </div>
   <div class='ocr_carea' id='block_1_8' title="bbox 836 5230 1872 5441">
    <p class='ocr_par' dir='ltr' id='par_1_9' title="bbox 836 5230 1872 5441">
     <span class='ocr_line' id='line_1_55' title="bbox 836 5230 1489 5302; baseline 0 -16"><span class='ocrx_word' id='word_1_391' title='bbox 836 5232 899 5297; x_wconf 82' lang='grc'><strong>2)</strong></span> <span class='ocrx_word' id='word_1_392' title='bbox 934 5232 1163 5302; x_wconf 86' lang='lat' dir='ltr'><strong>amplius</strong></span> <span class='ocrx_word' id='word_1_393' title='bbox 1196 5245 1299 5287; x_wconf 80' lang='lat' dir='ltr'><strong>om.</strong></span> <span class='ocrx_word' id='word_1_394' title='bbox 1340 5230 1489 5302; x_wconf 75' lang='lat' dir='ltr'><strong>Myc.</strong></span> 
     </span>
     <span class='ocr_line' id='line_1_56' title="bbox 838 5300 1454 5371; baseline -0.005 -16"><span class='ocrx_word' id='word_1_395' title='bbox 838 5301 895 5362; x_wconf 85' lang='lat'><strong>3)</strong></span> <span class='ocrx_word' id='word_1_396' title='bbox 931 5300 1269 5370; x_wconf 83' lang='lat' dir='ltr'><strong>disputantur</strong></span> <span class='ocrx_word' id='word_1_397' title='bbox 1302 5300 1454 5371; x_wconf 75' lang='lat' dir='ltr'><strong>Myc.</strong></span> 
     </span>
     <span class='ocr_line' id='line_1_57' title="bbox 838 5369 1872 5441; baseline 0.004 -18"><span class='ocrx_word' id='word_1_398' title='bbox 838 5369 898 5438; x_wconf 82' lang='lat'><strong>4)</strong></span> <span class='ocrx_word' id='word_1_399' title='bbox 937 5369 1153 5425; x_wconf 79' lang='lat' dir='ltr'><strong>Neuter</strong></span> <span class='ocrx_word' id='word_1_400' title='bbox 1183 5369 1353 5426; x_wconf 75' lang='lat' dir='ltr'><strong>codex</strong></span> <span class='ocrx_word' id='word_1_401' title='bbox 1385 5370 1479 5425; x_wconf 71' lang='lat' dir='ltr'><strong>hic</strong></span> <span class='ocrx_word' id='word_1_402' title='bbox 1505 5370 1872 5441; x_wconf 66' lang='lat' dir='ltr'><strong>interpunqit.</strong></span> 
     </span>
    </p>
   </div>
   <div class='ocr_carea' id='block_1_9' title="bbox 2184 453 3096 523">
    <p class='ocr_par' dir='ltr' id='par_1_10' title="bbox 2184 453 3096 523">
     <span class='ocr_line' id='line_1_58' title="bbox 2184 453 3096 523; baseline -0.002 -3"><span class='ocrx_word' id='word_1_403' title='bbox 2184 453 2713 523; x_wconf 71' lang='lat' dir='ltr'>EPISTOLAE</span> <span class='ocrx_word' id='word_1_404' title='bbox 2758 457 3096 520; x_wconf 84' lang='lat'>860—861</span> 
     </span>
    </p>
   </div>
   <div class='ocr_carea' id='block_1_10' title="bbox 2637 655 2649 5425">
    <p class='ocr_par' dir='ltr' id='par_1_11' title="bbox 2637 655 2649 5425">
     <span class='ocr_line' id='line_1_59' title="bbox 2637 655 2649 5425; baseline 0 0"><span class='ocrx_word' id='word_1_405' title='bbox 2637 655 2649 5425; x_wconf 95' lang='lat' dir='ltr'><strong> </strong></span> 
     </span>
    </p>
   </div>
   <div class='ocr_carea' id='block_1_11' title="bbox 4518 461 4630 521">
    <p class='ocr_par' dir='ltr' id='par_1_12' title="bbox 4518 461 4630 521">
     <span class='ocr_line' id='line_1_60' title="bbox 4518 461 4630 521; baseline 0.018 -2"><span class='ocrx_word' id='word_1_406' title='bbox 4518 461 4630 521; x_wconf 81' lang='lat'><strong>440</strong></span> 
     </span>
    </p>
   </div>
   <div class='ocr_carea' id='block_1_12' title="bbox 2687 641 4656 5445">
    <p class='ocr_par' dir='ltr' id='par_1_13' title="bbox 2687 641 4656 5445">
     <span class='ocr_line' id='line_1_61' title="bbox 2694 641 4635 727; baseline 0.002 -18"><span class='ocrx_word' id='word_1_407' title='bbox 2694 649 2814 709; x_wconf 90' lang='lat' dir='ltr'><strong>set.</strong></span> <span class='ocrx_word' id='word_1_408' title='bbox 2901 642 3040 709; x_wconf 86' lang='lat' dir='ltr'><strong>Nos</strong></span> <span class='ocrx_word' id='word_1_409' title='bbox 3082 641 3362 727; x_wconf 90' lang='lat' dir='ltr'><strong>denique</strong></span> <span class='ocrx_word' id='word_1_410' title='bbox 3405 642 3664 726; x_wconf 89' lang='lat' dir='ltr'><strong>pridem</strong></span> <span class='ocrx_word' id='word_1_411' title='bbox 3720 643 4055 711; x_wconf 83' lang='lat' dir='ltr'><strong>audivisse</strong></span> <span class='ocrx_word' id='word_1_412' title='bbox 4068 692 4086 724; x_wconf 88' lang='lat'><strong>,</strong></span> <span class='ocrx_word' id='word_1_413' title='bbox 4142 644 4220 709; x_wconf 71' lang='lat' dir='ltr'><strong>Ti</strong></span> <span class='ocrx_word' id='word_1_414' title='bbox 4316 644 4375 709; x_wconf 91' lang='lat' dir='ltr'><strong>ri</strong></span> <span class='ocrx_word' id='word_1_415' title='bbox 4416 665 4537 713; x_wconf 88' lang='lat' dir='ltr'><strong>nec</strong></span> <span class='ocrx_word' id='word_1_416' title='bbox 4571 646 4635 712; x_wconf 87' lang='grc'><strong>111</strong></span> 
     </span>
     <span class='ocr_line' id='line_1_62' title="bbox 2693 728 4636 811; baseline 0.002 -17"><span class='ocrx_word' id='word_1_417' title='bbox 2693 729 2939 795; x_wconf 90' lang='lat' dir='ltr'><strong>civium</strong></span> <span class='ocrx_word' id='word_1_418' title='bbox 2983 728 3245 811; x_wconf 90' lang='lat' dir='ltr'><strong>quidem</strong></span> <span class='ocrx_word' id='word_1_419' title='bbox 3287 730 3599 796; x_wconf 88' lang='lat' dir='ltr'><strong>societate</strong></span> <span class='ocrx_word' id='word_1_420' title='bbox 3639 729 3935 810; x_wconf 90' lang='lat' dir='ltr'><strong>tolerari,</strong></span> <span class='ocrx_word' id='word_1_421' title='bbox 3992 736 4113 797; x_wconf 89' lang='lat' dir='ltr'><strong>aut</strong></span> <span class='ocrx_word' id='word_1_422' title='bbox 4152 752 4186 796; x_wconf 89' lang='lat' dir='ltr'><strong>s</strong></span> <span class='ocrx_word' id='word_1_423' title='bbox 4253 739 4389 797; x_wconf 89' lang='lat' dir='ltr'><strong>tem</strong></span> <span class='ocrx_word' id='word_1_424' title='bbox 4430 731 4501 796; x_wconf 90' lang='lat' dir='ltr'><strong>in</strong></span> <span class='ocrx_word' id='word_1_425' title='bbox 4541 752 4636 798; x_wconf 86' lang='lat' dir='ltr'><strong>or-</strong></span> 
     </span>
     <span class='ocr_line' id='line_1_63' title="bbox 2695 813 4638 900; baseline 0.002 -22"><span class='ocrx_word' id='word_1_426' title='bbox 2695 813 2849 880; x_wconf 91' lang='lat' dir='ltr'><strong>dine</strong></span> <span class='ocrx_word' id='word_1_427' title='bbox 2892 816 3251 895; x_wconf 87' lang='lat' dir='ltr'><strong>senatorio,</strong></span> <span class='ocrx_word' id='word_1_428' title='bbox 3313 816 3427 898; x_wconf 91' lang='lat' dir='ltr'><strong>qui</strong></span> <span class='ocrx_word' id='word_1_429' title='bbox 3475 836 3707 882; x_wconf 91' lang='lat' dir='ltr'><strong>mensa</strong></span> <span class='ocrx_word' id='word_1_430' title='bbox 3748 815 4025 881; x_wconf 90' lang='lat' dir='ltr'><strong>Domini</strong></span> <span class='ocrx_word' id='word_1_431' title='bbox 4079 837 4421 900; x_wconf 90' lang='lat' dir='ltr'><strong>nunquam</strong></span> <span class='ocrx_word' id='word_1_432' title='bbox 4473 839 4638 884; x_wconf 89' lang='lat' dir='ltr'><strong>com-</strong></span> 
     </span>
     <span class='ocr_line' id='line_1_64' title="bbox 2693 900 4638 984; baseline 0.004 -21"><span class='ocrx_word' id='word_1_433' title='bbox 2693 900 3110 966; x_wconf 88' lang='lat' dir='ltr'><strong>municarent</strong></span> <span class='ocrx_word' id='word_1_434' title='bbox 3163 912 3231 966; x_wconf 92' lang='lat' dir='ltr'><strong>et</strong></span> <span class='ocrx_word' id='word_1_435' title='bbox 3285 921 3444 984; x_wconf 90' lang='lat' dir='ltr'><strong>prae</strong></span> <span class='ocrx_word' id='word_1_436' title='bbox 3501 923 3573 968; x_wconf 90' lang='lat' dir='ltr'><strong>se</strong></span> <span class='ocrx_word' id='word_1_437' title='bbox 3626 903 3876 967; x_wconf 88' lang='lat' dir='ltr'><strong>ferrent</strong></span> <span class='ocrx_word' id='word_1_438' title='bbox 3892 953 3907 980; x_wconf 91' lang='lat'><em>‚</em></span> <span class='ocrx_word' id='word_1_439' title='bbox 3972 900 4045 967; x_wconf 92' lang='lat' dir='ltr'><strong>id</strong></span> <span class='ocrx_word' id='word_1_440' title='bbox 4101 924 4171 968; x_wconf 91' lang='lat' dir='ltr'><strong>se</strong></span> <span class='ocrx_word' id='word_1_441' title='bbox 4227 904 4446 968; x_wconf 90' lang='lat' dir='ltr'><strong>facere</strong></span> <span class='ocrx_word' id='word_1_442' title='bbox 4502 903 4638 970; x_wconf 90' lang='lat' dir='ltr'><strong>ideo</strong></span> 
     </span>
     <span class='ocr_line' id='line_1_65' title="bbox 2694 983 4642 1070; baseline 0.004 -21"><span class='ocrx_word' id='word_1_443' title='bbox 2694 983 2867 1068; x_wconf 93' lang='lat' dir='ltr'><strong>quod</strong></span> <span class='ocrx_word' id='word_1_444' title='bbox 2909 984 3279 1051; x_wconf 88' lang='lat' dir='ltr'><strong>iudicarent</strong></span> <span class='ocrx_word' id='word_1_445' title='bbox 3319 1007 3586 1053; x_wconf 90' lang='lat' dir='ltr'><strong>coenam</strong></span> <span class='ocrx_word' id='word_1_446' title='bbox 3610 986 3884 1053; x_wconf 92' lang='lat' dir='ltr'><strong>Domini</strong></span> <span class='ocrx_word' id='word_1_447' title='bbox 3917 987 4098 1070; x_wconf 89' lang='lat' dir='ltr'><strong>apud</strong></span> <span class='ocrx_word' id='word_1_448' title='bbox 4133 1008 4254 1054; x_wconf 90' lang='lat' dir='ltr'><strong>vos</strong></span> <span class='ocrx_word' id='word_1_449' title='bbox 4296 1010 4432 1054; x_wconf 93' lang='lat' dir='ltr'><strong>non</strong></span> <span class='ocrx_word' id='word_1_450' title='bbox 4476 998 4642 1058; x_wconf 78' lang='lat' dir='ltr'><strong>recte</strong></span> 
     </span>
     <span class='ocr_line' id='line_1_66' title="bbox 2696 1068 4644 1141; baseline 0.003 -5"><span class='ocrx_word' id='word_1_451' title='bbox 2696 1068 3161 1137; x_wconf 87' lang='lat' dir='ltr'><strong>administrari.</strong></span> <span class='ocrx_word' id='word_1_452' title='bbox 3238 1071 3425 1139; x_wconf 91' lang='lat' dir='ltr'><strong>Haec</strong></span> <span class='ocrx_word' id='word_1_453' title='bbox 3465 1080 3531 1139; x_wconf 90' lang='lat' dir='ltr'><strong>et</strong></span> <span class='ocrx_word' id='word_1_454' title='bbox 3574 1073 3707 1138; x_wconf 90' lang='lat' dir='ltr'><strong>alia</strong></span> <span class='ocrx_word' id='word_1_455' title='bbox 3746 1074 4123 1139; x_wconf 90' lang='lat' dir='ltr'><strong>monuimus</strong></span> <span class='ocrx_word' id='word_1_456' title='bbox 4164 1073 4286 1139; x_wconf 92' lang='lat' dir='ltr'><strong>hos</strong></span> <span class='ocrx_word' id='word_1_457' title='bbox 4326 1082 4644 1141; x_wconf 80' lang='lat' dir='ltr'><strong>vestrates</strong></span> 
     </span>
     <span class='ocr_line' id='line_1_67' title="bbox 2697 1155 4645 1243; baseline 0.003 -22"><span class='ocrx_word' id='word_1_458' title='bbox 2697 1155 3141 1222; x_wconf 87' lang='lat' dir='ltr'><strong>adolescentes</strong></span> <span class='ocrx_word' id='word_1_459' title='bbox 3218 1178 3370 1223; x_wconf 91' lang='lat' dir='ltr'><strong>cum</strong></span> <span class='ocrx_word' id='word_1_460' title='bbox 3446 1179 3705 1224; x_wconf 90' lang='lat' dir='ltr'><strong>summa</strong></span> <span class='ocrx_word' id='word_1_461' title='bbox 3772 1159 4047 1224; x_wconf 88' lang='lat' dir='ltr'><strong>lenitate</strong></span> <span class='ocrx_word' id='word_1_462' title='bbox 4064 1211 4079 1238; x_wconf 90' lang='lat'><strong>,</strong></span> <span class='ocrx_word' id='word_1_463' title='bbox 4158 1159 4357 1243; x_wconf 91' lang='lat' dir='ltr'><strong>idque</strong></span> <span class='ocrx_word' id='word_1_464' title='bbox 4440 1182 4645 1227; x_wconf 88' lang='lat' dir='ltr'><strong>unum</strong></span> 
     </span>
     <span class='ocr_line' id='line_1_68' title="bbox 2693 1242 4646 1327; baseline 0.004 -21"><span class='ocrx_word' id='word_1_465' title='bbox 2693 1243 2986 1307; x_wconf 81' lang='lat' dir='ltr'><strong>maxime</strong></span> <span class='ocrx_word' id='word_1_466' title='bbox 3050 1242 3447 1327; x_wconf 86' lang='lat' dir='ltr'><strong>urgebamus</strong></span> <span class='ocrx_word' id='word_1_467' title='bbox 3463 1295 3479 1323; x_wconf 94' lang='lat'>‚</span> <span class='ocrx_word' id='word_1_468' title='bbox 3560 1265 3762 1327; x_wconf 91' lang='lat' dir='ltr'><strong>quum</strong></span> <span class='ocrx_word' id='word_1_469' title='bbox 3827 1267 3959 1310; x_wconf 91' lang='lat' dir='ltr'><strong>non</strong></span> <span class='ocrx_word' id='word_1_470' title='bbox 4025 1243 4482 1311; x_wconf 87' lang='lat' dir='ltr'><strong>dubitaremus</strong></span> <span class='ocrx_word' id='word_1_471' title='bbox 4543 1268 4646 1313; x_wconf 91' lang='grc'><strong>606</strong></span> 
     </span>
     <span class='ocr_line' id='line_1_69' title="bbox 2694 1328 4645 1408; baseline 0.003 -15"><span class='ocrx_word' id='word_1_472' title='bbox 2694 1328 2868 1393; x_wconf 91' lang='lat' dir='ltr'><strong>velle</strong></span> <span class='ocrx_word' id='word_1_473' title='bbox 2891 1328 3143 1394; x_wconf 84' lang='lat' dir='ltr'><strong>Christi</strong></span> <span class='ocrx_word' id='word_1_474' title='bbox 3187 1349 3347 1408; x_wconf 91' lang='lat' dir='ltr'><strong>esse,</strong></span> <span class='ocrx_word' id='word_1_475' title='bbox 3393 1350 3479 1395; x_wconf 91' lang='lat' dir='ltr'><strong>ne</strong></span> <span class='ocrx_word' id='word_1_476' title='bbox 3519 1351 3642 1395; x_wconf 89' lang='lat' dir='ltr'><strong>nos</strong></span> <span class='ocrx_word' id='word_1_477' title='bbox 3683 1330 4147 1396; x_wconf 89' lang='lat' dir='ltr'><strong>communione</strong></span> <span class='ocrx_word' id='word_1_478' title='bbox 4169 1329 4424 1397; x_wconf 90' lang='lat' dir='ltr'><strong>Christi</strong></span> <span class='ocrx_word' id='word_1_479' title='bbox 4467 1331 4645 1398; x_wconf 84' lang='lat' dir='ltr'><strong>dam-</strong></span> 
     </span>
     <span class='ocr_line' id='line_1_70' title="bbox 2696 1414 4645 1502; baseline 0.004 -25"><span class='ocrx_word' id='word_1_480' title='bbox 2696 1423 2950 1492; x_wconf 88' lang='lat' dir='ltr'><strong>narent,</strong></span> <span class='ocrx_word' id='word_1_481' title='bbox 2993 1414 3063 1479; x_wconf 92' lang='grc'><strong>111</strong></span> <span class='ocrx_word' id='word_1_482' title='bbox 3109 1434 3307 1497; x_wconf 86' lang='grc'>(111616</span> <span class='ocrx_word' id='word_1_483' title='bbox 3351 1435 3644 1481; x_wconf 88' lang='lat' dir='ltr'><strong>essemus</strong></span> <span class='ocrx_word' id='word_1_484' title='bbox 3686 1437 3761 1482; x_wconf 90' lang='lat' dir='ltr'><strong>ac</strong></span> <span class='ocrx_word' id='word_1_485' title='bbox 3803 1417 3947 1498; x_wconf 90' lang='lat' dir='ltr'><strong>ipso</strong></span> <span class='ocrx_word' id='word_1_486' title='bbox 3967 1417 4255 1482; x_wconf 92' lang='lat' dir='ltr'><strong>Domino</strong></span> <span class='ocrx_word' id='word_1_487' title='bbox 4296 1417 4645 1502; x_wconf 87' lang='lat' dir='ltr'><strong>adsumpti.</strong></span> 
     </span>
     <span class='ocr_line' id='line_1_71' title="bbox 2694 1497 4648 1590; baseline 0.003 -27"><span class='ocrx_word' id='word_1_488' title='bbox 2694 1497 3045 1583; x_wconf 76' lang='lat' dir='ltr'><strong>Quumque</strong></span> <span class='ocrx_word' id='word_1_489' title='bbox 3087 1499 3565 1566; x_wconf 88' lang='lat' dir='ltr'><strong>institutionem</strong></span> <span class='ocrx_word' id='word_1_490' title='bbox 3610 1500 4029 1568; x_wconf 88' lang='lat' dir='ltr'><strong>ecclesiarum</strong></span> <span class='ocrx_word' id='word_1_491' title='bbox 4088 1524 4357 1568; x_wconf 83' lang='lat' dir='ltr'><strong>suarum</strong></span> <span class='ocrx_word' id='word_1_492' title='bbox 4401 1503 4648 1590; x_wconf 88' lang='lat' dir='ltr'><strong>allega-</strong></span> 
     </span>
     <span class='ocr_line' id='line_1_72' title="bbox 2692 1585 4649 1669; baseline 0.002 -18"><span class='ocrx_word' id='word_1_493' title='bbox 2692 1593 2861 1663; x_wconf 88' lang='lat' dir='ltr'><strong>rent,</strong></span> <span class='ocrx_word' id='word_1_494' title='bbox 2906 1585 3381 1669; x_wconf 85' lang='lat' dir='ltr'><strong>respondimus,</strong></span> <span class='ocrx_word' id='word_1_495' title='bbox 3396 1622 3407 1632; x_wconf 77' lang='lat'><em>›</em></span> <span class='ocrx_word' id='word_1_496' title='bbox 3425 1608 3548 1652; x_wconf 93' lang='lat' dir='ltr'><strong>nos</strong></span> <span class='ocrx_word' id='word_1_497' title='bbox 3580 1608 3715 1652; x_wconf 91' lang='lat' dir='ltr'><strong>non</strong></span> <span class='ocrx_word' id='word_1_498' title='bbox 3751 1587 4067 1667; x_wconf 86' lang='lat' dir='ltr'><strong>dubitare,</strong></span> <span class='ocrx_word' id='word_1_499' title='bbox 4105 1610 4221 1654; x_wconf 92' lang='lat' dir='ltr'><strong>vos</strong></span> <span class='ocrx_word' id='word_1_500' title='bbox 4254 1589 4649 1656; x_wconf 82' lang='lat' dir='ltr'><strong>confessioni</strong></span> 
     </span>
     <span class='ocr_line' id='line_1_73' title="bbox 2693 1670 4651 1753; baseline 0.003 -18"><span class='ocrx_word' id='word_1_501' title='bbox 2693 1670 3049 1736; x_wconf 91' lang='lat' dir='ltr'><strong>Basiliensi</strong></span> <span class='ocrx_word' id='word_1_502' title='bbox 3093 1691 3228 1736; x_wconf 92' lang='lat' dir='ltr'><strong>non</strong></span> <span class='ocrx_word' id='word_1_503' title='bbox 3272 1672 3745 1753; x_wconf 89' lang='lat' dir='ltr'><strong>contradicere,</strong></span> <span class='ocrx_word' id='word_1_504' title='bbox 3806 1695 3926 1739; x_wconf 89' lang='grc'>1160</span> <span class='ocrx_word' id='word_1_505' title='bbox 3971 1680 4263 1740; x_wconf 89' lang='lat' dir='ltr'><strong>statuere</strong></span> <span class='ocrx_word' id='word_1_506' title='bbox 4303 1675 4378 1740; x_wconf 92' lang='lat' dir='ltr'><strong>in</strong></span> <span class='ocrx_word' id='word_1_507' title='bbox 4421 1684 4651 1743; x_wconf 78' lang='lat' dir='ltr'><strong>sancta</strong></span> 
     </span>
     <span class='ocr_line' id='line_1_74' title="bbox 2695 1756 4651 1841; baseline 0.002 -19"><span class='ocrx_word' id='word_1_508' title='bbox 2695 1777 2898 1822; x_wconf 92' lang='lat' dir='ltr'><strong>coena</strong></span> <span class='ocrx_word' id='word_1_509' title='bbox 2940 1756 3107 1822; x_wconf 91' lang='lat' dir='ltr'><strong>nihil</strong></span> <span class='ocrx_word' id='word_1_510' title='bbox 3171 1757 3420 1841; x_wconf 88' lang='lat' dir='ltr'><strong>percipi</strong></span> <span class='ocrx_word' id='word_1_511' title='bbox 3472 1779 3667 1841; x_wconf 90' lang='lat' dir='ltr'><strong>quam</strong></span> <span class='ocrx_word' id='word_1_512' title='bbox 3725 1758 4011 1825; x_wconf 88' lang='lat' dir='ltr'><strong>absentis</strong></span> <span class='ocrx_word' id='word_1_513' title='bbox 4067 1760 4333 1825; x_wconf 89' lang='lat' dir='ltr'><strong>omnino</strong></span> <span class='ocrx_word' id='word_1_514' title='bbox 4391 1760 4651 1828; x_wconf 80' lang='lat' dir='ltr'><strong>Christi</strong></span> 
     </span>
     <span class='ocr_line' id='line_1_75' title="bbox 2694 1840 4651 1929; baseline 0.004 -23"><span class='ocrx_word' id='word_1_515' title='bbox 2694 1840 3026 1926; x_wconf 79' lang='lat' dir='ltr'><strong>symbola,</strong></span> <span class='ocrx_word' id='word_1_516' title='bbox 3082 1863 3322 1925; x_wconf 90' lang='lat' dir='ltr'><strong>panem</strong></span> <span class='ocrx_word' id='word_1_517' title='bbox 3380 1850 3448 1909; x_wconf 93' lang='lat' dir='ltr'><strong>et</strong></span> <span class='ocrx_word' id='word_1_518' title='bbox 3501 1845 3748 1909; x_wconf 89' lang='lat' dir='ltr'><strong>vinum.</strong></span> <span class='ocrx_word' id='word_1_519' title='bbox 3841 1843 4229 1911; x_wconf 89' lang='lat' dir='ltr'><strong>Dimisimus</strong></span> <span class='ocrx_word' id='word_1_520' title='bbox 4271 1845 4501 1929; x_wconf 88' lang='lat' dir='ltr'><strong>itaque</strong></span> <span class='ocrx_word' id='word_1_521' title='bbox 4548 1869 4651 1914; x_wconf 90' lang='lat' dir='ltr'><strong>eos</strong></span> 
     </span>
     <span class='ocr_line' id='line_1_76' title="bbox 2693 1926 4653 2014; baseline 0.004 -22"><span class='ocrx_word' id='word_1_522' title='bbox 2693 1948 2733 1992; x_wconf 91' lang='lat' dir='ltr'><strong>a</strong></span> <span class='ocrx_word' id='word_1_523' title='bbox 2754 1928 2943 1994; x_wconf 90' lang='lat' dir='ltr'><strong>nobis</strong></span> <span class='ocrx_word' id='word_1_524' title='bbox 2976 1926 3222 1993; x_wconf 89' lang='lat' dir='ltr'><strong>hortati</strong></span> <span class='ocrx_word' id='word_1_525' title='bbox 3258 1950 3369 1994; x_wconf 91' lang='lat' dir='ltr'><strong>eos</strong></span> <span class='ocrx_word' id='word_1_526' title='bbox 3403 1936 3481 1994; x_wconf 91' lang='lat' dir='ltr'><strong>ut</strong></span> <span class='ocrx_word' id='word_1_527' title='bbox 3512 1929 3767 1995; x_wconf 88' lang='lat' dir='ltr'><strong>vellent</strong></span> <span class='ocrx_word' id='word_1_528' title='bbox 3797 1930 4100 1996; x_wconf 91' lang='lat' dir='ltr'><strong>invocato</strong></span> <span class='ocrx_word' id='word_1_529' title='bbox 4134 1931 4373 2014; x_wconf 89' lang='lat' dir='ltr'><strong>spiritu</strong></span> <span class='ocrx_word' id='word_1_530' title='bbox 4395 1932 4653 1999; x_wconf 89' lang='lat' dir='ltr'><strong>Christi</strong></span> 
     </span>
     <span class='ocr_line' id='line_1_77' title="bbox 2692 2014 4652 2100; baseline 0.005 -24"><span class='ocrx_word' id='word_1_531' title='bbox 2692 2033 2833 2077; x_wconf 92' lang='lat' dir='ltr'><strong>rem</strong></span> <span class='ocrx_word' id='word_1_532' title='bbox 2868 2035 3088 2079; x_wconf 89' lang='lat' dir='ltr'><strong>secum</strong></span> <span class='ocrx_word' id='word_1_533' title='bbox 3125 2014 3501 2094; x_wconf 91' lang='lat' dir='ltr'><strong>deliberare,</strong></span> <span class='ocrx_word' id='word_1_534' title='bbox 3550 2027 3615 2080; x_wconf 90' lang='lat' dir='ltr'><strong>et</strong></span> <span class='ocrx_word' id='word_1_535' title='bbox 3649 2016 4056 2099; x_wconf 85' lang='lat' dir='ltr'><strong>perpendere</strong></span> <span class='ocrx_word' id='word_1_536' title='bbox 4089 2037 4286 2100; x_wconf 90' lang='lat' dir='ltr'><strong>quam</strong></span> <span class='ocrx_word' id='word_1_537' title='bbox 4330 2040 4465 2084; x_wconf 92' lang='lat' dir='ltr'><strong>non</strong></span> <span class='ocrx_word' id='word_1_538' title='bbox 4502 2019 4652 2085; x_wconf 90' lang='lat' dir='ltr'><strong>leve</strong></span> 
     </span>
     <span class='ocr_line' id='line_1_78' title="bbox 2692 2098 4652 2188; baseline 0.005 -26"><span class='ocrx_word' id='word_1_539' title='bbox 2692 2099 2780 2163; x_wconf 91' lang='lat' dir='ltr'><strong>sit</strong></span> <span class='ocrx_word' id='word_1_540' title='bbox 2800 2098 3054 2165; x_wconf 84' lang='lat' dir='ltr'><strong>Christi</strong></span> <span class='ocrx_word' id='word_1_541' title='bbox 3094 2102 3625 2167; x_wconf 88' lang='lat' dir='ltr'><strong>cummunionem</strong></span> <span class='ocrx_word' id='word_1_542' title='bbox 3672 2103 3972 2185; x_wconf 90' lang='lat' dir='ltr'><strong>cuiquam</strong></span> <span class='ocrx_word' id='word_1_543' title='bbox 4017 2122 4278 2185; x_wconf 88' lang='lat' dir='ltr'><strong>negare,</strong></span> <span class='ocrx_word' id='word_1_544' title='bbox 4323 2104 4441 2186; x_wconf 88' lang='lat' dir='ltr'><strong>qui</strong></span> <span class='ocrx_word' id='word_1_545' title='bbox 4484 2124 4652 2188; x_wconf 86' lang='lat' dir='ltr'><strong>quae</strong></span> 
     </span>
     <span class='ocr_line' id='line_1_79' title="bbox 2691 2184 4652 2257; baseline 0.003 -7"><span class='ocrx_word' id='word_1_546' title='bbox 2691 2184 2948 2250; x_wconf 79' lang='lat' dir='ltr'><strong>Christi</strong></span> <span class='ocrx_word' id='word_1_547' title='bbox 3009 2193 3165 2250; x_wconf 90' lang='lat' dir='ltr'><strong>sunt</strong></span> <span class='ocrx_word' id='word_1_548' title='bbox 3220 2186 3442 2251; x_wconf 90' lang='lat' dir='ltr'><strong>omnia</strong></span> <span class='ocrx_word' id='word_1_549' title='bbox 3494 2187 3719 2253; x_wconf 89' lang='lat' dir='ltr'><strong>credat</strong></span> <span class='ocrx_word' id='word_1_550' title='bbox 3773 2197 3843 2253; x_wconf 89' lang='lat' dir='ltr'><strong>et</strong></span> <span class='ocrx_word' id='word_1_551' title='bbox 3900 2189 4137 2253; x_wconf 89' lang='lat' dir='ltr'><strong>sectari</strong></span> <span class='ocrx_word' id='word_1_552' title='bbox 4196 2188 4479 2254; x_wconf 65' lang='lat' dir='ltr'><strong>studeat.</strong></span> <span class='ocrx_word' id='word_1_553' title='bbox 4578 2189 4652 2257; x_wconf 79' lang='lat' dir='ltr'><strong>Si</strong></span> 
     </span>
     <span class='ocr_line' id='line_1_80' title="bbox 2691 2270 4654 2341; baseline 0.003 -5"><span class='ocrx_word' id='word_1_554' title='bbox 2691 2278 2913 2336; x_wconf 89' lang='lat' dir='ltr'><strong>essent</strong></span> <span class='ocrx_word' id='word_1_555' title='bbox 2967 2270 3140 2335; x_wconf 88' lang='lat' dir='ltr'><strong>male</strong></span> <span class='ocrx_word' id='word_1_556' title='bbox 3194 2271 3485 2337; x_wconf 87' lang='lat' dir='ltr'><strong>instituti</strong></span> <span class='ocrx_word' id='word_1_557' title='bbox 3538 2281 3605 2338; x_wconf 92' lang='lat' dir='ltr'><strong>et</strong></span> <span class='ocrx_word' id='word_1_558' title='bbox 3648 2274 3838 2339; x_wconf 90' lang='lat' dir='ltr'><strong>vacui</strong></span> <span class='ocrx_word' id='word_1_559' title='bbox 3894 2273 4130 2339; x_wconf 89' lang='lat' dir='ltr'><strong>timore</strong></span> <span class='ocrx_word' id='word_1_560' title='bbox 4183 2275 4461 2340; x_wconf 92' lang='lat' dir='ltr'><strong>Domini</strong></span> <span class='ocrx_word' id='word_1_561' title='bbox 4508 2274 4654 2341; x_wconf 88' lang='lat' dir='ltr'><strong>ado-</strong></span> 
     </span>
     <span class='ocr_line' id='line_1_81' title="bbox 2690 2354 4651 2435; baseline 0.003 -15"><span class='ocrx_word' id='word_1_562' title='bbox 2690 2354 3028 2435; x_wconf 88' lang='lat' dir='ltr'><strong>lescentes,</strong></span> <span class='ocrx_word' id='word_1_563' title='bbox 3073 2376 3195 2421; x_wconf 89' lang='lat' dir='ltr'><strong>nos</strong></span> <span class='ocrx_word' id='word_1_564' title='bbox 3238 2377 3464 2422; x_wconf 90' lang='lat' dir='ltr'><strong>eorum</strong></span> <span class='ocrx_word' id='word_1_565' title='bbox 3507 2378 3548 2423; x_wconf 89' lang='lat' dir='ltr'><strong>a</strong></span> <span class='ocrx_word' id='word_1_566' title='bbox 3590 2379 3817 2424; x_wconf 88' lang='lat' dir='ltr'><strong>mensa</strong></span> <span class='ocrx_word' id='word_1_567' title='bbox 3860 2357 4132 2424; x_wconf 91' lang='lat' dir='ltr'><strong>Domini</strong></span> <span class='ocrx_word' id='word_1_568' title='bbox 4176 2361 4651 2427; x_wconf 86' lang='lat' dir='ltr'><strong>abstinentiam</strong></span> 
     </span>
     <span class='ocr_line' id='line_1_82' title="bbox 2691 2441 4653 2514; baseline 0.004 -9"><span class='ocrx_word' id='word_1_569' title='bbox 2691 2442 2912 2506; x_wconf 92' lang='lat' dir='ltr'><strong>minus</strong></span> <span class='ocrx_word' id='word_1_570' title='bbox 2953 2442 3225 2507; x_wconf 87' lang='lat' dir='ltr'><strong>morari:</strong></span> <span class='ocrx_word' id='word_1_571' title='bbox 3285 2442 3418 2508; x_wconf 91' lang='lat' dir='ltr'><strong>imo</strong></span> <span class='ocrx_word' id='word_1_572' title='bbox 3476 2445 3532 2509; x_wconf 91' lang='lat' dir='ltr'><strong>si</strong></span> <span class='ocrx_word' id='word_1_573' title='bbox 3589 2443 3655 2508; x_wconf 93' lang='lat' dir='ltr'><strong>id</strong></span> <span class='ocrx_word' id='word_1_574' title='bbox 3717 2441 3798 2509; x_wconf 91' lang='lat' dir='ltr'><strong>de</strong></span> <span class='ocrx_word' id='word_1_575' title='bbox 3855 2445 3949 2510; x_wconf 91' lang='lat' dir='ltr'><strong>eis</strong></span> <span class='ocrx_word' id='word_1_576' title='bbox 3992 2446 4179 2511; x_wconf 88' lang='lat' dir='ltr'><strong>nobis</strong></span> <span class='ocrx_word' id='word_1_577' title='bbox 4220 2453 4290 2511; x_wconf 89' lang='lat' dir='ltr'><strong>et</strong></span> <span class='ocrx_word' id='word_1_578' title='bbox 4332 2447 4653 2514; x_wconf 88' lang='lat' dir='ltr'><strong>ecclesiae</strong></span> 
     </span>
     <span class='ocr_line' id='line_1_83' title="bbox 2691 2528 4655 2610; baseline 0.003 -16"><span class='ocrx_word' id='word_1_579' title='bbox 2691 2534 3054 2607; x_wconf 88' lang='lat' dir='ltr'><strong>constaret,</strong></span> <span class='ocrx_word' id='word_1_580' title='bbox 3120 2547 3240 2592; x_wconf 91' lang='lat' dir='ltr'><strong>nos</strong></span> <span class='ocrx_word' id='word_1_581' title='bbox 3298 2528 3502 2610; x_wconf 90' lang='lat' dir='ltr'><strong>ipsos,</strong></span> <span class='ocrx_word' id='word_1_582' title='bbox 3571 2530 3825 2595; x_wconf 87' lang='lat' dir='ltr'><strong>etiamsi</strong></span> <span class='ocrx_word' id='word_1_583' title='bbox 3890 2529 4173 2610; x_wconf 90' lang='lat' dir='ltr'><strong>vellent,</strong></span> <span class='ocrx_word' id='word_1_584' title='bbox 4242 2531 4327 2597; x_wconf 89' lang='lat' dir='ltr'><strong>ad</strong></span> <span class='ocrx_word' id='word_1_585' title='bbox 4372 2531 4655 2600; x_wconf 89' lang='lat' dir='ltr'><strong>Domini</strong></span> 
     </span>
     <span class='ocr_line' id='line_1_84' title="bbox 2688 2614 4652 2696; baseline 0.004 -19"><span class='ocrx_word' id='word_1_586' title='bbox 2688 2633 2984 2678; x_wconf 88' lang='lat' dir='ltr'><strong>mensam</strong></span> <span class='ocrx_word' id='word_1_587' title='bbox 3028 2634 3164 2678; x_wconf 92' lang='grc'>11011</span> <span class='ocrx_word' id='word_1_588' title='bbox 3208 2634 3350 2679; x_wconf 90' lang='grc'>0666</span> <span class='ocrx_word' id='word_1_589' title='bbox 3403 2614 3818 2681; x_wconf 86' lang='lat' dir='ltr'><strong>admissuros.</strong></span> <span class='ocrx_word' id='word_1_590' title='bbox 3908 2614 4135 2696; x_wconf 81' lang='lat' dir='ltr'><strong>Quum</strong></span> <span class='ocrx_word' id='word_1_591' title='bbox 4178 2624 4402 2682; x_wconf 86' lang='lat' dir='ltr'><strong>autem</strong></span> <span class='ocrx_word' id='word_1_592' title='bbox 4449 2618 4652 2686; x_wconf 89' lang='lat' dir='ltr'><strong>habe-</strong></span> 
     </span>
     <span class='ocr_line' id='line_1_85' title="bbox 2689 2701 4653 2786; baseline 0.004 -23"><span class='ocrx_word' id='word_1_593' title='bbox 2689 2719 2915 2764; x_wconf 91' lang='lat' dir='ltr'><strong>remus</strong></span> <span class='ocrx_word' id='word_1_594' title='bbox 2957 2718 3070 2763; x_wconf 87' lang='lat' dir='ltr'><strong>eos</strong></span> <span class='ocrx_word' id='word_1_595' title='bbox 3104 2705 3182 2763; x_wconf 91' lang='lat' dir='ltr'><strong>ut</strong></span> <span class='ocrx_word' id='word_1_596' title='bbox 3220 2701 3326 2783; x_wconf 93' lang='lat' dir='ltr'><strong>pie</strong></span> <span class='ocrx_word' id='word_1_597' title='bbox 3369 2706 3439 2764; x_wconf 93' lang='lat' dir='ltr'><strong>et</strong></span> <span class='ocrx_word' id='word_1_598' title='bbox 3488 2709 3714 2766; x_wconf 90' lang='lat' dir='ltr'><strong>sancte</strong></span> <span class='ocrx_word' id='word_1_599' title='bbox 3755 2701 4095 2767; x_wconf 88' lang='lat' dir='ltr'><strong>institutos</strong></span> <span class='ocrx_word' id='word_1_600' title='bbox 4136 2703 4471 2786; x_wconf 86' lang='lat' dir='ltr'><strong>probeque</strong></span> <span class='ocrx_word' id='word_1_601' title='bbox 4516 2727 4653 2771; x_wconf 90' lang='lat' dir='ltr'><strong>mo-</strong></span> 
     </span>
     <span class='ocr_line' id='line_1_86' title="bbox 2690 2782 4652 2863; baseline 0.005 -14"><span class='ocrx_word' id='word_1_602' title='bbox 2690 2792 2871 2849; x_wconf 91' lang='lat' dir='ltr'><strong>ratos</strong></span> <span class='ocrx_word' id='word_1_603' title='bbox 2915 2782 3380 2863; x_wconf 88' lang='lat' dir='ltr'><strong>adolescentes,</strong></span> <span class='ocrx_word' id='word_1_604' title='bbox 3425 2804 3503 2850; x_wconf 91' lang='lat' dir='ltr'><strong>ac</strong></span> <span class='ocrx_word' id='word_1_605' title='bbox 3545 2785 3629 2851; x_wconf 91' lang='lat' dir='ltr'><strong>ab</strong></span> <span class='ocrx_word' id='word_1_606' title='bbox 3668 2787 3804 2851; x_wconf 92' lang='lat' dir='ltr'><strong>illis</strong></span> <span class='ocrx_word' id='word_1_607' title='bbox 3861 2786 3945 2852; x_wconf 90' lang='lat' dir='ltr'><strong>ad</strong></span> <span class='ocrx_word' id='word_1_608' title='bbox 3987 2808 4110 2852; x_wconf 90' lang='lat' dir='ltr'><strong>nos</strong></span> <span class='ocrx_word' id='word_1_609' title='bbox 4153 2788 4449 2856; x_wconf 85' lang='lat' dir='ltr'><strong>ecclesiis</strong></span> <span class='ocrx_word' id='word_1_610' title='bbox 4494 2793 4652 2858; x_wconf 90' lang='lat' dir='ltr'><strong>mis-</strong></span> 
     </span>
     <span class='ocr_line' id='line_1_87' title="bbox 2691 2870 4655 2957; baseline 0.004 -22"><span class='ocrx_word' id='word_1_611' title='bbox 2691 2891 2798 2935; x_wconf 91' lang='lat' dir='ltr'><strong>sos</strong></span> <span class='ocrx_word' id='word_1_612' title='bbox 2842 2889 3007 2952; x_wconf 91' lang='lat' dir='ltr'><strong>quae</strong></span> <span class='ocrx_word' id='word_1_613' title='bbox 3052 2870 3223 2936; x_wconf 92' lang='lat' dir='ltr'><strong>nihil</strong></span> <span class='ocrx_word' id='word_1_614' title='bbox 3280 2870 3465 2954; x_wconf 88' lang='lat' dir='ltr'><strong>prius</strong></span> <span class='ocrx_word' id='word_1_615' title='bbox 3519 2871 3680 2954; x_wconf 89' lang='lat' dir='ltr'><strong>ipsis</strong></span> <span class='ocrx_word' id='word_1_616' title='bbox 3739 2894 3933 2955; x_wconf 88' lang='lat' dir='ltr'><strong>quam</strong></span> <span class='ocrx_word' id='word_1_617' title='bbox 3994 2876 4529 2957; x_wconf 86' lang='lat' dir='ltr'><strong>progressionem</strong></span> <span class='ocrx_word' id='word_1_618' title='bbox 4586 2878 4655 2942; x_wconf 91' lang='grc'><strong>111</strong></span> 
     </span>
     <span class='ocr_line' id='line_1_88' title="bbox 2690 2955 4656 3043; baseline 0.005 -24"><span class='ocrx_word' id='word_1_619' title='bbox 2690 2955 2935 3039; x_wconf 90' lang='lat' dir='ltr'><strong>pietate</strong></span> <span class='ocrx_word' id='word_1_620' title='bbox 2978 2963 3302 3038; x_wconf 87' lang='lat' dir='ltr'><strong>optarent,</strong></span> <span class='ocrx_word' id='word_1_621' title='bbox 3336 2956 3524 3022; x_wconf 91' lang='lat' dir='ltr'><strong>nobis</strong></span> <span class='ocrx_word' id='word_1_622' title='bbox 3564 2960 3933 3024; x_wconf 88' lang='lat' dir='ltr'><strong>necessario</strong></span> <span class='ocrx_word' id='word_1_623' title='bbox 3968 2959 4352 3043; x_wconf 87' lang='lat' dir='ltr'><strong>religionem</strong></span> <span class='ocrx_word' id='word_1_624' title='bbox 4394 2983 4570 3041; x_wconf 86' lang='grc'>6666,</span> <span class='ocrx_word' id='word_1_625' title='bbox 4602 2963 4656 3029; x_wconf 88' lang='grc'><strong>61</strong></span> 
     </span>
     <span class='ocr_line' id='line_1_89' title="bbox 2689 3040 4656 3128; baseline 0.004 -22"><span class='ocrx_word' id='word_1_626' title='bbox 2689 3040 2813 3107; x_wconf 85' lang='grc'>1100</span> <span class='ocrx_word' id='word_1_627' title='bbox 2878 3060 3104 3107; x_wconf 85' lang='grc'>6011161</span> <span class='ocrx_word' id='word_1_628' title='bbox 3170 3049 3507 3125; x_wconf 89' lang='lat' dir='ltr'><strong>peccatum</strong></span> <span class='ocrx_word' id='word_1_629' title='bbox 3565 3053 3843 3128; x_wconf 88' lang='lat' dir='ltr'><strong>negatae</strong></span> <span class='ocrx_word' id='word_1_630' title='bbox 3900 3045 4089 3111; x_wconf 91' lang='lat' dir='ltr'><strong>nobis</strong></span> <span class='ocrx_word' id='word_1_631' title='bbox 4153 3049 4656 3128; x_wconf 85' lang='lat' dir='ltr'><strong>communionis,</strong></span> 
     </span>
     <span class='ocr_line' id='line_1_90' title="bbox 2691 3126 4653 3214; baseline 0.005 -22"><span class='ocrx_word' id='word_1_632' title='bbox 2691 3126 2864 3211; x_wconf 90' lang='lat' dir='ltr'><strong>quod</strong></span> <span class='ocrx_word' id='word_1_633' title='bbox 2921 3127 3130 3193; x_wconf 90' lang='lat' dir='ltr'><strong>multo</strong></span> <span class='ocrx_word' id='word_1_634' title='bbox 3197 3129 3465 3212; x_wconf 89' lang='lat' dir='ltr'><strong>gravius</strong></span> <span class='ocrx_word' id='word_1_635' title='bbox 3520 3137 3694 3199; x_wconf 87' lang='lat' dir='ltr'><strong>esset</strong></span> <span class='ocrx_word' id='word_1_636' title='bbox 3735 3151 3933 3212; x_wconf 90' lang='lat' dir='ltr'><strong>quam</strong></span> <span class='ocrx_word' id='word_1_637' title='bbox 3989 3131 4118 3214; x_wconf 88' lang='lat' dir='ltr'><strong>ipsi</strong></span> <span class='ocrx_word' id='word_1_638' title='bbox 4172 3133 4653 3214; x_wconf 83' lang='lat' dir='ltr'><strong>existimarent,</strong></span> 
     </span>
     <span class='ocr_line' id='line_1_91' title="bbox 2691 3211 4654 3299; baseline 0.005 -22"><span class='ocrx_word' id='word_1_639' title='bbox 2691 3211 3272 3279; x_wconf 87' lang='lat' dir='ltr'><strong>dissimularemus.</strong></span> <span class='ocrx_word' id='word_1_640' title='bbox 3338 3215 3548 3279; x_wconf 88' lang='lat' dir='ltr'><strong>Porro</strong></span> <span class='ocrx_word' id='word_1_641' title='bbox 3584 3215 3778 3280; x_wconf 88' lang='lat' dir='ltr'><strong>tertio</strong></span> <span class='ocrx_word' id='word_1_642' title='bbox 3821 3223 3971 3299; x_wconf 91' lang='lat' dir='ltr'><strong>post</strong></span> <span class='ocrx_word' id='word_1_643' title='bbox 4014 3217 4187 3281; x_wconf 89' lang='lat' dir='ltr'><strong>hanc</strong></span> <span class='ocrx_word' id='word_1_644' title='bbox 4228 3218 4363 3285; x_wconf 87' lang='grc'>11116</span> <span class='ocrx_word' id='word_1_645' title='bbox 4407 3220 4654 3287; x_wconf 87' lang='lat' dir='ltr'><strong>factam</strong></span> 
     </span>
     <span class='ocr_line' id='line_1_92' title="bbox 2692 3297 4651 3386; baseline 0.005 -22"><span class='ocrx_word' id='word_1_646' title='bbox 2692 3297 3199 3364; x_wconf 88' lang='lat' dir='ltr'><strong>admonitionem</strong></span> <span class='ocrx_word' id='word_1_647' title='bbox 3244 3298 3351 3364; x_wconf 91' lang='lat' dir='ltr'><strong>die</strong></span> <span class='ocrx_word' id='word_1_648' title='bbox 3394 3298 3686 3366; x_wconf 84' lang='lat' dir='ltr'><strong>defertur</strong></span> <span class='ocrx_word' id='word_1_649' title='bbox 3728 3300 3811 3365; x_wconf 91' lang='lat' dir='ltr'><strong>ad</strong></span> <span class='ocrx_word' id='word_1_650' title='bbox 3845 3322 3984 3379; x_wconf 89' lang='lat' dir='ltr'><strong>nos,</strong></span> <span class='ocrx_word' id='word_1_651' title='bbox 4032 3324 4142 3368; x_wconf 91' lang='lat' dir='ltr'><strong>eos</strong></span> <span class='ocrx_word' id='word_1_652' title='bbox 4177 3311 4443 3386; x_wconf 90' lang='lat' dir='ltr'><strong>questos</strong></span> <span class='ocrx_word' id='word_1_653' title='bbox 4490 3327 4651 3385; x_wconf 90' lang='lat' dir='ltr'><strong>esse,</strong></span> 
     </span>
     <span class='ocr_line' id='line_1_93' title="bbox 2691 3384 4651 3458; baseline 0.005 -10"><span class='ocrx_word' id='word_1_654' title='bbox 2691 3405 2814 3450; x_wconf 93' lang='lat' dir='ltr'><strong>nos</strong></span> <span class='ocrx_word' id='word_1_655' title='bbox 2857 3384 3239 3450; x_wconf 90' lang='lat' dir='ltr'><strong>eiectionem</strong></span> <span class='ocrx_word' id='word_1_656' title='bbox 3296 3406 3334 3450; x_wconf 94' lang='lat' dir='ltr'><strong>e</strong></span> <span class='ocrx_word' id='word_1_657' title='bbox 3376 3386 3601 3453; x_wconf 90' lang='lat' dir='ltr'><strong>schola</strong></span> <span class='ocrx_word' id='word_1_658' title='bbox 3658 3407 3801 3452; x_wconf 87' lang='lat' dir='ltr'><strong>esse</strong></span> <span class='ocrx_word' id='word_1_659' title='bbox 3859 3388 3921 3453; x_wconf 91' lang='lat' dir='ltr'><strong>ei</strong></span> <span class='ocrx_word' id='word_1_660' title='bbox 3963 3389 4249 3455; x_wconf 90' lang='lat' dir='ltr'><strong>minatos</strong></span> <span class='ocrx_word' id='word_1_661' title='bbox 4291 3390 4431 3454; x_wconf 90' lang='lat' dir='ltr'><strong>nisi</strong></span> <span class='ocrx_word' id='word_1_662' title='bbox 4476 3413 4651 3458; x_wconf 90' lang='lat' dir='ltr'><strong>com·</strong></span> 
     </span>
     <span class='ocr_line' id='line_1_94' title="bbox 2691 3469 4652 3562; baseline 0.004 -28"><span class='ocrx_word' id='word_1_663' title='bbox 2691 3469 3124 3535; x_wconf 77' lang='lat' dir='ltr'><strong>manicarent.</strong></span> <span class='ocrx_word' id='word_1_664' title='bbox 3210 3471 3466 3537; x_wconf 87' lang='lat' dir='ltr'><strong>Vocavi</strong></span> <span class='ocrx_word' id='word_1_665' title='bbox 3506 3474 3730 3555; x_wconf 89' lang='lat' dir='ltr'><strong>itaque</strong></span> <span class='ocrx_word' id='word_1_666' title='bbox 3770 3472 3919 3539; x_wconf 89' lang='lat' dir='ltr'><strong>illos</strong></span> <span class='ocrx_word' id='word_1_667' title='bbox 3963 3472 4045 3537; x_wconf 93' lang='lat' dir='ltr'><strong>ad</strong></span> <span class='ocrx_word' id='word_1_668' title='bbox 4079 3495 4188 3540; x_wconf 91' lang='lat' dir='ltr'><strong>me</strong></span> <span class='ocrx_word' id='word_1_669' title='bbox 4230 3496 4489 3555; x_wconf 87' lang='lat' dir='ltr'><strong>rursus,</strong></span> <span class='ocrx_word' id='word_1_670' title='bbox 4534 3499 4652 3562; x_wconf 86' lang='lat' dir='ltr'><strong>ego</strong></span> 
     </span>
     <span class='ocr_line' id='line_1_95' title="bbox 2690 3555 4651 3642; baseline 0.004 -22"><span class='ocrx_word' id='word_1_671' title='bbox 2690 3555 2999 3634; x_wconf 74' lang='lat' dir='ltr'><strong>Bucerus,</strong></span> <span class='ocrx_word' id='word_1_672' title='bbox 3044 3556 3157 3639; x_wconf 89' lang='lat' dir='ltr'><strong>qui</strong></span> <span class='ocrx_word' id='word_1_673' title='bbox 3199 3557 3467 3623; x_wconf 91' lang='lat' dir='ltr'><strong>nomine</strong></span> <span class='ocrx_word' id='word_1_674' title='bbox 3507 3558 3790 3624; x_wconf 87' lang='lat' dir='ltr'><strong>fratrum</strong></span> <span class='ocrx_word' id='word_1_675' title='bbox 3831 3560 4006 3642; x_wconf 88' lang='lat' dir='ltr'><strong>ipsos</strong></span> <span class='ocrx_word' id='word_1_676' title='bbox 4045 3560 4120 3624; x_wconf 90' lang='lat' dir='ltr'><strong>in</strong></span> <span class='ocrx_word' id='word_1_677' title='bbox 4157 3564 4500 3627; x_wconf 90' lang='lat' dir='ltr'><strong>communi</strong></span> <span class='ocrx_word' id='word_1_678' title='bbox 4540 3562 4651 3628; x_wconf 91' lang='lat' dir='ltr'><strong>ad-</strong></span> 
     </span>
     <span class='ocr_line' id='line_1_96' title="bbox 2691 3641 4650 3726; baseline 0.005 -20"><span class='ocrx_word' id='word_1_679' title='bbox 2691 3641 3055 3707; x_wconf 91' lang='lat' dir='ltr'><strong>monitione</strong></span> <span class='ocrx_word' id='word_1_680' title='bbox 3096 3642 3442 3725; x_wconf 88' lang='lat' dir='ltr'><strong>praecipue</strong></span> <span class='ocrx_word' id='word_1_681' title='bbox 3476 3643 3979 3726; x_wconf 80' lang='lat' dir='ltr'><strong>adpeliaveram,</strong></span> <span class='ocrx_word' id='word_1_682' title='bbox 4023 3666 4175 3710; x_wconf 91' lang='lat' dir='ltr'><strong>cum</strong></span> <span class='ocrx_word' id='word_1_683' title='bbox 4218 3667 4453 3712; x_wconf 90' lang='lat' dir='ltr'><strong>eorum</strong></span> <span class='ocrx_word' id='word_1_684' title='bbox 4499 3649 4650 3715; x_wconf 91' lang='lat' dir='ltr'><strong>hos-</strong></span> 
     </span>
     <span class='ocr_line' id='line_1_97' title="bbox 2690 3726 4651 3818; baseline 0.004 -27"><span class='ocrx_word' id='word_1_685' title='bbox 2690 3727 2827 3812; x_wconf 87' lang='lat' dir='ltr'><strong>pite</strong></span> <span class='ocrx_word' id='word_1_686' title='bbox 2868 3728 2955 3794; x_wconf 95' lang='lat' dir='ltr'><strong>D.</strong></span> <span class='ocrx_word' id='word_1_687' title='bbox 3001 3726 3396 3809; x_wconf 65' lang='lat' dir='ltr'><strong>Mmachio,</strong></span> <span class='ocrx_word' id='word_1_688' title='bbox 3441 3736 3508 3794; x_wconf 92' lang='lat' dir='ltr'><strong>et</strong></span> <span class='ocrx_word' id='word_1_689' title='bbox 3547 3729 3958 3815; x_wconf 89' lang='lat' dir='ltr'><strong>interrogavi</strong></span> <span class='ocrx_word' id='word_1_690' title='bbox 4000 3751 4166 3796; x_wconf 89' lang='lat' dir='ltr'><strong>num</strong></span> <span class='ocrx_word' id='word_1_691' title='bbox 4208 3732 4340 3797; x_wconf 89' lang='lat' dir='ltr'><strong>tale</strong></span> <span class='ocrx_word' id='word_1_692' title='bbox 4396 3733 4651 3818; x_wconf 89' lang='lat' dir='ltr'><strong>aliquid</strong></span> 
     </span>
     <span class='ocr_line' id='line_1_98' title="bbox 2693 3812 4649 3901; baseline 0.005 -23"><span class='ocrx_word' id='word_1_693' title='bbox 2693 3812 2775 3879; x_wconf 93' lang='lat' dir='ltr'><strong>de</strong></span> <span class='ocrx_word' id='word_1_694' title='bbox 2816 3812 3004 3878; x_wconf 92' lang='lat' dir='ltr'><strong>nobis</strong></span> <span class='ocrx_word' id='word_1_695' title='bbox 3058 3821 3506 3895; x_wconf 89' lang='lat' dir='ltr'><strong>quererentur.</strong></span> <span class='ocrx_word' id='word_1_696' title='bbox 3594 3815 3945 3900; x_wconf 88' lang='lat' dir='ltr'><strong>Negabant</strong></span> <span class='ocrx_word' id='word_1_697' title='bbox 4000 3837 4071 3881; x_wconf 92' lang='lat' dir='ltr'><strong>se</strong></span> <span class='ocrx_word' id='word_1_698' title='bbox 4126 3815 4196 3881; x_wconf 92' lang='lat' dir='ltr'><strong>id</strong></span> <span class='ocrx_word' id='word_1_699' title='bbox 4253 3820 4475 3901; x_wconf 89' lang='lat' dir='ltr'><strong>queri,</strong></span> <span class='ocrx_word' id='word_1_700' title='bbox 4535 3819 4649 3887; x_wconf 89' lang='lat' dir='ltr'><strong>sed</strong></span> 
     </span>
     <span class='ocr_line' id='line_1_99' title="bbox 2692 3896 4648 3985; baseline 0.005 -21"><span class='ocrx_word' id='word_1_701' title='bbox 2692 3918 2776 3964; x_wconf 81' lang='lat' dir='ltr'><strong>ex</strong></span> <span class='ocrx_word' id='word_1_702' title='bbox 2821 3919 2897 3964; x_wconf 93' lang='lat' dir='ltr'><strong>eo</strong></span> <span class='ocrx_word' id='word_1_703' title='bbox 2943 3896 3118 3980; x_wconf 91' lang='lat' dir='ltr'><strong>quod</strong></span> <span class='ocrx_word' id='word_1_704' title='bbox 3162 3898 3587 3980; x_wconf 85' lang='lat' dir='ltr'><strong>dixissemus,</strong></span> <span class='ocrx_word' id='word_1_705' title='bbox 3632 3901 3846 3985; x_wconf 91' lang='lat' dir='ltr'><strong>legem</strong></span> <span class='ocrx_word' id='word_1_706' title='bbox 3891 3901 4151 3969; x_wconf 89' lang='lat' dir='ltr'><strong>scholae</strong></span> <span class='ocrx_word' id='word_1_707' title='bbox 4192 3912 4465 3971; x_wconf 89' lang='lat' dir='ltr'><strong>nostrae</strong></span> <span class='ocrx_word' id='word_1_708' title='bbox 4510 3926 4648 3972; x_wconf 88' lang='lat' dir='ltr'><strong>esse</strong></span> 
     </span>
     <span class='ocr_line' id='line_1_100' title="bbox 2690 3984 4647 4067; baseline 0.004 -18"><span class='ocrx_word' id='word_1_709' title='bbox 2690 3992 2767 4049; x_wconf 91' lang='lat' dir='ltr'><strong>ut</strong></span> <span class='ocrx_word' id='word_1_710' title='bbox 2811 3985 2923 4067; x_wconf 89' lang='lat' dir='ltr'><strong>qui</strong></span> <span class='ocrx_word' id='word_1_711' title='bbox 2960 3984 3100 4049; x_wconf 89' lang='lat' dir='ltr'><strong>eius</strong></span> <span class='ocrx_word' id='word_1_712' title='bbox 3134 3984 3235 4049; x_wconf 91' lang='lat' dir='ltr'><strong>uti</strong></span> <span class='ocrx_word' id='word_1_713' title='bbox 3277 3985 3480 4051; x_wconf 87' lang='lat' dir='ltr'><strong>vellet</strong></span> <span class='ocrx_word' id='word_1_714' title='bbox 3520 3987 3834 4053; x_wconf 91' lang='lat' dir='ltr'><strong>beneficio</strong></span> <span class='ocrx_word' id='word_1_715' title='bbox 3892 3987 4159 4055; x_wconf 91' lang='lat' dir='ltr'><strong>deberet</strong></span> <span class='ocrx_word' id='word_1_716' title='bbox 4214 3997 4282 4055; x_wconf 91' lang='lat' dir='ltr'><strong>et</strong></span> <span class='ocrx_word' id='word_1_717' title='bbox 4331 3991 4647 4058; x_wconf 59' lang='lat' dir='ltr'><strong>ecclefflae</strong></span> 
     </span>
     <span class='ocr_line' id='line_1_101' title="bbox 2690 4069 4646 4158; baseline 0.005 -25"><span class='ocrx_word' id='word_1_718' title='bbox 2690 4070 2807 4149; x_wconf 84' lang='lat' dir='ltr'><strong>uti,</strong></span> <span class='ocrx_word' id='word_1_719' title='bbox 2853 4078 2921 4134; x_wconf 91' lang='lat' dir='ltr'><strong>et</strong></span> <span class='ocrx_word' id='word_1_720' title='bbox 2962 4069 3135 4152; x_wconf 90' lang='lat' dir='ltr'><strong>quod</strong></span> <span class='ocrx_word' id='word_1_721' title='bbox 3157 4070 3388 4154; x_wconf 76' lang='lat' dir='ltr'><strong>Tiguri</strong></span> <span class='ocrx_word' id='word_1_722' title='bbox 3432 4093 3566 4136; x_wconf 92' lang='lat' dir='ltr'><strong>non</strong></span> <span class='ocrx_word' id='word_1_723' title='bbox 3603 4072 3914 4139; x_wconf 90' lang='lat' dir='ltr'><strong>toleretur</strong></span> <span class='ocrx_word' id='word_1_724' title='bbox 3947 4075 4108 4141; x_wconf 89' lang='lat' dir='ltr'><strong>civis</strong></span> <span class='ocrx_word' id='word_1_725' title='bbox 4152 4075 4263 4158; x_wconf 90' lang='lat' dir='ltr'><strong>qui</strong></span> <span class='ocrx_word' id='word_1_726' title='bbox 4300 4096 4436 4141; x_wconf 86' lang='lat' dir='ltr'><strong>non</strong></span> <span class='ocrx_word' id='word_1_727' title='bbox 4474 4098 4646 4144; x_wconf 89' lang='lat' dir='ltr'><strong>com-</strong></span> 
     </span>
     <span class='ocr_line' id='line_1_102' title="bbox 2689 4155 4645 4242; baseline 0.005 -22"><span class='ocrx_word' id='word_1_728' title='bbox 2689 4155 3057 4221; x_wconf 89' lang='lat' dir='ltr'><strong>municaret</strong></span> <span class='ocrx_word' id='word_1_729' title='bbox 3096 4175 3326 4220; x_wconf 90' lang='lat' dir='ltr'><strong>mensa</strong></span> <span class='ocrx_word' id='word_1_730' title='bbox 3367 4157 3658 4234; x_wconf 84' lang='lat' dir='ltr'><strong>Domini,</strong></span> <span class='ocrx_word' id='word_1_731' title='bbox 3703 4179 3775 4223; x_wconf 91' lang='lat' dir='ltr'><strong>se</strong></span> <span class='ocrx_word' id='word_1_732' title='bbox 3818 4161 4132 4227; x_wconf 91' lang='lat' dir='ltr'><strong>metuisse</strong></span> <span class='ocrx_word' id='word_1_733' title='bbox 4173 4182 4260 4227; x_wconf 91' lang='lat' dir='ltr'><strong>ne</strong></span> <span class='ocrx_word' id='word_1_734' title='bbox 4292 4160 4544 4242; x_wconf 87' lang='lat' dir='ltr'><strong>forsan,</strong></span> <span class='ocrx_word' id='word_1_735' title='bbox 4588 4163 4645 4230; x_wconf 82' lang='lat' dir='ltr'><strong>si</strong></span> 
     </span>
     <span class='ocr_line' id='line_1_103' title="bbox 2687 4240 4640 4331; baseline 0.005 -26"><span class='ocrx_word' id='word_1_736' title='bbox 2687 4248 3043 4324; x_wconf 87' lang='lat' dir='ltr'><strong>pergerent</strong></span> <span class='ocrx_word' id='word_1_737' title='bbox 3102 4240 3432 4308; x_wconf 85' lang='lat' dir='ltr'><strong>abstinere</strong></span> <span class='ocrx_word' id='word_1_738' title='bbox 3496 4263 3537 4307; x_wconf 90' lang='lat' dir='ltr'><strong>a</strong></span> <span class='ocrx_word' id='word_1_739' title='bbox 3594 4264 3825 4309; x_wconf 90' lang='lat' dir='ltr'><strong>mensa</strong></span> <span class='ocrx_word' id='word_1_740' title='bbox 3895 4246 4169 4311; x_wconf 91' lang='lat' dir='ltr'><strong>Domini</strong></span> <span class='ocrx_word' id='word_1_741' title='bbox 4246 4246 4423 4331; x_wconf 90' lang='lat' dir='ltr'><strong>apud</strong></span> <span class='ocrx_word' id='word_1_742' title='bbox 4507 4269 4640 4328; x_wconf 89' lang='lat' dir='ltr'><strong>nos,</strong></span> 
     </span>
     <span class='ocr_line' id='line_1_104' title="bbox 2689 4325 4641 4418; baseline 0.005 -27"><span class='ocrx_word' id='word_1_743' title='bbox 2689 4326 2915 4392; x_wconf 89' lang='lat' dir='ltr'><strong>schola</strong></span> <span class='ocrx_word' id='word_1_744' title='bbox 2948 4325 3357 4392; x_wconf 90' lang='lat' dir='ltr'><strong>eiicerentur.</strong></span> <span class='ocrx_word' id='word_1_745' title='bbox 3423 4327 3931 4412; x_wconf 88' lang='lat' dir='ltr'><strong>Respondimus,</strong></span> <span class='ocrx_word' id='word_1_746' title='bbox 3970 4352 4088 4397; x_wconf 90' lang='lat' dir='ltr'><strong>nos</strong></span> <span class='ocrx_word' id='word_1_747' title='bbox 4122 4331 4292 4397; x_wconf 89' lang='lat' dir='ltr'><strong>nihil</strong></span> <span class='ocrx_word' id='word_1_748' title='bbox 4326 4333 4423 4397; x_wconf 88' lang='lat' dir='ltr'><strong>ita</strong></span> <span class='ocrx_word' id='word_1_749' title='bbox 4457 4355 4641 4418; x_wconf 88' lang='lat' dir='ltr'><strong>prae-</strong></span> 
     </span>
     <span class='ocr_line' id='line_1_105' title="bbox 2688 4412 4641 4501; baseline 0.004 -25"><span class='ocrx_word' id='word_1_750' title='bbox 2688 4412 2987 4494; x_wconf 87' lang='lat' dir='ltr'><strong>cipitare:</strong></span> <span class='ocrx_word' id='word_1_751' title='bbox 3051 4413 3381 4479; x_wconf 90' lang='lat' dir='ltr'><strong>monuisse</strong></span> <span class='ocrx_word' id='word_1_752' title='bbox 3437 4433 3549 4479; x_wconf 91' lang='lat' dir='ltr'><strong>eos</strong></span> <span class='ocrx_word' id='word_1_753' title='bbox 3602 4424 3668 4478; x_wconf 91' lang='lat' dir='ltr'><strong>et</strong></span> <span class='ocrx_word' id='word_1_754' title='bbox 3723 4436 3877 4482; x_wconf 88' lang='lat' dir='ltr'><strong>usos</strong></span> <span class='ocrx_word' id='word_1_755' title='bbox 3940 4418 4348 4501; x_wconf 87' lang='lat' dir='ltr'><strong>argumentis</strong></span> <span class='ocrx_word' id='word_1_756' title='bbox 4451 4421 4641 4486; x_wconf 88' lang='lat' dir='ltr'><strong>uibus</strong></span> 
     </span>
     <span class='ocr_line' id='line_1_106' title="bbox 2688 4498 4639 4588; baseline 0.004 -25"><span class='ocrx_word' id='word_1_757' title='bbox 2688 4518 3135 4580; x_wconf 89' lang='lat' dir='ltr'><strong>sperassemus</strong></span> <span class='ocrx_word' id='word_1_758' title='bbox 3179 4519 3290 4564; x_wconf 91' lang='lat' dir='ltr'><strong>eos</strong></span> <span class='ocrx_word' id='word_1_759' title='bbox 3343 4518 3535 4582; x_wconf 90' lang='lat' dir='ltr'><strong>posse</strong></span> <span class='ocrx_word' id='word_1_760' title='bbox 3589 4498 3673 4566; x_wconf 89' lang='lat' dir='ltr'><strong>ad</strong></span> <span class='ocrx_word' id='word_1_761' title='bbox 3712 4501 3780 4567; x_wconf 91' lang='lat' dir='ltr'><strong>id</strong></span> <span class='ocrx_word' id='word_1_762' title='bbox 3818 4503 4221 4584; x_wconf 83' lang='lat' dir='ltr'><strong>permoveri,</strong></span> <span class='ocrx_word' id='word_1_763' title='bbox 4280 4524 4408 4588; x_wconf 92' lang='lat' dir='ltr'><strong>quo</strong></span> <span class='ocrx_word' id='word_1_764' title='bbox 4509 4525 4639 4569; x_wconf 88' lang='lat' dir='ltr'><strong>non</strong></span> 
     </span>
     <span class='ocr_line' id='line_1_107' title="bbox 2690 4580 4638 4669; baseline 0.004 -20"><span class='ocrx_word' id='word_1_765' title='bbox 2690 4580 3061 4649; x_wconf 88' lang='lat' dir='ltr'><strong>dubitemus</strong></span> <span class='ocrx_word' id='word_1_766' title='bbox 3104 4604 3246 4649; x_wconf 90' lang='lat' dir='ltr'><strong>esse</strong></span> <span class='ocrx_word' id='word_1_767' title='bbox 3290 4597 3710 4669; x_wconf 89' lang='lat' dir='ltr'><strong>praeceptum</strong></span> <span class='ocrx_word' id='word_1_768' title='bbox 3757 4589 4025 4654; x_wconf 89' lang='lat' dir='ltr'><strong>Domini</strong></span> <span class='ocrx_word' id='word_1_769' title='bbox 4070 4597 4138 4654; x_wconf 92' lang='lat' dir='ltr'><strong>et</strong></span> <span class='ocrx_word' id='word_1_770' title='bbox 4177 4589 4499 4655; x_wconf 88' lang='lat' dir='ltr'><strong>interesse</strong></span> <span class='ocrx_word' id='word_1_771' title='bbox 4535 4610 4638 4655; x_wconf 91' lang='lat' dir='ltr'><strong>sa-</strong></span> 
     </span>
     <span class='ocr_line' id='line_1_108' title="bbox 2688 4668 4636 4752; baseline 0.004 -20"><span class='ocrx_word' id='word_1_772' title='bbox 2688 4668 2845 4735; x_wconf 91' lang='lat' dir='ltr'><strong>lutis</strong></span> <span class='ocrx_word' id='word_1_773' title='bbox 2888 4669 3197 4752; x_wconf 90' lang='lat' dir='ltr'><strong>ipsorum,</strong></span> <span class='ocrx_word' id='word_1_774' title='bbox 3242 4678 3310 4734; x_wconf 92' lang='lat' dir='ltr'><strong>et</strong></span> <span class='ocrx_word' id='word_1_775' title='bbox 3350 4669 3621 4737; x_wconf 91' lang='lat' dir='ltr'><strong>iussisse</strong></span> <span class='ocrx_word' id='word_1_776' title='bbox 3658 4679 3731 4736; x_wconf 90' lang='lat' dir='ltr'><strong>ut</strong></span> <span class='ocrx_word' id='word_1_777' title='bbox 3785 4693 3924 4738; x_wconf 90' lang='lat' dir='ltr'><strong>rem</strong></span> <span class='ocrx_word' id='word_1_778' title='bbox 3962 4696 4225 4740; x_wconf 90' lang='lat' dir='ltr'><strong>omnem</strong></span> <span class='ocrx_word' id='word_1_779' title='bbox 4267 4696 4493 4742; x_wconf 91' lang='lat' dir='ltr'><strong>secum</strong></span> <span class='ocrx_word' id='word_1_780' title='bbox 4524 4698 4636 4742; x_wconf 87' lang='lat' dir='ltr'><strong>ex-</strong></span> 
     </span>
     <span class='ocr_line' id='line_1_109' title="bbox 2689 4754 4634 4845; baseline 0.004 -25"><span class='ocrx_word' id='word_1_781' title='bbox 2689 4754 3072 4838; x_wconf 91' lang='lat' dir='ltr'><strong>penderent,</strong></span> <span class='ocrx_word' id='word_1_782' title='bbox 3113 4776 3235 4821; x_wconf 90' lang='lat' dir='ltr'><strong>nec</strong></span> <span class='ocrx_word' id='word_1_783' title='bbox 3269 4755 3623 4839; x_wconf 89' lang='lat' dir='ltr'><strong>quidquam</strong></span> <span class='ocrx_word' id='word_1_784' title='bbox 3671 4757 3998 4825; x_wconf 88' lang='lat' dir='ltr'><strong>addidisse</strong></span> <span class='ocrx_word' id='word_1_785' title='bbox 4044 4760 4125 4825; x_wconf 93' lang='lat' dir='ltr'><strong>de</strong></span> <span class='ocrx_word' id='word_1_786' title='bbox 4168 4780 4245 4826; x_wconf 93' lang='lat' dir='ltr'><strong>eo</strong></span> <span class='ocrx_word' id='word_1_787' title='bbox 4290 4761 4451 4845; x_wconf 90' lang='lat' dir='ltr'><strong>quid</strong></span> <span class='ocrx_word' id='word_1_788' title='bbox 4506 4763 4634 4827; x_wconf 87' lang='lat' dir='ltr'><strong>fac-</strong></span> 
     </span>
     <span class='ocr_line' id='line_1_110' title="bbox 2690 4840 4636 4931; baseline 0.004 -26"><span class='ocrx_word' id='word_1_789' title='bbox 2690 4841 2822 4905; x_wconf 91' lang='lat' dir='ltr'><strong>turi</strong></span> <span class='ocrx_word' id='word_1_790' title='bbox 2865 4861 3174 4917; x_wconf 90' lang='lat' dir='ltr'><strong>essemus,</strong></span> <span class='ocrx_word' id='word_1_791' title='bbox 3220 4840 3276 4906; x_wconf 92' lang='lat' dir='ltr'><strong>si</strong></span> <span class='ocrx_word' id='word_1_792' title='bbox 3319 4843 3563 4909; x_wconf 89' lang='lat' dir='ltr'><strong>nostris</strong></span> <span class='ocrx_word' id='word_1_793' title='bbox 3605 4843 3733 4928; x_wconf 91' lang='lat' dir='ltr'><strong>ipsi</strong></span> <span class='ocrx_word' id='word_1_794' title='bbox 3784 4847 4056 4911; x_wconf 91' lang='lat' dir='ltr'><strong>monitis</strong></span> <span class='ocrx_word' id='word_1_795' title='bbox 4106 4867 4241 4911; x_wconf 90' lang='lat' dir='ltr'><strong>non</strong></span> <span class='ocrx_word' id='word_1_796' title='bbox 4280 4848 4636 4931; x_wconf 87' lang='lat' dir='ltr'><strong>acquiesce-</strong></span> 
     </span>
     <span class='ocr_line' id='line_1_111' title="bbox 2690 4925 4631 5013; baseline 0.003 -21"><span class='ocrx_word' id='word_1_797' title='bbox 2690 4934 2857 4993; x_wconf 87' lang='lat' dir='ltr'><strong>rent.</strong></span> <span class='ocrx_word' id='word_1_798' title='bbox 2922 4925 3078 4991; x_wconf 90' lang='lat' dir='ltr'><strong>Non</strong></span> <span class='ocrx_word' id='word_1_799' title='bbox 3120 4925 3356 4992; x_wconf 90' lang='lat' dir='ltr'><strong>debere</strong></span> <span class='ocrx_word' id='word_1_800' title='bbox 3396 4926 3618 5012; x_wconf 90' lang='lat' dir='ltr'><strong>itaque</strong></span> <span class='ocrx_word' id='word_1_801' title='bbox 3648 4930 3827 5013; x_wconf 92' lang='lat' dir='ltr'><strong>ipsos</strong></span> <span class='ocrx_word' id='word_1_802' title='bbox 3869 4930 4071 4997; x_wconf 92' lang='lat' dir='ltr'><strong>verba</strong></span> <span class='ocrx_word' id='word_1_803' title='bbox 4110 4939 4337 4998; x_wconf 88' lang='lat' dir='ltr'><strong>nostra</strong></span> <span class='ocrx_word' id='word_1_804' title='bbox 4374 4932 4502 4998; x_wconf 91' lang='lat' dir='ltr'><strong>alio</strong></span> <span class='ocrx_word' id='word_1_805' title='bbox 4531 4931 4631 4997; x_wconf 90' lang='lat' dir='ltr'><strong>in-</strong></span> 
     </span>
     <span class='ocr_line' id='line_1_112' title="bbox 2690 5013 4630 5096; baseline 0.002 -18"><span class='ocrx_word' id='word_1_806' title='bbox 2690 5013 3037 5096; x_wconf 90' lang='lat' dir='ltr'><strong>terpretari</strong></span> <span class='ocrx_word' id='word_1_807' title='bbox 3072 5032 3269 5094; x_wconf 89' lang='lat' dir='ltr'><strong>quam</strong></span> <span class='ocrx_word' id='word_1_808' title='bbox 3304 5026 3522 5079; x_wconf 90' lang='lat' dir='ltr'><strong>essent</strong></span> <span class='ocrx_word' id='word_1_809' title='bbox 3564 5014 3648 5079; x_wconf 89' lang='lat' dir='ltr'><strong>ad</strong></span> <span class='ocrx_word' id='word_1_810' title='bbox 3682 5036 3794 5081; x_wconf 91' lang='lat' dir='ltr'><strong>eos</strong></span> <span class='ocrx_word' id='word_1_811' title='bbox 3828 5038 3869 5081; x_wconf 92' lang='lat' dir='ltr'><strong>a</strong></span> <span class='ocrx_word' id='word_1_812' title='bbox 3904 5017 4090 5084; x_wconf 89' lang='lat' dir='ltr'><strong>nobis</strong></span> <span class='ocrx_word' id='word_1_813' title='bbox 4124 5018 4312 5085; x_wconf 86' lang='lat' dir='ltr'><strong>facta.</strong></span> <span class='ocrx_word' id='word_1_814' title='bbox 4377 5017 4630 5084; x_wconf 89' lang='lat' dir='ltr'><strong>Debere</strong></span> 
     </span>
     <span class='ocr_line' id='line_1_113' title="bbox 2688 5098 4626 5184; baseline 0.002 -21"><span class='ocrx_word' id='word_1_815' title='bbox 2688 5099 2865 5182; x_wconf 91' lang='lat' dir='ltr'><strong>ipsos</strong></span> <span class='ocrx_word' id='word_1_816' title='bbox 2909 5098 3129 5163; x_wconf 91' lang='lat' dir='ltr'><strong>animo</strong></span> <span class='ocrx_word' id='word_1_817' title='bbox 3173 5099 3525 5181; x_wconf 88' lang='lat' dir='ltr'><strong>tranquillo</strong></span> <span class='ocrx_word' id='word_1_818' title='bbox 3572 5103 3804 5184; x_wconf 86' lang='lat' dir='ltr'><strong>pietati</strong></span> <span class='ocrx_word' id='word_1_819' title='bbox 3859 5112 3927 5167; x_wconf 92' lang='lat' dir='ltr'><strong>et</strong></span> <span class='ocrx_word' id='word_1_820' title='bbox 3983 5104 4192 5169; x_wconf 89' lang='lat' dir='ltr'><strong>literis</strong></span> <span class='ocrx_word' id='word_1_821' title='bbox 4237 5104 4626 5170; x_wconf 88' lang='lat' dir='ltr'><strong>incumbere.</strong></span> 
     </span>
     <span class='ocr_line' id='line_1_114' title="bbox 2689 5184 4627 5267; baseline 0.001 -18"><span class='ocrx_word' id='word_1_822' title='bbox 2689 5184 2826 5249; x_wconf 89' lang='lat' dir='ltr'><strong>Nos</strong></span> <span class='ocrx_word' id='word_1_823' title='bbox 2870 5191 3110 5262; x_wconf 88' lang='lat' dir='ltr'><strong>autem,</strong></span> <span class='ocrx_word' id='word_1_824' title='bbox 3156 5205 3359 5267; x_wconf 89' lang='lat' dir='ltr'><strong>quum</strong></span> <span class='ocrx_word' id='word_1_825' title='bbox 3405 5185 4094 5256; x_wconf 90' lang='lat' dir='ltr'><strong>animadvertissemus</strong></span> <span class='ocrx_word' id='word_1_826' title='bbox 4130 5210 4241 5254; x_wconf 91' lang='lat' dir='ltr'><strong>eos</strong></span> <span class='ocrx_word' id='word_1_827' title='bbox 4285 5190 4627 5255; x_wconf 84' lang='lat' dir='ltr'><strong>autoritate</strong></span> 
     </span>
     <span class='ocr_line' id='line_1_115' title="bbox 2689 5272 4627 5355; baseline 0.001 -19"><span class='ocrx_word' id='word_1_828' title='bbox 2689 5279 3029 5354; x_wconf 90' lang='lat' dir='ltr'><strong>pastorum</strong></span> <span class='ocrx_word' id='word_1_829' title='bbox 3073 5290 3343 5335; x_wconf 88' lang='lat' dir='ltr'><strong>suorum</strong></span> <span class='ocrx_word' id='word_1_830' title='bbox 3383 5292 3545 5355; x_wconf 90' lang='lat' dir='ltr'><strong>quos</strong></span> <span class='ocrx_word' id='word_1_831' title='bbox 3589 5272 3763 5339; x_wconf 91' lang='lat' dir='ltr'><strong>domi</strong></span> <span class='ocrx_word' id='word_1_832' title='bbox 3809 5275 4097 5340; x_wconf 89' lang='lat' dir='ltr'><strong>habeant</strong></span> <span class='ocrx_word' id='word_1_833' title='bbox 4140 5273 4447 5353; x_wconf 70' lang='lat' dir='ltr'><strong>detineri,</strong></span> <span class='ocrx_word' id='word_1_834' title='bbox 4500 5281 4627 5338; x_wconf 82' lang='lat' dir='ltr'><strong>sta-</strong></span> 
     </span>
     <span class='ocr_line' id='line_1_116' title="bbox 2690 5354 4622 5445; baseline 0.001 -24"><span class='ocrx_word' id='word_1_835' title='bbox 2690 5358 2894 5422; x_wconf 89' lang='lat' dir='ltr'><strong>tuisse</strong></span> <span class='ocrx_word' id='word_1_836' title='bbox 2937 5354 3023 5421; x_wconf 86' lang='lat' dir='ltr'><strong>ad</strong></span> <span class='ocrx_word' id='word_1_837' title='bbox 3066 5376 3182 5423; x_wconf 88' lang='lat' dir='ltr'><strong>vos</strong></span> <span class='ocrx_word' id='word_1_838' title='bbox 3224 5357 3508 5424; x_wconf 90' lang='lat' dir='ltr'><strong>scribere</strong></span> <span class='ocrx_word' id='word_1_839' title='bbox 3547 5366 3615 5425; x_wconf 91' lang='lat' dir='ltr'><strong>et</strong></span> <span class='ocrx_word' id='word_1_840' title='bbox 3654 5360 3842 5426; x_wconf 91' lang='lat' dir='ltr'><strong>vobis</strong></span> <span class='ocrx_word' id='word_1_841' title='bbox 3884 5380 4215 5445; x_wconf 83' lang='lat' dir='ltr'><strong>exponere</strong></span> <span class='ocrx_word' id='word_1_842' title='bbox 4259 5369 4328 5428; x_wconf 94' lang='lat' dir='ltr'><strong>et</strong></span> <span class='ocrx_word' id='word_1_843' title='bbox 4365 5357 4511 5445; x_wconf 89' lang='lat' dir='ltr'><strong>quid</strong></span> <span class='ocrx_word' id='word_1_844' title='bbox 4542 5357 4622 5423; x_wconf 87' lang='lat' dir='ltr'><strong>ab</strong></span> 
     </span>
    </p>
   </div>
   <div class='ocr_carea' id='block_1_13' title="bbox 4807 203 4820 5585">
    <p class='ocr_par' dir='ltr' id='par_1_14' title="bbox 4807 203 4820 5585">
     <span class='ocr_line' id='line_1_117' title="bbox 4807 203 4820 5585; baseline 0 0"><span class='ocrx_word' id='word_1_845' title='bbox 4807 203 4820 5585; x_wconf 95' lang='lat' dir='ltr'><strong> </strong></span> 
     </span>
    </p>
   </div>
  </div>
 </body>
</html>
