4825 6175
618 429 744 496 407

617 634 811 698 suum
827 664 844 693 ,
903 618 1231 696 utcunque
1288 618 1467 679 totus
1531 610 1818 678 mundus
1872 608 2235 696 conspiret,
2285 629 2429 676 non
2486 608 2571 674 ad

617 698 995 768 retinendos
1037 707 1298 765 tantum
1341 700 1537 783 ipsos,
1584 696 1699 765 sed
1733 697 1932 764 etiam
1967 695 2166 762 altius
2199 695 2571 779 provehen-

620 784 752 851 dos.
841 783 946 850 De
988 784 1199 856 literis
1242 806 1404 869 quas
1451 783 1706 850 Sulzero
1723 783 1781 868 ²)
1838 783 2243 865 scripserm,
2288 779 2461 846 nihil
2504 787 2570 846 te

617 890 722 936 res
771 869 1031 938 ondisse
1073 870 1294 936 miror.
1360 869 1670 936 Nondum
1704 869 1835 935 scio
1879 889 1964 934 an
2001 866 2085 933 ad
2128 888 2279 933 eum
2322 865 2572 949 fuerint

616 977 734 1041 per
759 963 923 1021 atae.
990 954 1466 1023 Mandaveram
1510 956 1687 1021 enim
1726 960 1824 1033 ut,
1870 954 1925 1019 si
1963 952 2083 1019 tibi
2127 951 2567 1036 displicerent,

617 1042 1075 1125 supprimereS.
1179 1040 1660 1126 Exspectabam
1720 1038 1915 1106 simul
1973 1046 2049 1104 ut
2105 1037 2184 1105 de
2239 1037 2568 1122 coniugali

616 1127 880 1212 negotio
923 1126 1172 1211 aliquid
1215 1128 1377 1193 certi
1417 1127 1854 1193 renunciares.
1877 1123 1934 1206 ⁸)
2022 1124 2159 1191 Fac
2202 1131 2279 1189 ut
2318 1121 2569 1206 aliquid

616 1213 801 1280 brevi
857 1212 937 1278 de
993 1224 1266 1295 utroque
1336 1214 1697 1278 resciscam.
1801 1208 2077 1277 Michael
2132 1209 2566 1275 aromatarius

616 1298 915 1365 celeriter
950 1299 1118 1364 istuc
1157 1320 1226 1364 se
1262 1299 1702 1384 profecturum
1731 1296 1895 1362 mihi
1931 1294 2099 1361 dixit
2123 1292 2314 1362 Coelii
2346 1314 2562 1361 causa.

616 1383 765 1450 Uno
819 1385 1020 1451 verbo
1076 1384 1411 1467 respondi,
1468 1391 1600 1448 tam
1658 1382 1866 1448 malas
1931 1401 2160 1449 causas
2226 1401 2565 1464 nunquam

617 1469 780 1535 bene
822 1468 1096 1535 tuendas
1130 1470 1387 1553 suscipi,
1423 1469 1690 1535 tractari
1726 1468 1982 1550 saepius
2017 1465 2377 1542 infeliciter,
2425 1466 2564 1531 exi-

615 1561 755 1628 tum
801 1576 1058 1639 semper
1101 1575 1243 1621 esse
1286 1555 1739 1639 perniciosum,
1785 1553 1983 1617 etiam
2029 1551 2186 1617 dum
2228 1551 2564 1618 obtinetur

616 1639 786 1723 quod
845 1640 1211 1724 quaesitum
1265 1640 1499 1706 fuerat.
1600 1638 1884 1704 Permisi
1937 1647 2160 1702 tamen
2219 1647 2293 1702 ut
2346 1636 2565 1703 affinis

617 1725 721 1790 sui
764 1747 961 1792 causa
1002 1725 1246 1809 aliquid
1291 1726 1718 1809 experiretur.
1808 1723 2098 1789 Consule
2152 1730 2231 1787 ut
2270 1723 2564 1788 medium

616 1819 682 1876 te
726 1832 935 1896 geras,
991 1832 1202 1895 neque
1245 1820 1311 1876 te
1373 1810 1729 1877 admisceas
1788 1808 1923 1874 ullo
1979 1807 2189 1874 modo.
2278 1808 2450 1873 Nam
2496 1816 2564 1873 et

631 1895 922 1962 Varrotio
934 1898 994 1974 ⁴)
1041 1896 1452 1976 denunciavi,
1482 1898 1537 1962 si
1581 1894 1824 1960 malam
1867 1914 2129 1960 causam
2165 1915 2305 1960 esse
2345 1894 2559 1974 sciret,

614 2002 700 2046 ne
743 1982 953 2048 sciens
997 2004 1072 2049 ac
1115 1982 1342 2048 volens
1385 1989 1711 2066 pugnaret
1752 1979 2068 2047 adversus
2089 1979 2325 2045 Deum.
2397 1977 2562 2045 Sine

620 2065 915 2138 Comitem
930 2069 988 2145 ὃ)
1031 2076 1097 2133 et
1140 2067 1387 2134 similes
1444 2076 1757 2152 satagere.
1848 2066 2136 2131 Tantum
2179 2072 2450 2131 eatenus
2496 2073 2560 2131 te

614 2152 957 2236 interpone
1014 2160 1091 2218 ut
1134 2160 1447 2237 appareat
1503 2162 1569 2217 te
1626 2151 1793 2216 nihil
1851 2149 2030 2217 aliud
2084 2159 2309 2233 optare
2362 2169 2558 2233 quam

613 2246 687 2302 ut
729 2247 904 2305 recte
948 2238 1235 2305 habeant
1278 2238 1514 2305 omnia.
1605 2237 1794 2317 Vale,
1854 2238 2058 2301 frater
2101 2244 2166 2301 et
2208 2236 2412 2301 amice
2456 2237 2557 2300 in-

613 2325 983 2407 tegerrime.
1071 2323 1395 2390 Dominus
1451 2325 1567 2390 tibi
1623 2323 1942 2406 propitius
1995 2322 2079 2387 sit
2136 2342 2425 2405 semper,
2482 2343 2557 2388 ac

613 2416 760 2474 tuas
823 2410 1152 2495 lacrymas
1217 2416 1432 2476 vertat
1495 2410 1566 2474 in
1629 2408 1958 2493 gaudium.
2070 2406 2382 2473 Genevae

612 2493 838 2561 Octob.
894 2500 1072 2561 1546.

1527 2579 1809 2646 Ioannes
1849 2577 2167 2645 Calvinus
2209 2587 2380 2644 tuus.

777 2749 962 2833 Quas
984 2756 1038 2826 ⁶)
1074 2752 1219 2817 istis
1254 2751 1478 2817 literas
1512 2751 1749 2817 inclusi
1784 2770 2153 2834 receperam
2189 2759 2340 2815 ante
2375 2770 2557 2815 men-

604 2857 760 2903 sem.
830 2836 966 2903 Sed
1007 2858 1208 2920 quum
1243 2838 1673 2921 reposuissem
1711 2843 1858 2901 tuto
1893 2835 2052 2915 loco,
2095 2855 2356 2917 semper
2390 2835 2552 2900 obli-

604 2931 712 2988 tus
753 2944 901 2988 sum
946 2923 1261 2989 hactenus
1302 2923 1552 3005 quoties
1606 2931 1751 2987 erat
1805 2921 2088 2987 nuncius
2132 2920 2216 2985 ad
2259 2941 2550 2985 manum.

603 3008 708 3072 'ru
751 3015 1092 3093 postquam
1136 3007 1372 3093 legeris
1415 3006 1645 3073 reddes
1697 3007 1851 3073 huic
1894 3007 2132 3073 nuncio
2175 3015 2249 3072 ut
2286 3008 2550 3091 Argen-

603 3103 886 3160 toratum
942 3096 1240 3177 perferat.
1347 3094 1516 3158 Nam
1577 3092 1830 3161 Far-ezzo
1887 3092 2143 3160 ostendi
2199 3114 2335 3158 non
2390 3090 2550 3157 adeo

602 3181 1038 3246 necessarium
1083 3189 1197 3257 est,
1245 3181 1374 3245 nisi
1427 3180 1520 3244 ita
1564 3181 1785 3248 nuncii
1831 3179 2257 3247 commoditas
2303 3178 2545 3243 tulerit.

1371 3474 1774 3482 —————-——-——-

1489 3688 1645 3761 845.

979 3826 1332 3892 CALVIN
1377 3828 1439 3891 A
1486 3827 1576 3892 M.
1623 3824 1750 3891 DE
1796 3826 2159 3895 FALAJS.

765 3996 1143 4079 Differentes
1184 3998 1444 4080 affaire-s·
1466 3998 1735 4080 privees.

586 4166 766 4237 (Orig.
804 4167 1149 4237 autographo.
1188 4166 1324 4220 Bibl.
1371 4168 1439 4222 de
1476 4167 1711 4223 Geneve.
1750 4169 1868 4225 Vol.
1907 4168 2032 4235 194,
2082 4170 2173 4224 fol.
2206 4169 2289 4225 42.
2330 4201 2393 4213 --
2430 4173 2539 4226 Im-

591 4235 766 4304 prime
801 4236 936 4288 dans
971 4235 1089 4289 l’ed.
1128 4235 1353 4289 d’Amst.
1389 4254 1441 4306 p.
1479 4236 1562 4304 74,
1612 4238 1747 4291 dans
1783 4239 1917 4291 celle
1952 4237 2021 4291 de
2056 4239 2273 4294 Bonnet
2309 4241 2354 4294 1.
2389 4239 2537 4310 165.)

882 4407 946 4471 A
989 4408 1458 4492 Monseigneur
1500 4408 1843 4474 Monsieur
1887 4408 1967 4474 de
2010 4410 2252 4482 Fallez.

760 4544 1259 4628 Monseigneur,
1331 4546 1390 4610 ie
1443 4567 1579 4629 1163Γ
1647 4545 1791 4611 rien
1843 4567 2007 4629 pour
2063 4546 2125 4612 le
2178 4557 2445 4631 present
2497 4569 2537 4614 a

588 4652 750 4698 vous
793 4628 1096 4708 mandet,
1155 4632 1345 4695 sinon
1400 4653 1526 4714 que
1581 4630 1644 4696 le
1703 4633 1879 4698 sieur
1924 4631 2309 4701 Maidonade
2331 4635 2378 4717 ¹)
2426 4655 2538 4700 ma

791 4852 853 4917 2)
893 4852 1106 4907 Nomen
1140 4858 1278 4906 tacet
1325 4852 1394 4907 B.
1442 4853 1735 4908 substituta
1778 4854 1962 4919 litera,
2012 4854 2079 4907 N.
2171 4854 2252 4921 Cf.
2303 4856 2375 4911 N.
2413 4855 2532 4910 827.

592 4922 803 4977 Saluri
834 4936 915 4990 ep.
955 4920 1030 4974 N.
1067 4919 1172 4973 842
1205 4921 1447 4975 nondum
1480 4921 1699 4976 reddita
1732 4922 1908 4985 fuisse
1942 4923 2173 4979 videtur.

792 4989 851 5051 3)
890 4989 980 5042 De
1014 5005 1119 5071 quo
1154 5006 1326 5059 nuper
1360 5004 1424 5043 sa
1507 4992 1583 5044 'us
1619 4990 1693 5045 N.
1728 4989 1846 5044 834.
1882 4990 2001 5045 836.

791 5055 851 5124 4)
892 5060 985 5111 An
1018 5057 1106 5111 ulli
1136 5059 1212 5111 ad
1247 5073 1398 5127 quem
1498 5100 1510 5112 .
1546 5058 1697 5113 442?

792 5126 854 5191 5)
892 5127 1145 5193 Beatum,
1181 5127 1307 5180 olim
1342 5129 1651 5182 ministrum
1686 5129 2156 5183 Lausannensem.

791 5194 852 5263 6)
887 5196 1044 5249 Haec
1078 5197 1276 5248 absunt
1309 5197 1378 5249 ab
1414 5196 1532 5250 edd.

609 5265 752 5318 846.
790 5265 849 5331 1)
891 5263 963 5318 Ν.
1001 5262 1120 5316 674.
1158 5262 1274 5317 709.
1349 5263 1406 5318 11
1435 5266 1598 5335 &aqit
1636 5267 2039 5334 probablement
2084 5264 2216 5323 d'un
2263 5283 2465 5339 voyaqe
2499 5272 2536 5323 ἱι

573 5332 729 5399 faire
759 5348 874 5388 aua:
913 5332 1211 5402 Pam-Bas
1237 5348 1385 5401 pour
1419 5335 1660 5404 affair-es.

2165 418 2692 509 EPIsrrOLAE
2736 420 3078 485 844—848

2454 2412 2552 2472 24.
2634 2445 2637 2448 1

4491 424 4593 490 408

2676 612 2969 688 monstro
3013 627 3131 674 vos
3162 606 3393 676 lettres
3408 659 3424 688 ,
3472 628 3643 693 pour
3694 609 3883 675 avoir
3933 607 4185 676 conseil-
4219 608 4302 674 de
4344 628 4492 695 moy
4516 608 4596 677 dc

2675 712 2750 759 ce
2793 691 2929 775 quil
2973 691 3195 759 devoit
3251 694 3430 759 faire.
3518 693 3595 759 Ie
3643 714 3777 780 nay
3833 714 3953 778 pas
4006 700 4146 762 este
4202 693 4431 762 dadvis
4483 693 4596 779 quil

2673 799 2747 846 se
2784 777 2947 844 mist
2986 798 3071 844 611
3114 779 3375 846 chemin
3417 798 3537 863 par
3578 800 3653 847 ce
3700 790 3949 863 temps,
4006 780 4199 848 sinon
4241 780 4381 863 quil
4418 803 4467 865 y
4503 789 4597 847 eut

2673 862 3008 931 nouvelles
3051 863 3205 948 plus
3259 873 3652 948 pressantes.
3753 865 3986 948 Quant
4040 886 4205 932 vous
4257 886 4455 932 aurez
4507 866 4598 933 1611

2671 948 2733 1015 16
2779 948 3012 1016 (16111116
3055 950 3135 1016 de
3178 971 3283 1016 ses
3325 950 3569 1030 lettres,
3600 952 3677 1017 vie
3724 972 3884 1036 croy
3926 972 4052 1035 que
4094 973 4258 1018 vous
4300 952 4400 1018 les
4443 960 4597 1018 trou-

2670 1056 2860 1102 verez
2903 1036 2960 1101 si
3003 1035 3253 1120 amples
3297 1037 3433 1120 quil
3472 1057 3558 1102 ne
3592 1056 3740 1103 sera
3771 1037 4040 1104 mestier
4072 1037 4153 1103 de
4182 1038 4427 1123 long-ue
4468 1057 4599 1104 6611-

2671 1120 3007 1187 sultation.
3078 1122 3416 1188 Toutesois
3458 1129 3665 1206 quant
3705 1122 3755 1188 il
3790 1143 3953 1188 vous
3988 1122 4251 1206 plairoit
4293 1143 4601 1190 comman-

2670 1204 2787 1272 der
2830 1228 2870 1272 a
2912 1207 3244 1290 quelquun
3290 1207 3372 1275 de
3419 1229 3534 1274 sen
3581 1209 3922 1291 enquerir,
3982 1229 4180 1276 encor
4219 1232 4268 1294 y
4311 1210 4525 1276 auroit
4558 1208 4600 1274 il

2668 1290 2817 1376 plus
2871 1291 3321 1360 dasseurance.
3420 1294 3596 1360 Mais
3650 1294 3712 1359 16
3782 1294 3892 1378 lay
3942 1294 4221 1380 adverty
4277 1294 4419 1379 quil
4473 1316 4602 1362 sera

2669 1376 3022 1461 expedient
3064 1376 3145 1444 de
3189 1379 3556 1463 supprimer
3596 1379 3694 1446 les
3730 1400 3939 1459 noms,
3984 1379 4066 1445 de
4106 1399 4309 1465 paour
4351 1401 4482 1463 que
4519 1380 4603 1448 les

2668 1462 3015 1531 marchans
3060 1484 3227 1548 pour
3264 1465 3558 1549 gratifier
3600 1465 4011 1549 nanticipent
4057 1487 4098 1532 a
4138 1466 4201 1532 le
4246 1466 4538 1551 signifier
4568 1487 4603 1532 a

2668 1570 2834 1615 ceux
2887 1550 2998 1632 qui
3051 1570 3135 1615 en
3191 1549 3573 1618 deveroient
3635 1550 4012 1636 respondre.
4119 1554 4211 1617 Et
4264 1551 4408 1619 cela
4471 1573 4605 1620 sera

2666 1656 2853 1718 ayse,
2914 1655 2998 1701 en
3038 1644 3392 1720 proposant
3445 1637 3508 1702 le
3550 1636 3741 1717 faict,
3799 1658 3955 1703 sans
3998 1638 4291 1723 611681161-
4332 1659 4421 1705 116
4463 1638 4604 1706 ville

2667 1741 2750 1784 116
2781 1741 3156 1804 personnes.
3239 1717 3317 1788 Si
3364 1743 3521 1788 vous
3564 1730 3834 1790 trouver.
3879 1723 4014 1806 quil
4058 1724 4249 1791 doive
4289 1725 4603 1804 marcher,

2665 1806 3081 1872 incontinent
3117 1807 3165 1873 11
3210 1829 3281 1873 se
3319 1815 3608 1875 mectera
3652 1829 3734 1874 en
3779 1808 4058 1876 chemin.
4146 1811 4330 1876 Pour
4362 1810 4430 1876 le
4463 1832 4605 1893 nep-

2664 1912 2794 1957 veu
2837 1891 2888 1956 il
2933 1913 3016 1958 ne
3058 1913 3166 1959 me
3209 1893 3511 1961 sembloit
3562 1915 3717 1978 pas,
3775 1894 3871 1961 les
3914 1894 4146 1962 choses
4205 1904 4430 1962 estans
4486 1895 4603 1964 dis—

2709 1996 2894 2042 osees
2949 1998 3200 2044 comme
3259 1978 3419 2046 elles
3478 1987 3657 2059 sont,
3715 2000 3844 2063 que
3899 2002 3974 2047 sa
4014 2001 4326 2065 presence
4368 1982 4510 2048 fust
4548 1982 4605 2047 la

2691 2069 2797 2127 ort
2839 2064 3110 2147 requise,
3154 2065 3388 2148 iusque
3425 2087 3465 2132 a
3498 2073 3643 2131 tant
3676 2065 3814 2148 quil
3845 2087 4017 2133 vous
4054 2067 4260 2150 plaise
4293 2068 4414 2151 luy
4450 2067 4603 2133 faire

2662 2148 2917 2215 scavoir
2960 2170 3211 2215 comme
3252 2150 3300 2215 il
3345 2171 3431 2216 en
3473 2151 3591 2216 ira.
3681 2153 3773 2216 Et
3829 2154 4008 2217 aussi
4059 2173 4223 2220 vous
4274 2154 4461 2219 aviez
4504 2151 4603 2218 ad·

2661 2233 2870 2300 iouste
2913 2255 3048 2301 aux
3108 2234 3335 2302 lettres
3390 2257 3483 2303 un
3540 2247 3682 2303 mot
3735 2237 3817 2304 de
3871 2248 4092 2305 vostre
4146 2239 4327 2305 main
4382 2239 4498 2322 qui
4546 2237 4602 2304 le

2661 2319 2920 2385 rendoit
2961 2341 3239 2406 suspens
3281 2342 3450 2404 pour
3492 2320 3767 2389 lattente
3809 2322 3923 2389 des
3957 2323 4206 2389 bonnes
4248 2324 4602 2392 nouvelles.

2831 2403 3060 2487 Quant
3113 2429 3153 2473 a
3206 2407 3495 2473 lhomme
3553 2408 3714 2474 dont
3766 2430 3931 2476 vous
3988 2409 4290 2489 touchez,
4360 2412 4473 2476 ien
4524 2431 4602 2496 ay

2660 2490 2898 2556 mande
2942 2512 3015 2558 ce
3058 2513 3185 2575 que
3227 2494 3336 2558 ien
3382 2514 3657 2578 scavoye
3701 2515 3742 2560 a
3786 2496 4075 2561 Antoine
4118 2493 4390 2564 Maiuet.
4412 2499 4471 2578 ²)
4536 2496 4603 2563 Ie

2660 2578 2953 2644 noserois
2980 2585 3221 2661 ‘passer
3275 2578 3491 2644 oultre
3535 2578 3702 2659 cela,
3757 2600 3999 2664 pource
4057 2602 4183 2664 que
4236 2582 4299 2648 ie
4352 2603 4442 2647 ne
4496 2583 4601 2668 lay

2658 2683 2776 2745 pas
2819 2669 2967 2728 tant
3009 2683 3309 2748 congneu
3366 2685 3491 2748 que
3532 2665 3644 2730 ien
3702 2666 3921 2749 puisse
3966 2686 4268 2734 asseurer
4311 2667 4602 2735 dadvan·

2656 2749 2847 2834 taige.
2917 2748 3021 2815 De
3064 2771 3182 2816 son
3220 2752 3620 2835 parentaige,
3663 2761 3886 2818 nostre
3926 2752 4099 2819 frere
4146 2753 4365 2820 Sainct
4386 2755 4604 2822 Andre

2656 2847 2822 2900 vous
2865 2855 2950 2899 en
2995 2856 3035 2900 a
3076 2833 3315 2900 mande
3356 2856 3431 2902 ce
3474 2836 3610 2920 quil
3655 2858 3738 2903 en
3782 2838 4051 2917 scavoit,
4107 2859 4360 2905 comme
4404 2840 4460 2904 il
4501 2861 4605 2906 1116

2655 2919 2805 2985 dict.
2907 2920 3002 2985 Et
3060 2921 3236 2987 aussi
3299 2942 3463 2988 vous
3528 2943 3686 2989 avez
3752 2944 3835 2988 eu
3902 2923 4105 3009 loysir
4169 2924 4258 3008 dy
4322 2926 4603 3008 prendre

2654 3003 2875 3089 garde,
2915 3004 3143 3090 depuis
3184 3007 3322 3091 quil
3357 3014 3457 3074 est
3491 3029 3610 3092 par
3645 3007 3807 3074 dela.
3874 3009 3949 3075 Ie
3984 3010 4240 3077 lestime
4276 3010 4357 3077 de
4396 3013 4602 3078 bonne

2654 3100 2847 3157 sorte.
2937 3092 3110 3158 Mais
3153 3095 3215 3158 ie
3260 3094 3622 3161 craindrois
3666 3102 3813 3160 tant
3855 3095 4084 3162 davoir
4126 3104 4267 3164 este
4305 3100 4600 3166 occasion

2654 3175 2734 3241 de
2777 3198 2940 3243 vous
2983 3177 3115 3243 mal
3144 3178 3477 3261 *adressen
3524 3201 3651 3263 que
3684 3182 3745 3246 ie
3780 3181 3905 3247 fais
3948 3182 4261 3250 difficulte
4301 3184 4383 3250 de
4422 3184 4601 3251 mad-

2653 3283 2898 3329 vancer
2940 3262 3274 3348 beaucoup
3317 3286 3399 3331 en
3444 3274 3582 3332 cest
3625 3265 3939 3334 endroict.

2824 3346 2961 3415 Sur
2995 3370 3084 3428 ce,
3122 3351 3613 3435 Monseigneur,
3650 3373 3841 3435 apres
3874 3363 4114 3420 mestre
4152 3354 4599 3422 humblement

2652 3434 3108 3500 recommande
3165 3458 3204 3500 a
3261 3445 3484 3501 vostre
3540 3437 3754 3503 bonne
3806 3460 4029 3522 grace,
4104 3449 4172 3504 et
4227 3439 4309 3507 de
4366 3442 4597 3508 Mada-

2649 3519 2973 3599 moiselle,
3039 3520 3100 3586 ie
3165 3522 3542 3607 supplieray
3596 3532 3819 3590 nostre
3891 3526 4013 3590 bon
4072 3525 4245 3591 Dieu
4292 3527 4373 3593 de
4436 3548 4598 3594 vous

2649 3606 2833 3669 avoir
2877 3605 3204 3672 tousiours
3247 3629 3330 3672 eu
3373 3629 3446 3673 sa
3488 3609 3737 3676 saincte
3780 3611 4159 3694 protection,
4210 3615 4597 3680 continuant

2649 3690 2729 3756 de
2773 3712 2842 3756 se
2886 3691 3177 3775 glorifier
3221 3713 3302 3758 611
3349 3714 3528 3772 vous,
3576 3700 3643 3760 et
3686 3717 3845 3761 vous
3882 3696 4226 3763 benissant
4266 3720 4351 3764 en
4387 3708 4594 3765 toutes

2646 3778 2894 3843 choses.
2960 3778 3078 3842 Ma
3118 3778 3356 3844 femme
3398 3800 3561 3846 vous
3596 3788 3900 3864 presente
3945 3784 4121 3849 aussi
4165 3805 4205 3849 a
4247 3793 4395 3851 tous
4427 3784 4595 3851 deux

2645 3882 2751 4014 {es
2796 3863 3098 4013 hssimbles
3134 3864 3786 3933 recommandations.
3851 3868 3958 3934 De
4003 3868 4325 3952 Genefve,
4371 3892 4447 3938 ce
4493 3876 4586 3935 24.

2691 3956 2831 4014 octo
2875 3970 2947 4014 re
2995 3954 3174 4014 1546.

2814 4076 3060 4151 Vostre
3101 4084 3370 4153 humble
3412 4089 3736 4154 serviteur
3776 4097 3844 4155 et
3882 4089 4074 4171 frere,

3910 4211 4120 4277 Iehan
4165 4212 4423 4281 Calvin.

2814 4376 3299 4462 Monseigneur,
3348 4401 3506 4448 vous
3542 4401 3650 4446 me
3684 4381 4129 4465 pardonnerez
4174 4407 4301 4469 que
4337 4408 4444 4454 ces
4478 4386 4591 4453 let-

2643 4469 2779 4528 tres
2823 4461 3285 4530 demeurarent
3327 4486 3442 4531 sur
3486 4487 3594 4531 ma
3638 4466 3831 4548 table,
3890 4467 4108 4553 quand
4152 4471 4213 4537 ie
4271 4473 4391 4539 feiz
4437 4494 4586 4539 mon

2640 4557 2923 4632 pacquet
2978 4549 3255 4617 dernier.
3347 4552 3448 4618 Le
3501 4555 3857 4639 messaiger
3914 4555 4007 4621 les
4070 4559 4335 4639 pensoit
4389 4558 4584 4636 avoir,

2642 4643 2711 4699 et
2753 4635 2813 4699 ie
2834 4635 2976 4701 feuz
2998 4635 3150 4701 bien
3174 4636 3425 4723 esbahy
3459 4646 3665 4725 quant
3684 4640 3747 4705 ie
3780 4639 3877 4706 les
3914 4648 4210 4727 trouvay.
4281 4644 4375 4711 Oe
4412 4648 4511 4709 28.
4534 4643 4584 4729 8)

2846 4891 2910 4959 2)
2948 4891 3021 4946 N.
3058 4890 3178 4963 817,
3212 4898 3335 4948 note
3367 4892 3417 4946 3.

2846 4960 2906 5024 3)
2948 4960 3043 5014 En
3076 4976 3288 5031 mame.-
3325 4962 3504 5016 Receu
3541 4963 3591 5018 16
3626 4964 3677 5018 9.
3712 4964 3780 5018 de
3817 4964 3953 5020 Nov.
3994 4966 4143 5023 1546.

3414 5210 3818 5218 -———>—————
