4825 6175
651 397 778 460 4⁷9

650 581 1105 660 moliebantur,
1152 579 1268 646 sed
1309 579 1575 664 frigide,
1633 588 1701 646 et
1740 579 1906 646 mihi
1946 579 2163 645 studia
2202 600 2339 644 non
2379 578 2596 661 place—

650 667 832 733 bant.
919 667 1148 751 'Pignri
1191 686 1510 750 magnum
1563 665 1888 731 fervorem
1947 663 2399 731 animadverti.
2490 664 2599 729 De

652 751 1269 820 constantiensibus
1312 772 1442 817 non
1488 770 1673 817 secus
1714 750 2100 817 laborabant
2142 772 2218 816 ac
2260 750 2341 815 de
2384 770 2455 816 se
2496 750 2597 832 ip·

652 839 761 905 sis.
785 841 841 917 ⁸)
930 837 1328 903 Detulerunt
1378 836 1509 901 illis
1565 838 1785 902 omnia
1839 858 1976 902 sua.
2064 836 2154 901 Et
2206 843 2432 901 tamen
2474 834 2598 898 mi-

653 945 801 991 sera
863 923 1096 990 civitas
1159 921 1365 987 nihilo
1429 922 1651 988 minus
1702 942 1903 1005 quam
1966 921 2281 986 destituta
2337 920 2601 986 auxiliis

652 1010 955 1076 omnibus
997 1007 1361 1074 vacillabat.
1452 1006 1529 1072 Si
1585 1005 1669 1072 ad
1713 1008 1888 1074 hunc
1928 1028 2135 1091 usque
2179 1007 2351 1072 diem
2397 1007 2597 1083 stetit,

653 1094 823 1160 nihil
866 1096 934 1159 in
972 1101 1307 1177 posterum
1342 1114 1483 1158 esse
1515 1093 1790 1177 periculi
1825 1093 2144 1159 existimo.
2210 1093 2313 1157 'I'u
2350 1092 2409 1156 si
2443 1090 2600 1175 quid

650 1179 854 1246 habes
899 1180 1001 1245 fac
1043 1201 1165 1244 nos
1206 1178 1533 1244 certiores.
1601 1180 2189 1263 Argentinensium
2231 1177 2482 1262 legatos
2526 1178 2598 1240 in

653 1265 803 1330 aula
865 1264 1076 1331 Caroli
1131 1262 1308 1330 visos
1373 1264 1573 1328 fuisse
1637 1264 2002 1329 fremebant
2055 1263 2337 1347 quidam.
2426 1262 2601 1327 Mihi

651 1372 786 1416 non
830 1358 930 1416 est
972 1348 1319 1433 probabile.
1336 1351 1418 1424 4)-
1484 1349 1819 1433 Tigurinis
1873 1348 2063 1416 facile
2116 1369 2272 1413 mox
2329 1369 2599 1430 persua-

653 1457 801 1502 sum
843 1436 1001 1501 fuit:
1048 1436 1117 1500 in
1161 1433 1393 1519 quibus
1433 1442 1654 1499 tamen
1707 1436 1829 1500 hoc
1872 1435 2294 1500 vehementer
2335 1434 2598 1517 placuit,

651 1520 822 1605 qnod
888 1521 1181 1586 omnium
1246 1519 1710 1585 discordiarum
1777 1519 1962 1586 obliti
2025 1519 2193 1585 nihil
2255 1539 2450 1602 quam
2517 1518 2600 1585 de

654 1607 985 1673 communi
1020 1606 1233 1672 salute
1268 1606 1656 1689 cogitabant,
1700 1606 1914 1689 parati
1948 1626 2019 1670 se
2052 1604 2432 1688 impendere
2470 1625 2597 1669 non

650 1693 1099 1778 Argentorato
1152 1692 1369 1756 minus
1424 1711 1618 1774 quam
1661 1690 2103 1757 Constantiae.
2192 1692 2333 1754 Vix
2376 1689 2601 1755 credas

652 1798 849 1862 quam
892 1776 1096 1843 foedis
1138 1776 1618 1843 conditionibus
1674 1778 2117 1861 transegerint
2174 1794 2601 1860 quaecunque

651 1885 722 1928 se
768 1863 1162 1928 dediderunt
1203 1861 1417 1942 urbes,
1462 1862 1575 1927 sed
1619 1864 1914 1927 omnium
1957 1863 2375 1945 turpissimus
2434 1860 2604 1926 Wir-

649 1949 1035 2033 teberyensia
1058 1947 1115 2034 ὅ)
1234 1947 1420 2014 Haec
1497 1946 1746 2014 scilicet
1822 1957 2255 2032 tyrannorum
2332 1967 2600 2013 merces.

650 2033 973 2099 Bernates
1016 2034 1087 2098 in
1130 2034 1265 2099 suis
1310 2032 1569 2098 tuendis
1613 2043 1957 2117 occupatos
2000 2032 2468 2109 animadverti,
2529 2040 2602 2096 ut

554 2181 563 2190 .
650 2120 872 2185 minus
925 2118 1211 2184 vicinum
1285 2118 1660 2184 incendium
1716 2119 2050 2184 sentirent.
2154 2117 2328 2184 Sunt
2382 2125 2600 2183 autem

651 2204 734 2269 de
793 2205 1081 2270 ecclesiis
1097 2206 1154 2286 ⁶)
1212 2203 1546 2287 permulta
1610 2201 2022 2289 μωστηκώτερα
2042 2205 2096 2290 ⁷)
2154 2225 2322 2287 quac
2390 2204 2599 2268 literis

651 2291 972 2357 committi
1015 2298 1366 2374 nequeunt.
1444 2289 1676 2371 Itaque
1719 2290 1778 2355 si
1820 2290 1947 2356 huc
1992 2297 2060 2355 te
2101 2291 2449 2367 conferrere,
2504 2290 2601 2354 fa-

652 2396 834 2442 ceres
877 2396 1112 2458 operae
1153 2376 1453 2460 pretium.
1544 2375 1796 2440 Verum
1837 2375 1995 2440 cito:
2062 2376 2215 2458 quia
2258 2396 2436 2441 nunc
2480 2374 2599 2439 ha-

650 2461 775 2527 beo
819 2460 1139 2544 quaedam
1180 2461 1254 2524 in
1297 2460 1597 2526 manibus
1645 2481 1809 2543 quae
1859 2460 2041 2526 brevi
2098 2460 2430 2526 remittere
2485 2482 2599 2524 ne-

652 2568 796 2612 esse
841 2545 983 2612 erit.
1001 2547 1058 2624 8)
1146 2546 1250 2610 Ea
1293 2546 1480 2628 cupio
1524 2545 1645 2612 tibi
1678 2546 2170 2611 communicata.
2236 2546 2328 2611 Et
2368 2554 2446 2609 tu
2484 2567 2598 2629 ag-

651 2652 881 2697 nosces
925 2653 1054 2695 non
1098 2631 1346 2696 frustra
1386 2630 1455 2696 id
1499 2651 1604 2695 me
1647 2630 1944 2714 cupiisse.
2008 2631 2197 2709 Vale,
2242 2631 2336 2696 mi
2377 2631 2598 2704 frater,

650 2737 787 2783 una
829 2739 976 2784 cum
1021 2723 1161 2780 tota
1193 2715 1459 2795 familia,
1503 2716 1608 2781 cui
1644 2716 1995 2799 plurimam
2031 2717 2309 2782 salutem
2353 2738 2499 2782 meo
2534 2724 2602 2782 et

651 2803 879 2867 uxoris
937 2822 1121 2867 meae
1174 2801 1442 2866 nomine
1496 2801 1688 2866 dices.
1791 2803 2061 2867 Fratres
2117 2803 2318 2867 etiam
2373 2823 2601 2868 omnes

652 2889 866 2953 saluta
908 2887 1273 2971 diligenter.
1365 2886 1678 2952 Genevae
1723 2891 1821 2951 20.
1869 2888 2232 2954 Februarii.
2254 2887 2310 2974 9)

1553 3399 1703 3469 879.

1180 3534 1652 3603 CALVINUS
1691 3533 2063 3601 VIRE'I'O.

643 3791 716 3856 ἀ.
819 3704 1354 3856 Pguoceasionem
1375 3708 1609 3788 pauci-s·
1632 3726 1775 3771 eum
1805 3706 2041 3771 salutat
2073 3711 2129 3772 et
2160 3726 2384 3772 numos
2409 3705 2597 3772 Glau-

692 3812 750 3856 w
790 3811 857 3855 m
982 3839 994 3853 .

642 3961 920 4082 {Quinque
954 3960 1188 4015 vidimus
1221 3962 1382 4043 huius
1415 3979 1446 4016 e
1486 3962 1654 4016 istolii
1678 3978 1834 4016 exem
1873 3962 2035 4015 laria:
2073 3963 2284 4015 autoris
2303 3962 2436 4044 Cod.
2461 3962 2594 4016 Gen.

675 4027 1407 4165 Ἦιῖοὲὸιῗῗώἶέἶῗὲὲῗῗο
1441 4031 1583 4169 lffii.
1608 4029 1742 4154 133,
1777 4031 1884 4153 {io
1917 4028 1992 4152 ἔτι
2010 4030 2592 4168 Βῖἱίιιῖι-ῗῗὲἷῗιεὲῗὰ

837 4333 911 4415 ⁰3)
957 4333 1097 4389 Urbs
1143 4336 1275 4391 haee
1319 4337 1470 4390 omni
1481 4406 1491 4416 ⁸
1513 4351 1580 4389 ex
1623 4341 1786 4403 parte
1820 4335 2021 4390 ditioni
2055 4336 2423 4391 Helvetiorum
2457 4338 2593 4406 fini·

641 4406 778 4485 tegna
823 4419 943 4483 mo·
966 4406 1214 4470 confinis,
1250 4410 1728 4485 appropinquante
1763 4403 1997 4485 Caesare
2041 4407 2103 4458 in
2147 4420 2353 4460 summo
2397 4407 2592 4461 diocri-

639 4488 788 4595 321⁶.
815 4477 1002 4605 w
1036 4479 1157 4527 erat
1189 4479 1243 4528 et
1275 4474 1392 4541 ipsi
1433 4472 1755 4528 struem-see
1788 4474 2593 4543 mbitimebm.(1²estalom',

846 4608 908 4675 4)
944 4607 1066 4663 Imo
1099 4623 1292 4664 revera
1325 4609 1444 4663 lae.
1487 4607 1763 4663 sturmius
1795 4615 1845 4663 et
1882 4609 2337 4692 Masta-Psamer
2382 4610 2592 4692 Ulmam

638 4676 719 4731 ad
758 4674 1044 4731 Gaesarem
1079 4691 1135 4730 se
1168 4677 1509 4732 contulerant
1542 4677 1609 4731 de
1640 4694 1774 4744 paee
1807 4684 2111 4733 tractatore.
2193 4677 2302 4747 Qut
2335 4686 2476 4734 eane
2509 4682 2591 4735 be-

638 4747 808 4814 nique
839 4746 1050 4814 excepti
1081 4752 1212 4799 eunt
1242 4748 1376 4816 quia
1415 4745 1751 4802 Flraneiseue
1782 4762 1882 4801 rex
1911 4748 2078 4801 misso
2192 4755 2285 4802 ato
2316 4748 2592 4803 Mendoza

639 4814 1194 4941 Δνςοηιὲἷαῂίοῖιεὸἰξῖῗ
1228 4815 1498 4869 auxilium
1532 4830 1692 4869 suum
1723 4817 2052 4884 promiserat
2097 4820 2116 4883 (
2227 4817 2290 4870 a.
2324 4818 2396 4870 11.
2437 4815 2585 4883 580).

843 4948 905 5018 6)
947 4949 1230 5005 Fortassis
1265 4950 1464 5006 alludit
1495 4950 1573 5004 ad
1608 4951 1912 5006 Beruenses
1925 4951 2375 5022 Ztoinqlianismo
2408 4952 2590 5009 indies

695 5019 890 5100 ηιξκιε
925 5020 1176 5081 faventes
1231 5027 1282 5073 et
1333 5020 1657 5088 qallieorum
1702 5022 2073 5075 ministrorum
2124 5021 2253 5076 inde
2303 5025 2588 5078 nascentia

866 5103 967 5141 ma

844 5153 906 5291 3
944 5156 1037 5208 eie.

1008 5263 1022 5277 .
1057 5222 1135 5279 N.
1170 5222 1290 5278 880.

842 5291 904 5358 9)
999 5294 1202 5347 arella-s
1234 5293 1351 5362 ipse
1385 5292 1685 5362 adscripsit
1715 5310 1935 5347 annum.
1978 5293 2128 5347 1547.

2190 388 2718 458 EPIS'DOLAB
2762 393 2845 455 87
2849 394 3108 456 8-880
4507 399 4602 461 480

2698 578 2920 645 Fideli
2961 577 3214 645 Christi
3274 599 3464 645 servo
3505 577 3593 644 D.
3637 579 3838 645 Petro
3880 578 4115 645 Vireto
4159 579 4607 650 Lausannensis

2872 663 3182 731 ecclesiae
3224 665 3474 749 pastori
3516 671 3585 729 et
3634 666 3842 732 amico
3885 664 4398 817 affigasulffnnao.

2741 974 2753 987 ⁸
2874 884 2943 952 S.
3007 886 3093 952 In
3132 887 3502 986 praesentia
3544 886 3715 951 nihil
3758 893 3862 951 est
3903 886 4077 987 quod
4119 887 4419 987 scribam.
4476 888 4613 954 Nam

2703 972 2967 1123 {3322
3000 971 4617 1142 ⁰33131¹1²3¹¹Z⁴⁶102310²⁸¹3⁸ffl”⁰30‘2221⁸333&ssssss

2702 1163 2810 1208 me
2874 1164 3016 1209 esse
3070 1164 3231 1226 quos
3274 1143 3371 1207 illi
3429 1143 3714 1222 Benacus
3767 1144 4030 1227 quidam
4078 1145 4268 1210 Picto
4327 1144 4616 1211 attulerat.

2702 1229 2836 1294 Eos
2878 1249 3053 1293 nunc
3094 1231 3285 1293 mitto
3328 1249 3444 1310 per
3487 1229 3800 1295 Rosetum.
3888 1229 4076 1294 Vale.
4165 1230 4489 1295 Dominus
4523 1232 4621 1296 tibi

2704 1314 2875 1380 adsit
2930 1335 3005 1379 ac
3059 1324 3212 1380 tuae
3269 1314 3572 1380 familiae.
3674 1312 3913 1380 Saluta
3966 1336 4242 1380 uxorem
4298 1327 4367 1380 et
4430 1336 4620 1381 omnes

2703 1401 2962 1467 amicos.
3054 1404 3154 1465 25.
3200 1399 3394 1466 Febr.
3420 1403 3470 1478 ¹)

3626 1484 3906 1552 Ioannes
3951 1486 4274 1552 Calvinus
4319 1500 4487 1551 tuus.

3600 1994 3759 2064 88⁰.

3105 2127 3569 2198 CALVINUS
3612 2132 4250 2203 BULLINGERO.

2881 2301 3259 2368 Sententiam
3300 2323 3483 2367 suam
3518 2304 3577 2368 ei
3619 2305 3826 2384 aperit
3857 2305 3933 2370 de
3973 2304 4131 2372 libro
4173 2310 4451 2389 quodam
4483 2329 4641 2391 qum

2703 2389 2812 2455 ille
2840 2389 2965 2456 sibi
3004 2410 3206 2470 nuper
3237 2389 3730 2454 examinandum
3762 2391 4129 2467 tradiderat,
4173 2400 4229 2460 et
4260 2395 4519 2479 sinyula
4549 2415 4635 2459 aa·

2703 2476 2787 2542 tis
2829 2480 3049 2559 aryute
3084 2475 3482 2557 persequitur
3522 2495 3713 2556 neque
3755 2475 3962 2541 ubivis
4002 2480 4299 2546 suaviter.

2706 2646 3127 2768 (Autographon
3163 2651 3343 2698 exstat
3376 2644 3433 2697 in
3470 2644 3602 2697 bibl.
3639 2645 3809 2698 civica
3846 2645 4124 2727 'IJuricensi
4154 2650 4320 2730 ,MSS
4358 2649 4515 2732 1³⁸..ae
4531 2650 4641 2703 olim

2705 2716 2844 2784 ³⁹¹³·
2926 2712 3136 2836 ‘4⁵58'
3149 2712 3287 2835 3133·
3313 2713 4325 2851 oesszssffgfssoefflgssffisssffffiffi
4365 2720 4567 2773 ’ΜΨ
4588 2719 4637 2771 ¹³·

2874 2971 3140 3036 Eximio
3182 2972 3329 3038 viro
3373 2972 3455 3038 D.
3495 2971 3835 3038 Henricho
3870 2972 4259 3058 Bullingero
4297 2976 4642 3061 'Digni-inae

2706 3056 3307 3210 ggclsgejffiipmatstori
3352 3057 3859 3143 vigilantissimo
3902 3060 4091 3125 fratri
4135 3069 4203 3127 et
4247 3071 4643 3148 symmystae

2705 3297 2940 3363 Gratia
2981 3296 3100 3363 tibi
3143 3310 3209 3361 et
3251 3318 3382 3380 pax
3440 3318 3480 3362 a
3536 3300 3679 3364 Deo
3737 3309 3924 3383 patre
3978 3310 4204 3367 nostro
4247 3311 4318 3368 et
4370 3302 4643 3369 Domino

2735 3382 2892 3448 Iesu
2929 3382 3210 3460 Christo,
3256 3384 3462 3449 frater
3493 3385 3564 3449 in
3599 3383 3886 3450 Domino
3930 3387 4290 3469 plurimum
4334 3390 4614 3455 colende.

2873 3521 3152 3586 Librum
3197 3531 3385 3584 tuum
3412 3524 3461 3597 ¹)
3528 3521 3731 3586 simul
3785 3532 3979 3605 atque
4033 3522 4303 3590 domum
4361 3548 4513 3593 snm
4554 3546 4642 3590 re-

2702 3626 2934 3672 versus
2991 3606 3140 3688 legi.
3241 3603 3597 3671 Silentium
3661 3606 3835 3690 quod
3904 3628 3945 3672 a
4006 3630 4116 3674 me
4166 3611 4529 3694 stipulatus
4582 3633 4643 3677 cs

2702 3690 2870 3755 bona
2902 3691 3034 3755 fide
3067 3690 3413 3773 praestabo
3446 3712 3651 3774 usque
3682 3692 3769 3757 ad
3811 3704 4201 3761 extremum.
4268 3696 4374 3763 Ne
4410 3697 4640 3764 dubita.

2699 3775 3027 3841 Iudicium
3091 3776 3261 3858 quod
3325 3776 3435 3841 hic
3495 3778 3836 3867 subiiciam
3895 3780 4086 3862 cupio
4137 3782 4261 3848 tibi
4304 3785 4646 3865 probatum

2697 3861 2800 3926 iri.
2866 3860 3194 3945 Cuperem
3238 3863 3413 3927 enim
3456 3863 3699 3928 mirum
3739 3865 3811 3929 in
3855 3866 4120 3931 modum
4158 3867 4515 3951 aliquando
4546 3892 4642 3954 pe-

2698 3949 2879 4012 nitus
2941 3949 3117 4011 inter
3180 3968 3305 4012 nos
3367 3949 3739 4015 convenire.
3847 3948 3975 4016 Sin
4032 3953 4253 4019 minus
4267 4004 4283 4032 ,
4350 3977 4514 4040 rogo
4580 3966 4645 4020 nt

2698 4053 2916 4098 meam
2951 4032 3322 4098 libertatem
3372 4033 3526 4098 boni
3570 4036 3891 4114 consulas,
3952 4037 4010 4101 si
4055 4038 4178 4105 hoc
4218 4040 4509 4106 facerem
4553 4043 4641 4105 in-

2697 4119 2881 4184 iussu
2926 4127 3057 4183 tuo.
3147 4117 3320 4198 Quia
3361 4128 3583 4185 tamen
3626 4142 3759 4185 non
3798 4120 4027 4187 dubito
4061 4126 4218 4206 quin
4262 4147 4642 4208 persuasum

2696 4204 2941 4269 habeas
2975 4224 3083 4269 me
3118 4203 3232 4268 tibi
3270 4205 3555 4271 amicum
3592 4226 3750 4283 esse,
3795 4218 3945 4273 tuae
3980 4209 4417 4278 humanitatis
4464 4214 4638 4287 foret,

2695 4290 2766 4353 in
2831 4289 3068 4354 bonam
3124 4300 3378 4372 partem
3433 4292 3723 4375 accipere
3787 4293 3959 4377 quod
4017 4316 4058 4360 a
4113 4297 4369 4363 sincero
4428 4299 4641 4365 animo

2694 4375 3059 4457 profectum
3103 4375 3321 4441 scires.
3411 4376 3605 4442 Nunc
3648 4398 3806 4442 vero
3822 4429 3838 4455 ‚
3893 4402 4096 4462 quum
4154 4383 4286 4448 huc
4341 4405 4479 4449 non
4523 4384 4639 4449 alio

2693 4480 2892 4542 quam
2936 4461 3054 4525 tibi
3097 4460 3491 4544 obsequendi
3533 4462 3748 4529 studio
3790 4463 4110 4532 adductus
4151 4468 4388 4535 fuerim
4404 4521 4425 4549 ,
4493 4490 4640 4537 con-

2692 4544 2823 4612 fido
2864 4566 3086 4610 meum
3142 4546 3428 4613 officium
3484 4548 3605 4614 tibi
3656 4551 3874 4632 potius
3929 4561 4194 4637 gratum
4251 4555 4388 4621 fore
4448 4575 4637 4641 quam

2726 4816 2867 4873 8¹79.
2903 4816 2963 4884 1)
3001 4819 3095 4873 Ea:
3138 4818 3419 4874 Tur-retitui
3460 4823 3770 4877 coniectura
3815 4841 3928 4880 nou
3972 4827 4323 4894 improbabili
4353 4828 4419 4882 de
4454 4828 4631 4883 maen

2689 4886 2784 4941 alo
2818 4887 3009 4939 itinere
3040 4888 3281 4970 loquitur
3315 4904 3382 4942 ex
3415 4906 3522 4959 quo
3553 4893 3881 4958 praecedens
3896 4894 4143 4948 reducem
4177 4897 4410 4951 sistebat.
4478 4896 4635 4951 Olau-

2690 4955 2820 5036 diue
2844 4955 3074 5034 Roeetao
3089 4971 3329 5025 αρχιγρα
3483 4955 3573 5016 nic
3602 4962 3947 5028 reipublicae.
4025 4961 4292 5032 Quianam
4323 4981 4450 5020 vero
4479 4967 4633 5034 prior

2689 5029 2793 5105 tete
2829 5022 3111 5091 Claudum,
3147 5029 3271 5095 quie
3462 5033 3552 5082 tus
3581 5030 3769 5095 fuerit,
3805 5037 3854 5085 et
3891 5048 3968 5086 an
3986 5031 4144 5088 Picto
4174 5034 4504 5101 genuum
4532 5048 4631 5103 pro

2694 5092 3042 5157 Ptetaviemi,
3077 5110 3179 5146 nos
3212 5097 3417 5149 nescire
3445 5096 3756 5161 fatebimur.
4476 5120 4489 5135 ¹

2723 5159 2867 5214 880.
2908 5158 2964 5227 1)
3010 5159 3219 5215 Titulus
3251 5163 3387 5227 fuit:
3434 5166 3707 5220 Absoluta
3750 5171 3817 5221 de
3853 5166 4059 5222 Christi
4094 5168 4312 5226 Domini
4360 5177 4414 5225 ct
4449 5172 4627 5225 camo·

2686 5229 2826 5353 ¹1¹3&
2861 5230 3265 5351 eiuqucclesiac
3300 5236 3653 5289 sacramentis
3686 5238 3957 5292 tractatio.
4006 5236 4157 5295 1546.
4195 5239 4242 5294 8.
4320 5240 4394 5307 Cf.
4434 5238 4628 5296 Penat-

4774 3318 4775 3339 1

4770 3344 4777 3413 ι’

4756 3424 4783 3803 1
