4825 6175
210 445 325 510 713

207 654 412 701 meam
455 641 758 700 accersat.
775 635 834 714 ⁵)
920 633 1192 700 Fratres
1233 653 1489 734 quoque
1531 633 1663 699 mei
1705 633 1890 700 vobis
1933 634 2145 699 omni-

205 721 320 786 bus
361 719 636 785 salutem
681 718 923 785 dieunt.
1016 725 1072 785 9.
1119 719 1316 785 Iunu.
1334 722 1386 795 ⁶)

1113 857 1394 924 Ioannes
1437 856 1757 923 Calvinus
1800 867 1969 922 tuus.

1075 1283 1265 1354 1⁰3⁰.

723 1436 1128 1506 VIRETUS
1173 1438 1608 1508 CALVINO.

277 1674 281 1684 ,
366 1608 768 1677 ΑΜενοενίο
806 1610 931 1677 sibi
964 1611 1257 1693 epistolas
1293 1612 1603 1693 quasdam
1634 1611 1961 1693 subreptas
2001 1633 2142 1695 que-

203 1694 376 1772 ritur,
421 1697 483 1760 si
525 1696 778 1777 quidem
809 1695 917 1763 ille
950 1718 1102 1762 vera
1135 1698 1320 1776 dicat,
1364 1697 1594 1781 quibus
1626 1697 1895 1781 vulqatis
1929 1698 2142 1781 ipsum

202 1781 363 1862 apud
392 1782 723 1864 principes
754 1783 1027 1864 pessime
1068 1782 1442 1849 auditurum
1481 1784 1792 1850 minatum:

497 1952 611 2007 hon
652 1960 831 2007 exstat
875 1953 934 2007 in
969 1951 1102 2009 Ood.
1136 1952 1339 2009 Genev.
1374 1953 1528 2008 111⁸,
1563 1955 1654 2011 sol.
1691 1953 1774 2010 78.
1847 1956 2144 2011 Praeterea

1182 2023 1370 2158 61733111.
1420 2023 1543 2078 VII.
1592 2043 1644 2094 p.
1679 2023 1785 2079 883
1829 2034 1886 2082 et
1921 2025 2139 2080 simleri

203 1954 363 2074 ξἰῗιῖω
393 2020 477 2073 od.
533 2020 659 2090 116,
703 2022 794 2077 fol.
837 2019 966 2089 101,
1015 2022 1159 2145 {mla

1079 2108 1148 2145 0.

358 2243 779 2319 Fidelissimo
822 2244 1075 2311 Christi
1119 2265 1316 2311 servo
1359 2245 1594 2312 Ioanni
1636 2246 1913 2315 Oalvino
2008 2301 2019 2311 .

1630 2333 1963 2403 Genevae.

360 2465 428 2534 S.
522 2467 789 2534 Literas
835 2488 1013 2534 meas
1057 2468 1178 2533 tibi
1234 2468 1522 2537 redditas
1619 2482 1732 2537 uto
1787 2476 1861 2538 in
1903 2473 2138 2557 quibus

198 2573 403 2651 narro·
423 2553 772 2619 historiam
818 2554 1029 2620 nostri
1075 2554 1397 2622 Ludwioi.
1428 2558 1480 2636 ¹)
1567 2492 1646 2624 gi
1690 2578 1802 2624 eas
1844 2559 2139 2646 perlege-

197 2660 278 2704 ns
319 2659 558 2739 miram
613 2639 839 2707 vidisti
896 2639 1183 2740 hominis
1235 2640 1715 2743 impudentiam
1765 2654 1834 2709 et
1850 2731 1864 2744 ⁶
1888 2644 2142 2729 ingenii

194 2732 739 2908 ςέἔξηέἒξῗω
754 2734 857 2877 eet
889 2726 1454 2877 pgfflffllassffiogo
1458 2727 1719 2880 {1133}
1783 2728 2140 2882 ai’lgstgiffig

199 2915 326 3045 {illus
365 2896 494 3048 {Elei
536 2917 685 2997 ‘quo
730 2898 828 2965 ita
869 2896 1320 2981 deprehensus
1376 2907 1447 2963 et
1486 2901 1834 3002 convictus·
1869 2922 1909 2966 a
1952 2903 2139 2969 nobis

199 2982 674 3221 ...1430322200012
667 2993 1872 3173 aerummis&
1894 2986 2139 3174 3023

196 3160 505 3324 332112'222„
522 3162 860 3307 ⁰3..ssssss
894 3178 1112 3310 <12¹5ss
1135 3156 2138 3328 fii’ffiffipffiffieussfflffla

196 3324 526 3411 colligebat
594 3327 721 3393 sibi
775 3328 919 3394 iure
973 3348 1116 3394 esse
1175 3350 1216 3393 a
1272 3349 1378 3394 me
1445 3330 1873 3396 metuendum
1887 3384 1905 3411 ,
1959 3334 2137 3399 futu-

193 3432 452 3495 rumque
486 3419 568 3479 ut
602 3413 727 3479 sibi
762 3414 1010 3479 nullam
1047 3413 1468 3481 concederem
1504 3416 1810 3499 quietem.
1879 3419 2135 3485 Verum

193 3505 260 3560 ut
297 3518 401 3563 me
444 3498 781 3567 cohiberet
823 3501 904 3567 ab
964 3502 1092 3566 ista
1141 3499 1468 3567 vindictae
1523 3502 1884 3585 cupiditate
1899 3552 1915 3580 ‚
1974 3504 2137 3571 adii-

194 3582 393 3650 ciebat
443 3586 661 3651 minas
715 3585 950 3669 quibus
1015 3607 1120 3652 me
1173 3595 1479 3666 terreret,
1550 3608 1697 3654 eam
1755 3589 2000 3657 seilicet
2057 3590 2140 3657 ob

195 3689 444 3736 causam
485 3678 565 3736 ut
607 3691 686 3736 ea
727 3671 898 3736 mihi
932 3692 972 3736 a
1006 3672 1276 3738 diacono
1309 3673 1730 3740 referrentur.
1822 3676 1923 3742 Eo
1958 3679 2136 3743 enim

194 3757 515 3837 spectabat
558 3757 698 3823 eius
743 3759 970 3823 oratio.
1057 3758 1288 3842 Neque
1330 3758 1396 3824 id
1444 3759 1921 3828 dissimulabat.
2009 3766 2138 3828 As-

195 3843 437 3909 serebat
473 3853 701 3909 autem
742 3843 968 3908 literas
1003 3843 1245 3909 habere
1264 3847 1320 3924 ⁸)
1373 3845 1549 3927 apud
1593 3867 1664 3911 se
1681 3896 1698 3925 ,
1757 3857 1901 3911 tum
1957 3869 2137 3915 meas

195 3927 271 3993 ad
290 3931 548 4008 amicos,
594 3938 737 3994 tum
765 3930 1122 3995 amicorum
1167 3929 1250 3995 ad
1293 3951 1419 4009 me,
1462 3931 1534 3995 in
1570 3932 1809 4014 quibus
1844 3954 1931 3999 ne
1963 3936 2142 4017 prin-

193 4014 246 4112 ci
289 4015 428 4114 ibus
446 4018 505 4095 4)
550 4014 812 4114 quidem
858 4025 1263 4114 parceretur:
1308 4016 1546 4099 quibus
1582 4039 1653 4083 se
1687 4018 1988 4098 iactabat,
2033 4041 2138 4085 me

194 4117 245 4164 si
287 4122 309 4163 1
372 4121 515 4167 esse
583 4100 1058 4166 obsti-ictiorem
1123 4122 1323 4184 quam
1387 4125 1459 4169 se
1514 4103 1678 4168 mihi
1693 4155 1710 4183 ,
1775 4105 2139 4189 quibusque

193 4183 330 4267 plus
370 4187 537 4287 mihi
580 4207 776 4284 quam
819 4208 927 4253 me
969 4186 1092 4252 sibi
1130 4187 1772 4278 incommodaturum
1815 4190 2137 4276 gloriaba-

195 4278 312 4348 tur,
355 4295 410 4338 si
454 4293 592 4337 non
635 4280 895 4354 quletus
949 4294 1286 4340 manerem
1329 4281 1399 4340 et
1440 4298 1593 4342 eum
1647 4298 1989 4361 pergerem
2032 4279 2138 4344 in-

196 4359 435 4439 sectari.
504 4357 730 4442 Rogat
772 4356 1103 4440 diaconus,
1137 4359 1315 4426 unde
1330 4361 1388 4436 ⁵)
1433 4363 1556 4428 has
1589 4362 1819 4428 literas
1859 4373 2139 4430 venatus

389 4542 452 4609 5)
502 4544 638 4600 Vide
672 4544 828 4611 infra
862 4543 940 4601 N.
981 4545 1115 4601 1030
1147 4554 1200 4604 et
1235 4548 1383 4603 1041.

261 4678 272 4690 ·
387 4611 443 4676 6)
478 4614 707 4668 Annum
739 4621 958 4683 praeter
989 4616 1108 4671 alia
1141 4619 1287 4673 sn‘stit
1311 4620 1510 4674 mentio
1540 4621 1913 4687 parturientis
1945 4623 2139 4677 uxores

208 4677 368 4735 γυναι·
397 4688 451 4736 et
484 4682 635 4737 loeus
667 4683 730 4736 in
770 4681 899 4738 God.
937 4687 1290 4755 autoyrapho.

196 4745 451 4831 198031)
492 4750 638 4805 Ima.
679 4752 944 4818 Μιναίαν,
997 4754 1064 4808 dc
1108 4770 1216 4824 quo
1260 4758 1372 4810 iam
1419 4754 1494 4811 N.
1530 4754 1635 4811 905
1680 4762 1733 4812 et
1775 4756 1895 4810 907.
1970 4758 2139 4828 Ipsae

201 4815 860 4952 {gmffusfflmm
908 4820 997 4877 hic
1041 4825 1241 4879 mentio
1283 4825 1348 4892 fit
1391 4840 1502 4880 non
1547 4830 1778 4880 exuant
1852 4824 1935 4893 Of.
1973 4829 2137 4883 stiam

188 4900 210 4937 ι
300 4903 338 4941 a
435 4928 446 4940 .
624 4929 637 4943 .

329 4955 654 5036 ‘emeca
814 4960 1012 5029 apto-0.
1097 4957 1312 5016 caetero·
1361 4947 1612 5019 cacum
1732 4965 1950 5033 mm,
2011 4981 2139 5023 vose

196 5036 424 5146 m
444 5028 665 5083 omissa.
789 5029 959 5085 &etus
993 5031 1112 5085 sine
1144 5028 1309 5085 dubio
1342 5032 1575 5087 scribere
1607 5048 1641 5087 v
1794 5039 1842 5089 τ.-
1878 5040 2137 5106 appeten-

393 5131 451 5228 3‘)
492 5161 571 5219 Ν.
608 5163 744 5217 1041
780 5171 832 5220 et
865 5166 1150 5221 Eundem
1179 5183 1240 5236 p.
1276 5164 1382 5220 229
1414 5183 1520 5239 ως.

388 5230 454 5297 4)
491 5231 868 5288 Bermswus

395 5298 458 5366 5)
495 5299 620 5357 Hoc
663 5317 775 5360 voc.
832 5276 1014 5359 „im
1069 5304 1320 5360 aima
1370 5306 1634 5374 seriptum
1693 5310 1754 5363 s·
1801 5309 2140 5380 apoqrapm

201 5368 441 5423 omnam
476 5373 728 5426 omasum
765 5379 859 5441 est,
891 5374 1077 5429 relicto
1110 5388 1285 5429 vacuo
1318 5375 1518 5443 εραεὲο.

2008 448 2168 509 1548
2213 443 2396 511 IUN.

4068 448 4190 509 714

2249 632 2384 697 sit?
2473 631 2842 717 Respondit
2895 651 2978 696 ex
3036 633 3198 698 meis
3256 630 3553 712 aedibus,
3613 653 3815 716 quum
3871 631 4044 716 apud
4087 651 4194 700 me

2247 725 2490 802 ageret.
2559 717 2785 800 Quum
2820 716 3132 784 diaeonus
3167 724 3472 800 argueret
3506 717 3790 783 hominis
3831 716 4191 800 perfidiam,

2246 803 2584 887 respondit
2638 824 2709 869 se
2761 805 2834 868 in
2903 825 3012 869 eas
3068 803 3374 870 incidisse
3434 824 3637 886 quum
3705 802 3872 868 forte
3937 824 4195 887 sparsas

2249 888 2423 955 domi
2468 891 2829 955 invenisset
2878 899 2945 954 et
2998 888 3357 974 neglectas,
3415 895 3528 955 aut
3583 889 3653 954 in
3713 890 3773 954 f.
3804 938 3816 951 .
3842 890 3954 966 cis,
3975 892 4033 969 ⁶)
4079 901 4222 955 aut⁴

2248 974 2465 1058 aliquo
2520 975 2747 1041 domus
2808 975 3064 1060 angulo.
3167 973 3388 1056 Quum
3445 996 3673 1040 rursus
3727 973 4038 1041 diaconus
4084 998 4193 1041 ur-

2249 1068 2454 1146 geret,
2501 1060 2627 1126 hoc
2669 1083 2920 1145 quoque
2975 1081 3174 1145 grave
3235 1082 3376 1126 esse
3433 1062 3684 1126 facinus
3743 1069 3810 1126 et
3864 1061 4194 1145 insignem

2246 1147 2609 1232 perfidiam,
2655 1148 2830 1230 quod
2874 1148 3002 1212 iam
3042 1146 3204 1211 mihi
3239 1146 3400 1212 hero
3442 1167 3563 1212 suo
3605 1154 3669 1211 et
3701 1146 3957 1211 homini
3996 1148 4195 1212 bene·
4295 1217 4325 1234 ,-

2243 1234 2365 1299 fico
2400 1242 2536 1298 tam
2569 1232 2766 1316 longo
2801 1243 3094 1316 tempore
3116 1232 3469 1298 struxisset
3500 1229 3790 1311 insidias,
3830 1232 4189 1316 respondit,

2247 1339 2318 1384 se
2361 1339 2497 1384 non
2539 1338 2908 1386 asservasse
2950 1319 3023 1383 in
3068 1338 3218 1382 eum
3262 1338 3488 1397 usum,
3547 1317 3659 1382 sed
3705 1328 3781 1383 ut
3825 1316 4195 1403 elegantius

2245 1404 2517 1489 pingere
2565 1404 2858 1481 disceret,
2900 1401 3071 1487 quod
3116 1413 3335 1469 essent
3376 1405 3448 1468 in
3483 1405 3565 1469 iis
3607 1404 3818 1470 literis
3861 1401 4195 1470 interdum

2242 1489 2562 1574 quaedam
2600 1511 2765 1573 quae
2808 1492 3069 1558 iuvaret
3110 1489 3374 1554 imitari.

2420 1575 2658 1641 Nonne
2701 1576 2863 1641 haec
2921 1582 3075 1641 sunt
3127 1573 3459 1640 horrenda
3502 1574 3771 1640 auditu?
3864 1574 4030 1656 Quis
4070 1598 4194 1641 un-

2242 1681 2441 1746 quam
2481 1661 2643 1727 haee
2686 1662 2794 1727 vel
2851 1681 2891 1724 a
2947 1659 3378 1744 perfidissimo
3438 1659 3765 1726 nebulone
3809 1683 4010 1745 eoque
4054 1684 4194 1729 om-

2242 1747 2426 1813 nium
2473 1744 2992 1831 deploratissimo
3034 1746 3515 1829 exspectasset?
3579 1746 3730 1813 Non
3775 1745 4001 1813 dubito
4034 1748 4197 1832 quin

2243 1833 2635 1899 mentiatur:
2707 1853 2864 1897 nam
2922 1830 3002 1897 de
3057 1831 3460 1917 principibus
3526 1853 3738 1916 neque
3791 1853 3913 1918 ego
3978 1854 4191 1917 neque

2243 1920 2436 1985 amici
2473 1918 2820 1985 scribimus
2854 1927 2994 1985 tam
3035 1920 3397 2001 procaciter
3430 1927 3498 1982 et
3531 1917 4033 1999 inconsiderate,
4069 1920 4196 1985 nisi

2239 2005 2412 2071 forte
2469 2003 2626 2071 dum
2684 2003 2765 2070 de
2821 2011 3004 2070 statu
3072 2003 3384 2070 ecclesiae
3454 2003 3790 2070 interdum
3846 2003 4191 2072 scribimus

2239 2089 2511 2156 liberius
2555 2098 2624 2155 et
2663 2089 3070 2169 familiarius,
3113 2087 3229 2155 sed
3270 2090 3366 2154 ita
3408 2095 3484 2154 ut
3524 2111 3682 2156 suus
3716 2102 3977 2156 maneat-
4021 2091 4199 2175 prin-

2242 2175 2498 2260 cipibus
2543 2176 2764 2242 honos.
2854 2174 3107 2242 Saltem
3145 2177 3201 2239 si
3236 2175 3461 2242 literas
3504 2178 3574 2240 in
3619 2198 3810 2243 suum
3852 2198 4048 2243 usum
4089 2198 4194 2242 re-

2139 2326 2159 2344 ,
2242 2262 2536 2329 servavit
2590 2282 2869 2345 quarum
2912 2260 3323 2328 characteres
3379 2261 3768 2337 imitaretur,
3823 2270 3897 2327 tu
3945 2261 4070 2327 bac
4124 2264 4198 2329 in

2240 2356 2431 2432 parte
2486 2368 2557 2413 es
2614 2356 2806 2413 extra
2857 2367 3050 2412 omne
3091 2346 3459 2444 periculum
3502 2349 3911 2414 constitutus.
4002 2346 4195 2429 Quod

2241 2434 2299 2499 si
2354 2432 2512 2517 quid
2570 2433 2701 2499 tale
2757 2432 3047 2511 haberet,
3105 2454 3239 2498 non
3294 2432 3659 2499 distulisset
3712 2433 4032 2500 haetenus
4085 2455 4196 2500 eas

2241 2520 2535 2605 proferre
2553 2571 2570 2598 ‚
2641 2540 2842 2603 quum
2908 2527 3044 2583 tam
3103 2517 3352 2602 perfido
3407 2526 3474 2583 et
3532 2518 3758 2584 hostili
3816 2518 4067 2585 tamdiu
4128 2520 4198 2585 in

2243 2627 2348 2672 me
2391 2605 2592 2670 fuerit
2634 2605 2868 2670 animo.
2936 2603 3143 2670 Vides
3195 2626 3347 2671 eum
3394 2603 3629 2689 quibus
3686 2605 3957 2689 viperis,
4028 2606 4198 2688 aspi-

2245 2690 2437 2757 dibus
2504 2699 2571 2756 et
2640 2690 3082 2775 scorpionibus
3136 2689 3324 2756 nobis
3382 2693 3580 2757 etiam
3641 2689 3997 2757 domestica
4052 2713 4199 2757 con-

2243 2776 2520 2842 suetudo
2576 2777 2713 2841 fuit.
2815 2774 2891 2842 Si
2936 2774 3143 2842 voluit
3196 2775 3423 2842 literas
3467 2776 3813 2856 suffurari,
3871 2776 3938 2841 id
3997 2778 4057 2842 ei
4099 2776 4195 2842 fa-

2245 2862 2368 2929 cile
2425 2863 2577 2942 fuit,
2632 2883 2834 2946 quum
2893 2883 3041 2928 eum
3102 2882 3295 2945 saepe
3350 2863 3421 2926 in
3489 2884 3714 2929 museo
3785 2882 3931 2927 meo
3987 2862 4197 2928 solum

2242 2948 2363 3015 reli
2409 2950 2638 3014 uerim.
2730 2944 2866 3013 Sed
2907 2945 3236 3014 Dominus
3271 2967 3390 3014 nos
3432 2946 3736 3013 liberabit
3772 2948 3852 3013 ab
3898 2949 4199 3015 omnibus

2243 3053 2361 3119 per
2410 3032 2649 3100 ‘torum
2693 3031 2967 3102 insidiis.

2415 3120 2524 3186 Ex
2567 3140 2694 3204 quo
2738 3122 2832 3186 ita
2875 3142 2914 3185 a
2951 3142 3059 3185 me
3081 3120 3417 3187 convictus
3461 3128 3579 3200 est,
3626 3120 3827 3186 etiam
3854 3131 4198 3204 praesente

2246 3205 2440 3289 Ruffo
2459 3207 2516 3284 ⁷)
2560 3213 2786 3272 nostro
2827 3207 2941 3290 qui
2983 3227 3135 3272 eum
3171 3212 3396 3289 aperte
3432 3205 3747 3272 damnare
3781 3216 4042 3273 coactus
4078 3217 4196 3288 est,

2242 3292 2767 3377 frequentissime
2825 3313 2974 3358 cum
3029 3291 3144 3356 illo
3202 3292 3352 3357 fuit:
3413 3292 3810 3375 querebatur
3860 3300 4084 3358 tamen
4126 3314 4198 3359 se

2243 3378 2638 3445 destitutum
2683 3378 2860 3442 omni
2908 3376 3177 3443 oonsilio
3197 3429 3213 3456 ,
3278 3376 3538 3444 Comitis
3548 3381 3609 3455 8)
3672 3387 3896 3444 autem
3954 3378 4196 3445 adven·

2243 3473 2388 3531 tum
2433 3470 2812 3547 exspectare
2865 3484 2936 3528 se
2980 3462 3237 3529 dicebat
3251 3514 3268 3543 ,
3328 3463 3513 3530 cuius
3573 3471 3868 3530 uteretur
3908 3465 4197 3532 consilio.

2240 3549 2443 3616 Hinc
2465 3550 2785 3616 coniicere
2821 3549 2974 3616 licet
3015 3569 3145 3632 quo
3189 3547 3299 3615 ille
3343 3557 3576 3634 pergat
3629 3549 3793 3633 pede
3849 3550 3918 3615 in
3972 3559 4198 3635 coepto

2240 3636 2497 3702 itinere.
2589 3633 2875 3701 Oonsule
2919 3635 3085 3701 mihi
3122 3634 3280 3719 quid
3322 3656 3592 3703 rursum
3648 3657 3915 3702 censeas
3956 3636 4199 3704 facien-

2242 3721 2421 3787 dum.
2492 3719 2709 3801 Quam
2755 3721 3037 3805 optarim
3082 3719 3358 3786 duorum
3403 3721 3775 3787 testimonio
3821 3744 4008 3805 posse
4094 3744 4197 3789 ro·
4291 3757 4298 3764 ·

2241 3806 2384 3874 bari
2430 3806 2601 3889 quod
2644 3808 2915 3873 iactavit
2959 3805 3133 3890 apud
3178 3806 3544 3874 diaconum.
3636 3807 3807 3873 Nam
3851 3808 4035 3892 impu
4080 3830 4198 3874 en-

2241 3893 2499 3959 tissime
2543 3895 2763 3957 omnia
2806 3892 3073 3977 negabit
3115 3892 3172 3957 si
3215 3890 3382 3957 illud
3424 3893 3486 3957 ei
3526 3894 3841 3960 obiecero.

2413 3977 2812 4045 Franciscus
2841 3977 3158 4045 Paubinus
3192 3988 3259 4044 et
3281 3977 3679 4045 Guilielmus
3702 3978 4123 4062 Hubraquius
4139 3985 4196 4060 ⁹)

2242 4071 2399 4130 sunt
2439 4064 2716 4129 Bernae.
2784 4063 3145 4130 Solverunt
3186 4063 3340 4129 hinc
3385 4063 3711 4131 dominico
3757 4065 3878 4131 die.
3946 4065 4196 4132 Eorum

2243 4158 2701 4234 exspectamus
2780 4149 3141 4216 adventum
3219 4159 3286 4215 et
3362 4151 3779 4234 profectionis
3861 4161 4194 4218 eventum.

2244 4233 2558 4302 Salutant
2610 4248 2674 4301 te
2730 4237 2941 4302 nostri
3000 4257 3260 4315 omnes,
3320 4238 3707 4320 praesertim
3759 4258 3956 4316 uxor,
4026 4258 4191 4320 quae

2287 4320 2598 4388 raestabit
2639 4322 2811 4404 quod
2856 4342 3023 4387 uxor
3066 4329 3179 4387 tua
3221 4323 3511 4405 requirit,
3554 4323 3612 4388 si
3632 4322 3964 4389 Dominus
4008 4320 4197 4388 nobis

2241 4344 2668 4474 benedixerit.
2756 4407 2926 4472 Eam
2969 4429 3116 4472 mea
3170 4407 3488 4473 resalutat
3535 4423 3604 4475 ct
3657 4431 3727 4475 se
3771 4409 4004 4475 vestris
4048 4429 4196 4492 pre-

2242 4492 2426 4559 cibus
2469 4493 2885 4559 commendat
2929 4493 3263 4577 mittitque
3320 4496 3665 4577 pecuniam
3719 4515 3915 4578 quam
3970 4503 4195 4560 nostra

2244 4599 2443 4646 causa
2506 4578 2679 4662 apud
2745 4601 2811 4644 m
2861 4579 3120 4664 ropolas
3182 4579 3552 4664 insumpsit.
3672 4577 3905 4645 Saluta
3959 4579 4198 4645 fratres

2241 4686 2388 4730 meo
2431 4664 2715 4729 nomine.
2873 4666 2992 4731 ale.
3081 4665 3477 4732 Lausannae
3526 4666 3624 4730 13.
3671 4664 3850 4731 Iunii
3902 4670 4082 4730 1548.

3221 4804 3404 4867 'Puus
3446 4802 3689 4867 Petrus
3732 4801 4020 4867 Viretus.

2251 4952 2340 4960 —--—
2383 4953 2441 4957 --—
2460 4953 2471 4957 ο
2506 4952 2649 4958 -———

2448 5039 2508 5106 6)
2550 5041 2696 5095 Pars
2738 5040 2990 5097 vocabuli
3029 5046 3335 5096 atramento
3380 5047 3663 5110 coepes-ta,
3708 5041 3856 5110 quod
3899 5042 4022 5096 ideo
4065 5059 4195 5111 apo-

2238 5109 2458 5180 prapha
2490 5114 2661 5164 totum
2694 5111 3004 5164 omiserunt.

2450 5176 2510 5314 ἐξ
2545 5175 2859 5316 ffeaaelqlut
2891 5251 3001 5301 tum
3035 5246 3095 5298 in
3129 5245 3349 5327 thermis
3382 5243 3736 5302 Bada-meua
3769 5245 4003 5302 lavabat.
4157 5315 4169 5327 ⁶

2240 5397 2292 5436 v.
2326 5312 2892 5452 projgnaUmmgxl‘wK
2921 5384 3000 5439 od
3034 5319 3427 5454 Βκαῖιῧὲωωνω.
3484 5312 3574 5371 De
3607 5330 3636 5370 ε
3839 5317 3999 5373 rm
4030 5320 4195 5385 qam
