4825 6175
674 442 802 528 7'03

677 649 926 717 Farelli
986 650 1213 716 literae
1290 649 1410 715 tibi
1475 648 1769 715 redditae
1831 650 2118 729 fuerunt,
2185 650 2347 716 satis
2419 671 2503 715 ex
2545 650 2626 715 iis

676 736 1042 821 intelligere
1117 735 1386 818 potuisti
1451 736 1608 817 quid
1673 735 1910 801 habeat
1975 735 2244 801 consilii.
2348 733 2429 802 Si
2494 757 2627 801 non

675 842 1039 906 sperassem
1098 830 1163 887 te
1209 833 1580 897 venturum,
1625 822 2030 906 scripsissem
2075 821 2159 887 ad
2196 831 2261 887 te
2300 821 2500 887 latius
2543 820 2625 887 de

677 908 871 973 rebus
915 908 1156 972 nostris
1200 917 1266 972 et
1300 907 1482 972 exitu
1518 916 1778 973 nostrae
1813 908 2148 990 proximae
2183 908 2620 991 profectionis.

676 991 811 1059 Sed
835 1014 912 1058 ea
947 994 1168 1058 omnia
1203 1004 1360 1058 sunt
1388 992 1722 1067 eiusmodi,
1763 1006 1839 1057 ut
1875 993 2081 1059 tutius
2117 994 2387 1059 auribus
2426 1013 2622 1075 quam

674 1079 885 1144 literis
940 1079 1451 1145 committantur.
1543 1078 1772 1145 Scribe
1825 1078 2028 1160 igitur
2083 1078 2236 1164 quid
2293 1077 2621 1157 statueris,

659 1174 792 1247 ‚aut
849 1176 919 1229 tu
985 1166 1125 1248 ipse
1183 1165 1368 1229 fact-is
1414 1165 1686 1230 declara.
1776 1162 2022 1229 Omnia
2078 1165 2411 1231 committo
2469 1173 2621 1230 tuae

675 1250 1079 1335 prudentiae.
1182 1250 1407 1316 Nostri
1471 1261 1538 1314 te
1605 1270 1830 1314 omnes
1908 1270 2059 1315 cum
2126 1251 2259 1316 tuis
2320 1250 2622 1317 omnibus

676 1337 1144 1403 officiosissime
1211 1336 1523 1414 salutant,
1590 1338 1933 1419 praecipue
1994 1357 2154 1402 vero
2221 1358 2386 1402 uxor
2454 1356 2618 1414 mea,

720 1442 842 1487 uae
885 1430 1072 1487 tuam
1112 1443 1366 1505 quoque
1410 1420 1661 1487 salvere
1695 1422 1895 1487 iubet.
1985 1422 2234 1488 Beatus
2280 1421 2426 1488 Bar
2466 1442 2618 1506 pro-

674 1438 991 1574 gciscitur
1032 1507 1114 1572 ad
1161 1508 1438 1591 nuptias.
1469 1511 1518 1588 ι)
1586 1504 1760 1588 Quia
1802 1508 1900 1572 illi
1944 1521 2045 1573 est
2089 1509 2425 1593 negotium
2469 1527 2621 1572 cum

676 1593 1051 1658 hominibus
1121 1593 1293 1677 apud
1358 1613 1519 1677 quos
1577 1592 1933 1677 plurimum
2004 1594 2186 1659 vales
2252 1594 2617 1670 autoritate,

675 1688 932 1763 optaret
995 1699 1179 1744 suam
1245 1679 1404 1762 ipsis
1472 1679 1586 1744 abs
1652 1690 1715 1744 te
1790 1699 2054 1745 causam
2121 1679 2291 1746 dotis
2354 1680 2620 1745 nomine

675 1763 1136 1843 commendari,
1202 1767 1584 1849 praesertim
1651 1763 1825 1849 apud
1895 1765 2307 1832 Guilielmmn
2390 1765 2620 1830 biblio-

674 1850 988 1933 polam.‘²)
1055 1850 1187 1916 Sed
1224 1851 1378 1933 quia
1422 1871 1555 1916 non
1599 1859 1667 1914 te
1711 1851 1906 1915 audet
1948 1851 2385 1934 interpellare,
2423 1851 2621 1916 huius

675 1948 742 2000 te
788 1937 958 2001 volui
1018 1936 1358 2011 monitum,
1420 1944 1493 2000 ut
1545 1937 1600 2001 si
1645 1937 1798 2004 licet
1849 1956 1967 2019 per
2001 1938 2405 2003 occasionem
2454 1938 2623 2001 hanc

674 2036 816 2087 rem
872 2021 1285 2088 commendes
1336 2022 1687 2102 Gaui-ebrio,
1747 2023 1804 2087 si
1846 2021 2157 2089 iudicaris
2202 2021 2511 2107 expedire
2557 2031 2625 2086 et

673 2126 814 2171 rem
881 2108 1091 2174 facere
1158 2118 1223 2173 te
1291 2129 1424 2173 non
1495 2108 1855 2193 indignam.
1961 2107 2457 2175 Consulendum
2524 2114 2625 2174 est

673 2193 959 2260 hominis
1002 2195 1372 2259 infirmitati
1418 2194 1654 2276 quibus
1711 2194 1938 2261 licebit
1980 2193 2207 2260 modis.
2295 2193 2623 2260 Dominus

672 2279 862 2344 Iesus
903 2290 971 2345 te
1037 2301 1183 2347 cum
1248 2289 1361 2345 tua
1402 2301 1606 2345 uxore
1670 2288 1736 2344 et
1775 2279 2092 2346 fratribus
2148 2280 2454 2346 omnibus
2511 2278 2624 2344 diu

675 2374 890 2431 servet
970 2368 1154 2431 nobis
1231 2366 1642 2433 incolumem.
1769 2366 2075 2431 Arbitror
2151 2374 2218 2431 te
2298 2365 2622 2449 accepisse

673 2450 896 2516 literas
940 2470 1100 2535 quas
1143 2450 1226 2515 ad
1285 2461 1349 2516 te
1409 2452 1558 2515 misi
1600 2472 1719 2535 per
1764 2451 2344 2530 Boudichonum.⁸)
2436 2451 2617 2516 Vale.

675 2535 1073 2602 Lausannae
1126 2542 1218 2601 11.
1269 2538 1427 2601 Maii
1484 2543 1662 2602 1548.

1648 2675 1829 2741 Tuus
1873 2675 2116 2741 Petrus
2161 2675 2452 2742 Vix-etus.

1515 2970 1542 2975 ..j
1553 2969 1852 2977 ῌ-μῌ--Ἴ-

1562 3187 1757 3258 1⁰23.

1209 3325 1671 3392 CALVINUS
1717 3326 2090 3393 VIRETO.

851 3495 1264 3562 Laus-annam
1296 3498 1668 3579 propediem
1700 3517 1769 3563 se
1800 3504 2133 3565 venturum
2144 3501 2478 3584 promittit,
2503 3520 2623 3583 quo

674 3579 1410 3732 egosszelbltzitaffei
1463 3582 1644 3663 iethet,
1715 3589 1789 3649 ut
1848 3584 2181 3652 deliberent
2260 3586 2336 3651 de
2390 3587 2623 3670 neyotio

677 3838 789 3901 (Ex
845 3837 1179 3907 autographo
1226 3838 1354 3892 Cod.
1417 3838 1549 3893 Gen.
1603 3839 1713 3904 106,
1757 3842 1849 3894 fol.
1894 3840 2016 3895 216.
2055 3868 2121 3880 ·-
2158 3843 2454 3913 Exemplar
2499 3842 2622 3899 Ion-

676 3905 861 3961 viuaei
905 3912 1147 3976 reperies
1194 3906 1324 3962 Ood.
1364 3906 1492 3961 111⁸
1519 3949 1534 3975 ‚
1568 3907 1658 3962 fol.
1697 3907 1779 3962 16.
1814 3927 1866 3964 ν.
1904 3909 2183 3965 Turretini
2208 3912 2335 3967 Cod.
2376 3911 2492 3978 111,
2529 3912 2623 3967 fol.

840 3972 939 4028 189
976 3993 1025 4028 v,
1061 3976 1339 4030 Beruense
1364 3977 1626 4071 Ep3V11.
1663 3994 1715 4047 p.
1751 3976 1887 4046 8⁷9„
1927 3979 2145 4034 Simleri
2184 3980 2308 4035 Vol.
2344 3979 2463 4045 66.)

669 4171 886 4237 Fideli
954 4171 1203 4239 Christi
1287 4194 1479 4239 servo
1545 4175 1746 4242 Petro
1812 4176 2045 4243 Vireto
2123 4178 2624 4244 Lausannensis

854 4257 1164 4324 ecclesiae
1205 4261 1452 4342 pastori
1496 4261 1683 4327 fratri
1725 4271 1796 4327 et
1839 4265 2048 4329 amico
2090 4265 2450 4330 carissimo.

837 4392 912 4459 S.
960 4394 1226 4459 Literae
1273 4391 1518 4461 Farelli
1547 4398 1596 4480 ¹)
1639 4398 1803 4465 mihi
1848 4400 2057 4466 serius
2100 4422 2296 4483 quam
2336 4403 2624 4484 oportuit

669 4477 964 4578 redditae
1018 4480 1300 4546 fuerunt.
1353 4480 1689 4579 ,Biduum
1744 4484 1854 4551 hic
1906 4507 2017 4553 000
2072 4485 2393 4554 habuerat
2449 4509 2621 4553 nun·

670 4586 810 4716 332⁸
824 4572 2147 4735 1322⁸2ffiffl¹53120m20223mtm2
2149 4570 2366 4725 dmf1h1⁸‘’·‘
2374 4594 2516 4725 ”eadm
2515 4582 2624 4727 333²

671 4736 807 4801 fere
848 4702 1017 4802 hora,
1055 4733 1279 4803 attulit
1315 4737 1809 4810 Baudichonius.
1860 4709 1873 4723 .
1898 4744 2109 4810 Nemo
2142 4745 2271 4811 fuit
2311 4745 2424 4829 qui
2467 4755 2621 4811 ante

668 4830 1081 4905 pentecostes
1118 4823 1408 4889 eundum
1455 4837 1767 4894 censeret.
1855 4828 2073 4895 Multa
2114 4833 2270 4897 sunt
2313 4851 2480 4914 quae
2515 4852 2619 4897 me

673 4983 886 4990 -ῄ--Μ

672 5071 856 5131 1028.
901 5075 955 5142 l)
1000 5077 1079 5146 Cf.
1123 5081 1195 5134 N.
1231 5080 1336 5136 965
1371 5086 1419 5136 el
1454 5079 1571 5136 968.
1646 5031 1925 5140 Bretecmi.
1963 5081 2117 5155 legit:
2150 5085 2378 5144 Ram.

879 5146 939 5212 2)
977 5145 1340 5204 Genevensem
1366 5157 1521 5221 puta.
1826 5222 1836 5235 .

672 5279 857 5338 102⁸.
878 5211 1257 5370 3312332313:
1306 5217 2210 5370 &finiafflssssg‘ffssssffltm

879 5352 939 5417 2)
982 5352 1062 5408 10.
1109 5356 1267 5422 Man,
1304 5373 1398 5426 qut
1429 5359 1543 5422 ἴασι
1581 5361 1950 5415 Δεοεηείοοηέ.

2170 458 2696 530 EPISTOLAE
2746 462 2991 527 1022-
3005 466 3163 528 1025

4529 466 4647 526 704

2729 651 3034 716 retinent.
3122 649 3395 728 Deinde,
3458 649 3585 714 nisi
3641 668 3869 714 omnes
3912 649 4324 715 coniecturae
4387 672 4487 715 me
4537 651 4648 718 fal-

2723 737 2895 817 lunt,
2929 758 3060 801 non
3088 740 3320 817 agetur
3363 743 3517 800 ante
3557 732 3625 800 id
3669 745 3928 818 tempus
3971 735 4043 799 in
4085 744 4320 801 senatu
4365 735 4443 801 de
4475 738 4650 803 vobis

2728 820 3152 888 accersendis.
3263 820 3511 886 Mirum
3580 828 3803 886 autem
3880 819 4003 885 nisi
4067 827 4421 905 antequam
4494 822 4653 889 istuc

2730 909 2986 973 venerit
3030 908 3308 973 nuncius
3364 907 3497 970 iam
3564 902 3766 988 elapsi
3811 906 3946 970 sint
3989 905 4126 972 dies
4171 904 4433 989 aliquot.
4515 907 4657 974 Iam

2726 994 3094 1077 praefectus
3131 992 3545 1075 aliquantum
3589 992 3902 1074 temporis
3938 1013 4021 1057 ex
4079 1014 4259 1058 more
4298 993 4477 1059 vobis
4509 1016 4656 1059 con·

2726 1079 2929 1146 cedet.
2999 1078 3327 1145 Constitui
3370 1076 3527 1144 hinc
3555 1076 3768 1162 pridie
3786 1081 3840 1151 ³)
3880 1086 4288 1159 pentecostes
4324 1099 4366 1143 a
4398 1078 4658 1162 prandio

2727 1165 2999 1231 solvere.
3090 1164 3309 1230 Adero
3352 1163 3501 1230 istic
3536 1163 3775 1229 Martis
3809 1164 4069 1229 circiter
4104 1162 4463 1230 meridiem.
4526 1164 4659 1230 Sed

2726 1270 2871 1316 meo
2912 1250 3150 1316 iudicio
3192 1250 3343 1334 plus
3389 1270 3584 1332 quam
3630 1269 3864 1331 operae
3903 1249 4193 1332 pretium
4239 1261 4411 1315 essct
4453 1250 4662 1316 Βανά-

2724 1337 2856 1402 lum
2931 1357 3186 1420 quoque
3263 1336 3472 1414 acciri,
3542 1345 3615 1399 ut
3691 1335 3867 1399 inter
3932 1357 4048 1400 nos
4126 1336 4657 1402 consultaremus.

2723 1423 2903 1507 Ergo
2959 1424 3062 1488 fac
3120 1430 3196 1486 ut
3251 1442 3322 1487 se
3381 1421 3549 1486 istuc
3607 1423 3879 1504 recipiat
3925 1420 4222 1488 Fareuus
4264 1421 4486 1488 eodem
4540 1422 4658 1488 die.

2724 1508 2871 1573 'ribi
2938 1509 3113 1573 enim
3175 1506 3404 1590 pedem
3474 1528 3647 1572 nunc
3712 1527 3979 1572 movere
4044 1530 4173 1571 non
4243 1508 4413 1575 licet.
4514 1508 4662 1574 Scio

2725 1593 2918 1677 quale
2962 1595 3215 1658 itineris
3259 1592 3668 1676 dispendium
3714 1593 3813 1656 illi
3847 1591 4142 1657 futurum
4178 1595 4281 1658 sit.
4348 1592 4481 1659 Sed
4516 1596 4667 1677 quia

2724 1681 3023 1764 inprimis
3067 1681 3432 1745 necessaria
3473 1686 3573 1744 est
3614 1680 3975 1744 communis
4020 1677 4420 1758 deliberatio,
4467 1682 4662 1759 effice,

2725 1767 2781 1832 si
2844 1775 3045 1849 potes,
3124 1779 3200 1830 ut
3278 1765 3515 1831 veniat.
3619 1763 3695 1829 Si
3759 1764 3913 1847 quid
3995 1776 4221 1830 nostra
4294 1765 4667 1849 deprecatio

2722 1851 2973 1917 valebit
3026 1850 3201 1932 apud
3261 1846 3629 1934 Tigurinos,
3686 1858 3996 1934 poterunt
4038 1852 4227 1929 malo,
4285 1853 4412 1917 nisi
4460 1852 4664 1931 fallor,

2726 1937 2884 2003 satis
2927 1937 3313 2020 tempestive
3355 1956 3711 2002 occurrere.
3800 1936 3896 2001 Et
3936 1935 4063 2002 erit
4104 1958 4210 2002 ars
4243 1938 4463 2021 aliqua
4504 1950 4666 2004 tem-

2726 2024 2902 2106 poris
2944 2022 3339 2089 extrahendi
3384 2022 3464 2087 de
3507 2042 3636 2106 qua
3679 2044 3797 2087 nos
3841 2042 4061 2087 coram
4106 2042 4391 2107 agemus.
4485 2025 4667 2099 Vale,

2728 2108 2934 2175 frater
2976 2118 3043 2174 et
3086 2109 3294 2175 amice
3344 2109 3786 2193 integerrime.
3878 2107 4210 2195 Dominus
4269 2110 4388 2175 tibi
4434 2120 4503 2175 et
4544 2112 4672 2177 eol-

2726 2194 2893 2279 legis
2939 2196 3130 2273 adsit,
3190 2215 3310 2261 vos
3352 2196 3694 2260 confirmet
3738 2214 3814 2259 ac
3872 2202 4062 2277 regat
4118 2196 4354 2278 spiritu
4396 2196 4676 2279 pruden-

2731 2281 2878 2359 tiae,
2937 2281 3421 2358 moderationis,
3481 2280 3623 2359 aeli,
3681 2280 4108 2345 constantiae.
4214 2282 4449 2347 Amen.
4554 2281 4675 2349 San

2728 2366 2870 2432 luta
2928 2388 3199 2432 uxorem
3255 2381 3435 2431 tuam
3498 2366 3847 2450 diligenter
3903 2386 4051 2430 meo
4102 2376 4169 2431 et
4209 2369 4437 2433 uxoris
4494 2390 4677 2434 meae

2729 2453 3011 2518 nomine.
3112 2451 3163 2519 S
3284 2475 3349 2518 m
3398 2460 3536 2517 stae
3591 2453 3721 2517 mei
3777 2470 3898 2517 vos
3949 2451 4311 2535 plurimum
4368 2454 4671 2520 salutant.

2730 2537 3044 2605 Genevae
3089 2536 3297 2622 pridie
3382 2536 3507 2603 dus
3550 2537 3715 2602 Maii
3767 2540 3946 2602 1548.

3635 2675 3916 2741 Ioannes
3963 2671 4284 2741 Calvinus
4329 2687 4499 2744 tuus.

3446 2971 3479 2979 -··
3572 2974 3845 2980 .-κώ--..-

3607 3200 3800 3271 1024.

3258 3336 3657 3407 VIRE'I'US
3703 3338 4140 3406 OALVINO.

2902 3507 3035 3578 Iter
3074 3511 3523 3576 maturandum
3557 3511 3772 3592 potius
3820 3516 4035 3592 monet,
4081 3517 4139 3578 et
4182 3505 4517 3580 Farellum
4558 3533 4672 3580 aon

2714 3599 3157 3768 pomus
3197 3598 3570 3681 suspiciosis
3612 3595 3989 3680 quibusdam
4040 3617 4203 3663 ansa
4246 3597 4672 3666 deblaim-andi

2728 3853 2843 3916 (Ex
2879 3860 3006 3909 auto
3106 3853 3215 3924 pho
3251 3853 3381 3908 Cod.
3420 3853 3624 3909 Genev.
3664 3853 3820 3921 111⁸,
3857 3856 3947 3909 fol.
3986 3854 4071 3924 72,
4107 3857 4229 3910 coll.
4268 3853 4399 3913 cod.
4437 3857 4560 3925 116,
4587 3857 4666 3912 fol.

2937 3922 2966 3976 1
3074 3941 3123 3976 v.
3196 3923 3334 3993 Epp.
3372 3924 3536 3977 Bern.
3575 3922 3691 3977 vn.
3727 3940 3779 3992 p.
3816 3922 3921 3978 876
3956 3932 4014 3979 et
4051 3925 4262 3979 Simler.
4299 3943 4351 3980 v.
4386 3926 4503 3996 66.)

2898 4112 3164 4178 Eximio
3209 4111 3457 4178 Christi
3514 4131 3707 4177 servo
3754 4111 3834 4176 D.
3871 4112 4108 4179 Ioanni
4162 4113 4445 4181 Oalvino
4487 4116 4669 4181 finiri

2726 4209 2795 4265 et
2837 4205 3241 4284 symmystae
3284 4219 3485 4281 quam
3526 4198 3879 4264 carissimo,
4031 4283 4363 4354 Gemma

2901 4419 2971 4486 S.
3039 4417 3273 4490 Placet
3314 4429 3505 4489 tuum
3544 4421 3910 4503 consilium,
3968 4423 4097 4489 nisi
4138 4422 4314 4508 quod
4354 4423 4665 4510 quaedam

2728 4515 2886 4574 sunt
2926 4525 3205 4589 quorum
3247 4515 3315 4573 te
3352 4509 3529 4574 volui
3574 4511 4075 4593 praemonitum.
4164 4510 4474 4575 Primum
4508 4508 4665 4594 quod

2727 4592 2810 4658 ad
2868 4601 3127 4676 tempus
3182 4591 3603 4678 profectionis
3646 4596 3901 4674 attinet,
3961 4613 4227 4662 necesse
4270 4606 4391 4677 est,
4435 4597 4491 4662 si
4540 4615 4666 4748 g

2726 4678 2982 4744 ratione
3041 4679 3185 4744 fieri
3229 4691 3463 4764 posset,
3524 4689 3600 4746 ut
3658 4679 3764 4747 die
3805 4687 4212 4765 pentecostes
4275 4681 4497 4748 solvas

2725 4784 2915 4844 nova,
2971 4761 3314 4832 Nidunum
3359 4786 3565 4850 usque
3609 4765 3846 4832 saltem
3886 4787 4370 4852 progressurus,
4428 4777 4508 4834 ut
4551 4768 4664 4833 huc

2731 5090 2806 5144 Μ
2904 5021 2995 5105 ,3)
3047 5019 3211 5146 1⁷2⁶ng⁸
3212 5033 3341 5145 gg„
3350 5024 3581 5145 wri‘bevile
3634 5021 3894 5078 volumi.-
3941 5024 4223 5094 postridie.
4281 5021 4520 5108 ‚Nempe
4564 5028 4660 5081 ⁸⁶oe

2726 5175 2881 5216 nm
2915 5159 3165 5215 manum
3197 5160 3307 5214 sibi
3338 5107 3655 5216 mama?
3670 5093 3921 5232 &3⁴3
3941 5092 4107 5216 οῗῗαα
4161 5100 4448 5217 camma?
4422 5089 4663 5230 fimum

2725 5232 3047 5298 pentecostes
3116 5229 3351 5298 neqleeto
3396 5230 3579 5297 officio
3622 5229 3920 5300 equitando
3967 5233 4410 5300 consumpturum
4461 5227 4661 5298 fudam

2736 5295 2885 5365 Quid
2909 5298 3056 5367 quod
3074 5317 3085 5328 ⁸
3104 5297 3315 5352 Vir-em
3346 5299 3409 5351 in
3442 5299 3673 5367 epistola
3705 5305 3953 5371 sequente
3979 5301 4039 5382 ‚ei
4088 5295 4282 5355 maaet
4314 5306 4377 5355 m
4409 5303 4523 5354 iam
4558 5300 4657 5355 Do-

2728 5367 2933 5420 minim
2962 5368 3347 5434 proficiscatur
3381 5373 3443 5421 ut
3475 5368 3586 5421 iam
3626 5368 3826 5422 Lunae
3858 5363 4024 5424 adm.
