4825 6175
199 491 304 555 325
1921 486 2083 552 1546
2129 480 2441 550 APRIL.
2506 450 2512 455 ’
3932 450 3945 465 ’
4058 482 4189 543 326

1071 677 1221 749 787.

690 833 1188 902 FARELLUS
1233 832 1603 900 VIRETO.

155 1050 162 1055 -
353 1005 595 1072 Tristia
636 1004 967 1089 mammae
1005 1007 1286 1072 vidicula
1328 1027 1404 1073 ex
1448 1005 1813 1071 Ratisbona.
1903 1002 2122 1070 Evan-

186 1093 324 1180 gelii
365 1111 742 1176 promes-sus
805 1093 877 1157 in
938 1091 1295 1177 reqionibus
1342 1090 1763 1158 orientalibus,
1868 1089 2128 1156 lutheri

179 1182 282 1265 pie
320 1178 545 1244 mortui
585 1177 749 1245 laus.
840 1178 1291 1245 Recentissima
1333 1178 1411 1245 de
1452 1178 1706 1244 concilio
1741 1177 2122 1244 Tridentino,

190 1353 488 1474 Qm.
523 1349 1686 1475 §3³341212‘2pssss‘ffisffirffs
1696 1350 1872 1488 3381·
1891 1348 2125 1485 ‹fffim

346 1609 600 1675 Christi
645 1629 836 1675 servo
879 1609 1127 1695 insigni
1161 1608 1363 1675 Petro
1397 1608 1631 1673 Vireto
1673 1609 1922 1692 pastori
1949 1609 2127 1675 Lau-

182 1695 488 1762 sannensi
529 1695 719 1762 fratri
762 1705 829 1761 et
870 1704 1279 1781 symmystae
1321 1714 1518 1778 quam
1562 1695 1895 1761 carissimo

1543 1781 1958 1847 Lausannae.

346 1916 417 1984 S.
513 1917 682 1985 Heri
750 1917 907 1984 dum
971 1919 1043 1984 in
1107 1927 1296 1983 coetu
1322 1923 1371 1990 ¹)
1436 1937 1731 1984 essemus
1795 1917 2024 1983 consul
2091 1939 2132 1983 a

191 2003 536 2080 Vattevilla,
582 2026 779 2088 quem
824 2016 936 2070 tuo
993 2014 1061 2071 et
1106 2002 1358 2069 Calvini
1401 2004 1669 2069 nomine
1713 2004 1983 2069 veniens
2026 2023 2131 2068 00-

176 2089 482 2168 10101010,
526 2089 735 2174 pridie
778 2112 897 2174 per
919 2089 1232 2156 Fatonum
1273 2091 1461 2173 pium
1501 2091 1772 2154 fratrem
1814 2109 1934 2154 000
1979 2109 2132 2172 1101-

174 2176 404 2260 110111θο
447 2178 604 2244 fecit
643 2176 990 2243 literarum
1033 2195 1195 2260 quas
1231 2175 1595 2241 Ratisbcna
1650 2184 2008 2258 acceperat,
2061 2176 2133 2240 in

174 2262 407 2347 quibus
451 2262 861 2330 incredibilia
903 2282 1114 2346 paene
1155 2270 1528 2328 narrantur.
1595 2258 1933 2343 Quantum
1978 2260 2133 2325 atti-

169 2356 284 2415 net
327 2348 418 2413 ad
461 2358 858 2415 conventum
902 2357 972 2414 et
1013 2347 1427 2432 colloquium,
1470 2345 1639 2411 011111
1682 2368 1818 2412 000
1858 2347 1984 2412 fuit
2027 2367 2134 2413 ac-

171 2446 314 2500 tum
360 2436 446 2502 ab
493 2434 889 2501 adversariis
924 2435 1086 2517 quin
1121 2434 1189 2499 in
1231 2434 1486 2499 fumum
1523 2431 1744 2497 omnia
1779 2431 2053 2498 abirent.
2073 2434 2134 2509 ²)

169 2522 409 2589 Parati
453 2529 644 2587 erant
682 2521 903 2587 hostes
946 2518 1297 2604 digladiari
1341 2539 1618 2602 semper,
1663 2519 1758 2583 ita
1801 2528 2024 2583 tamen
2060 2527 2137 2584 ut

169 2629 383 2692 neque
431 2628 557 2674 sua
607 2627 819 2691 neque
874 2616 1249 2672 nostrorum
1304 2605 1479 2671 dicta
1523 2605 1591 2669 in
1645 2603 1858 2670 lucem
1911 2604 2133 2689 prodi-

168 2703 339 2774 rent,
387 2694 659 2759 nemine
701 2692 1069 2775 excipiente
1104 2713 1270 2775 quae
1305 2690 1708 2769 dicebantur,
1745 2696 1861 2755 aut
1896 2691 1954 2755 si
1987 2690 2134 2773 quis

168 2782 513 2866 exciperet
554 2789 726 2845 esset
778 2778 1166 2862 pontificius.
1257 2779 1350 2843 At
1407 2778 1736 2861 principes
1789 2777 1901 2859 qui
1958 2786 2135 2841 stant

165 2887 286 2952 pro
334 2866 689 2952 evangelio
725 2886 932 2930 unum
975 2862 1219 2930 habere
1271 2863 1655 2939 voluerunt,
1716 2862 1887 2945 quod
1931 2883 2135 2945 quum

167 2973 302 3017 non
351 2960 631 3036 possent
662 2951 981 3034 impedire
1016 2950 1396 3028 adversarii,
1442 2949 1798 3014 voluerunt
1839 2956 1917 3012 ut
1959 2949 2133 3013 iure·

164 3038 455 3106 iurando
501 3038 1023 3122 adstringeretur
1079 3036 1246 3102 nihil
1287 3034 1370 3102 ‘se
1427 3035 1913 3120 evulgatumm.
2002 3034 2135 3100 Re-

164 3148 492 3209 sponsum
537 3126 680 3201 fuit,
727 3124 1058 3207 principes
1101 3123 1269 3190 velle
1313 3123 1606 3187 omnium
1650 3121 1960 3187 certiores
1997 3142 2139 3187 esse

167 3221 232 3277 et
272 3211 431 3278 ideo
501 3211 759 3277 misisse
816 3231 968 3276 suos
1025 3219 1092 3274 et
1142 3208 1422 3275 scribam
1479 3228 1751 3291 quoque.
1841 3205 2137 3272 'Pandam

163 3307 584 3363 conventum
627 3297 751 3370 fuit
792 3305 869 3362 ut
922 3305 1057 3361 tres
1113 3295 1491 3379 exciperent
1546 3315 1714 3377 quae
1771 3293 1928 3359 11100
1983 3292 2138 3359 inde

166 3381 576 3462 dicerentur,
630 3393 699 3448 et
740 3384 812 3447 10
855 3382 1086 3447 cistam
1129 3382 1607 3447 coniicerentur
1664 3379 1887 3444 01111110
1930 3380 2139 3446 tribus

162 3470 596 3535 obfirmatam
640 3468 824 3546 seris,
870 3489 1151 3551 quarum
1194 3489 1348 3550 pars
1391 3465 1718 3549 quaelibet
1757 3486 1958 3530 unam
2005 3464 2138 3529 cla-

163 3576 311 3620 vem
363 3555 680 3633 haberet,
738 3555 1006 3619 tertiam
1050 3553 1513 3636 praesidentes.
1601 3551 1947 3636 Urgebant
1988 3572 2138 3617 nos-

160 3642 266 3719 tri,
304 3639 849 3708 conciliationem
884 3638 1132 3705 dudum
1166 3640 1407 3706 factam
1443 3659 1639 3721 super
1673 3637 2139 3703 iustificatione

159 3724 383 3794 locum
441 3724 692 3792 1100010
748 3734 814 3791 01
869 3736 1082 3790 101010
1142 3726 1368 3790 teneri.
1459 3722 1841 3789 Adversarii
1887 3743 2136 3808 oppug-

156 3833 317 3879 nare
383 3811 912 3885 contendebant,
972 3821 1038 3876 et
1091 3819 1310 3877 actum
1369 3830 1410 3874 a
1465 3810 1601 3875 suis
1657 3830 1886 3874 rursus
1943 3830 2137 3893 agere

157 3897 595 3982 captionibus
668 3908 736 3962 01
788 3898 976 3962 vanis
1029 3896 1392 3962 rationibus
1461 3897 1805 3961 veritatem
1851 3893 1978 3959 Dei
2022 3897 2133 3962 ob-

157 3982 405 4051 ducere
453 3984 704 4049 frustra
757 3990 1115 4049 tentarunt.
1207 3982 1453 4048 Caesar
1508 3981 1700 4046 modo
1758 3980 2135 4064 praesiden-

155 4070 330 4135 tium
376 4091 740 4136 numerum
766 4080 980 4153 auget,
1025 4079 1093 4133 et
1132 4081 1209 4133 ut
1244 4066 1582 4133 nonnullis
1617 4067 1780 4132 fides
1816 4065 2138 4132 habeatur

153 4176 319 4239 quos
365 4156 607 4233 mittit,
651 4156 862 4220 literis
905 4154 1207 4230 mandat,
1261 4174 1588 4236 quumque
1632 4152 1795 4217 nihil
1839 4152 1971 4217 nisi
2031 4172 2136 4217 co-

153 4254 348 4308 actus
387 4264 522 4327 pro
560 4240 847 4306 Domino
881 4242 968 4306 sit
1009 4251 1290 4317 0010100,
1333 4237 1675 4304 simulasse
1711 4239 1871 4304 satis
1917 4237 2132 4303 habet.

155 4327 422 4395 Tamen
489 4329 702 4393 maior
764 4341 833 4392 01
893 4326 1247 4410 sapientior
1309 4339 1410 4390 001
1467 4323 1749 4390 Caesare
1808 4323 2133 4401 Christus,

151 4425 396 4481 contra
446 4434 650 4498 quem
694 4434 904 4496 neque
963 4412 1304 4478 consilium
1350 4431 1564 4492 neque
1609 4411 1904 4494 potentia
1946 4410 2134 4493 quid-

153 4520 358 4583 quam
410 4499 618 4566 valet.
704 4498 936 4583 Pergit
978 4498 1154 4564 enim
1199 4499 1267 4561 in
1311 4517 1507 4580 opere
1563 4517 1680 4561 0110
1722 4496 1951 4562 1ον1110
1994 4516 2134 4560 om-

150 4587 353 4652 nibus
402 4584 839 4663 adversariis,
892 4606 1025 4649 non
1069 4595 1330 4649 tantum
1371 4583 1443 4647 10
1489 4582 1870 4662 Germania,
1917 4593 1994 4647 ut
2037 4582 2135 4647 di-

150 4673 330 4738 citur
376 4673 472 4738 de
518 4671 934 4756 Moguntino,
983 4690 1214 4735 verum
1248 4669 1450 4734 etiam
1493 4669 1564 4733 in
1598 4668 1968 4751 Hungaria,
2012 4667 2136 4733 000

149 4762 297 4840 ipsa
342 4757 780 4824 immanitate
821 4757 1068 4823 turcica
1111 4753 1358 4832 Budas,
1404 4765 1470 4819 et
1513 4754 1686 4837 apud
1733 4754 2135 4837 Transylva-

152 4865 294 4924 nos,
344 4845 437 4909 de
487 4842 730 4928 quibus
773 4853 925 4907 ante
969 4842 1218 4925 aliquot
1259 4863 1464 4907 annos
1507 4840 1860 4922 scripserat
1901 4840 1985 4905 ad
2028 4861 2136 4905 me

152 4929 534 5015 Myconius.
624 4928 948 4995 Valachia
988 4948 1243 5010 quoque
1301 4926 1514 4991 fertur
1557 4926 1891 5008 excepisse
1929 4947 2136 4992 evan-

152 5016 438 5098 gelium,
491 5036 616 5081 nec
659 5013 1005 5099 prohibent
1047 5013 1116 5078 id
1160 5013 1563 5078 annunciare
1592 5013 1843 5079 Bassae
1888 5013 2147 5078 turcici..

441 5175 592 5182 .—---

183 5272 328 5331 ¹787.
365 5275 434 5408 ἐξ
477 5273 733 5396 ξζξζῇ,
763 5357 821 5463 ζ,
858 5339 978 5395 420.
1055 5338 1309 5395 scema.
1334 5339 1428 5393 111.
1464 5339 1584 5395 626.
1637 5339 1930 5395 Hurtleder
1965 5341 2007 5395 1.
2030 5339 2132 5394 366

157 5425 300 5484 uqa·
382 5409 602 5466 Ram
635 5410 729 5465 ιν.
801 5408 870 5463 99
905 5425 1046 5479 seqq·

2228 668 2413 753 Quin
2469 676 2536 735 et
2577 667 3169 753 Constantinopoli.
3260 665 3396 750 Qui
3450 686 3530 733 00
3583 672 4040 733 concesserant
4091 665 4193 732 le—

2227 756 2383 842 gati,
2430 755 2648 822 nescio
2683 775 2771 819 an
2804 753 3171 839 Hungarici
3213 775 3301 819 an
3334 753 3465 833 alii,
3510 753 3805 819 referunt
3823 752 4195 837 praedicari

2227 842 2646 927 evangelium
2699 850 2767 906 et
2818 861 3092 909 coenam
3134 840 3410 907 Domini
3465 838 3783 906 celebrari
3798 889 3814 917 ‚
3871 840 4061 906 0111110
4118 845 4193 905 01

2228 927 2354 1013 11101
2399 927 2753 1012 participes
2795 926 2933 993 illic
2972 928 3260 992 fuerunt.
3348 925 3517 992 Aeco
3534 927 3591 1005 ⁸)
3635 924 3925 990 Polonus
3977 925 4193 993 fertur

2229 1012 2301 1079 10
2343 1013 2638 1097 Phrysia
2680 1011 2922 1078 multos
2965 1012 3236 1078 Christo
3279 1010 3694 1089 lucrifecisse,
3739 1019 3808 1076 01
3847 1031 3979 1076 000
4024 1031 4193 1094 pau-

2230 1120 2342 1165 cas
2384 1098 2800 1165 constituisse
2842 1097 3166 1165 ecclesias.

2405 1186 2510 1251 De
2563 1184 2852 1250 transitu
2907 1184 3135 1249 Lateri
3151 1185 3210 1266 ⁴)
3267 1182 3623 1248 admodum
3671 1182 3785 1265 pio
3838 1191 3909 1247 et
3964 1188 4193 1247 0011010

2231 1278 2558 1356 coguntur
2610 1290 2839 1335 omnes
2891 1269 3257 1335 Dominum
3313 1266 3600 1334 laudare.
3704 1268 3954 1351 Magna
4010 1265 4193 1332 euim

2230 1356 2363 1423 fide
2406 1365 2475 1422 et
2515 1356 2856 1422 alacritate
2894 1354 2977 1421 ad
3018 1355 3378 1421 Dominum
3420 1353 3761 1438 migravit:
3807 1354 3976 1418 mire
4013 1372 4193 1417 com·

2232 1441 2575 1509 mendavit
2629 1439 2921 1508 studium
2975 1441 3461 1508 conservandae
3514 1440 3849 1511 doctrinae
3904 1437 4192 1521 pietatis,

2232 1528 2648 1613 potissimum
2691 1535 2767 1592 ut
2810 1548 3071 1593 summa
3126 1547 3287 1593 cura
3338 1535 3638 1610 pastores
3692 1524 3912 1591 idonei
3953 1524 4192 1607 praefi-

2233 1615 2496 1681 ciantur
2539 1612 2756 1679 debite
2811 1624 3170 1695 sanctoque
3224 1612 3453 1678 ordine
3469 1663 3485 1691 ‚
3541 1611 3915 1678 scholarum
3967 1618 4038 1675 et
4088 1611 4193 1675 iu-

2236 1700 2527 1767 ventutis
2571 1707 2650 1764 ut
2704 1700 3122 1765 exactissima
3172 1700 3340 1763 ratio
3395 1699 3746 1774 habeatur,
3803 1696 4066 1762 demum
4106 1715 4196 1760 00

2235 1785 2452 1869 gladio
2508 1796 2749 1869 cogant
2805 1783 2890 1850 ad
2945 1784 3363 1869 evangelium
3412 1805 3522 1867 000
3575 1783 3687 1867 0111
3740 1784 3814 1847 10
3866 1794 4198 1865 potestate

2235 1893 2371 1936 000
2418 1882 2575 1937 0001
2613 1873 3004 1955 cogentium.
3092 1871 3388 1953 Repetiit
3427 1871 3869 1952 precationem
3913 1866 4196 1934 eandem

2236 1958 2485 2040 pluries
2539 1958 2803 2024 veniam
2860 1966 2926 2022 et
2983 1954 3496 2023 misericordiam
3551 1957 3758 2038 patris
3812 1954 4193 2038 implorans.

2235 2043 2479 2109 Paucis
2500 2042 2784 2126 exprimi
2800 2064 2933 2108 000
2948 2052 3225 2126 possunt
3246 2051 3379 2107 tam
3404 2040 3632 2120 multa,
3657 2049 3727 2105 et
3748 2048 3884 2104 tam
3905 2038 4199 2123 insignia

2239 2140 2374 2193 tam
2397 2129 2648 2194 abiecto
2677 2148 2979 2194 0011110110
3014 2149 3150 2193 000
3194 2136 3469 2211 possunt
3510 2136 3661 2210 apte
3701 2124 3873 2191 tradi
3897 2165 3981 2175 -
4005 2163 4089 2173 —
4109 2161 4195 2171 —

2412 2214 2781 2280 Concilium
2839 2212 3300 2280 Tridentinum
3361 2212 3577 2279 indies
3641 2234 3726 2279 au
3774 2212 3871 2278 eri
3935 2210 4197 2292 dicitur,

2242 2308 2309 2364 et
2349 2299 2487 2364 illic
2530 2319 2747 2382 neque
2788 2299 3082 2382 pontifici
3117 2321 3327 2382 neque
3362 2298 3507 2365 aliis
3543 2319 3733 2365 succe
3782 2298 3833 2362 't
3865 2319 3984 2381 pro
4020 2304 4197 2363 voto,

2240 2384 2700 2470 Digladiatum
2741 2385 2870 2449 fuit
2913 2384 2994 2449 de
3037 2384 3231 2450 titulo
3275 2385 3563 2452 concilii:
3587 2388 3644 2463 ὅ)
3688 2405 3844 2449 0010
3889 2383 3971 2448 de
4015 2403 4199 2448 more

2240 2473 2336 2537 ita
2382 2470 2720 2537 dicebatur
2763 2470 3107 2537 concilium
3151 2470 3614 2536 Tridentinum
3660 2469 4003 2537 ecclesiam
4046 2468 4200 2535 001-

2240 2556 2564 2623 versalem
2622 2563 3141 2639 repraesentans.
3242 2556 3390 2623 Hoc
3448 2556 3699 2623 Paulus
3758 2557 3990 2621 tertius
4007 2605 4024 2635 ,
4085 2554 4206 2638 qui

2241 2644 2373 2707 iam
2420 2642 2645 2708 nullus
2684 2649 2812 2721 est,
2872 2640 3059 2707 nullo
3114 2640 3305 2706 modo
3348 2641 3691 2721 ferendum
3744 2640 3967 2720 duxit,
4028 2638 4204 2724 quod

2240 2727 2364 2795 hac
2408 2729 2520 2794 via
2562 2727 2832 2794 00001110
2876 2726 3304 2793 0001100101111
3347 2728 3663 2810 1100111011,
3707 2728 3818 2810 001
3862 2736 4059 2810 caput
4103 2732 4207 2791 001

2238 2815 2628 2897 10100110110,
2676 2821 2743 2878 01
2784 2814 2865 2879 00
2900 2812 2967 2878 id
3003 2814 3237 2879 merito
3271 2814 3513 2897 iniquis
3556 2812 3858 2879 omnibus
3902 2832 4207 2896 praeesse

2242 2899 2455 2979 debet,
2501 2900 2699 2965 ctiam
2746 2898 2860 2964 ubi
2903 2899 3253 2966 concilium
3304 2899 3384 2964 ab
3431 2898 3735 2964 omnibus
3780 2898 3956 2964 orbis
4000 2897 4206 2980 parti·

2240 2987 2366 3052 bus
2407 2988 2669 3070 cogitur
2711 2983 2795 3051 ad
2847 2983 3253 3069 perdendum
3300 2984 3665 3051 Christum.
3763 2984 4068 3068 Egerunt
4109 2982 4208 3049 le-

2243 3072 2380 3157 gati
2424 3072 2754 3155 pontificis
2813 3081 3110 3148 strenue,
3166 3070 3280 3139 sed
3339 3074 3679 3157 pugnante
3723 3068 4018 3137 Esuzano
4034 3071 4092 3147 ⁶)
4137 3077 4208 3136 et

2243 3180 2466 3225 secum
2511 3159 2791 3224 faciente
2833 3157 3255 3224 multitudine
3311 3157 3547 3225 cecidit
3602 3178 3718 3242 spe
3775 3156 4092 3241 pontifex,
4138 3162 4209 3221 et

2244 3253 2322 3309 ut
2367 3252 2634 3327 reputat
2674 3244 2925 3310 vulnus
2970 3266 3104 3309 000
3146 3243 3295 3310 leve
3340 3243 3605 3311 accedit.
3696 3244 3804 3309 An
3850 3264 3935 3307 ex
3978 3241 4206 3308 dolore

2239 3331 2531 3415 perierit,
2576 3342 2694 3395 aut
2736 3327 2916 3396 aliud
2960 3329 3299 3408 acciderit,
3359 3351 3494 3396 000
3538 3329 3701 3395 adeo
3746 3349 3895 3395 sum
3941 3329 4205 3409 anxius,

2243 3415 2357 3482 sed
2400 3416 2633 3499 capitis
2668 3417 2878 3482 fatum
2916 3416 3175 3501 potiora
3217 3438 3394 3482 0000
3438 3416 3733 3482 membra
3791 3435 3922 3479 000
3968 3414 4208 3480 leviter

2241 3511 2519 3586 torquet.
2581 3500 2924 3585 Siquidem
2959 3511 3274 3586 pereunte
3308 3503 3619 3586 pontifice
3655 3501 3926 3568 concilio
3962 3508 4207 3580 coacte,

2242 3589 2347 3654 ius
2410 3586 2697 3673 eligendi
2776 3586 2860 3652 ad
2931 3588 3275 3654 concilium
3353 3587 3732 3653 universale
3811 3585 4205 3654 devolvitur.

2242 3674 2392 3740 Hoc
2450 3674 2801 3758 purpurati
2859 3682 3080 3756 patres
3138 3675 3252 3758 qui
3310 3675 3480 3739 ferre
3534 3672 3881 3758 poterunt?
3982 3669 4209 3753 Quam

2242 3780 2480 3843 graves
2542 3760 2923 3845 angustiae!
3031 3759 3304 3841 Quanta
3368 3758 3639 3825 ferenda
3705 3765 3890 3837 sunt,
3959 3758 4209 3824 scilicet

2243 3845 2560 3911 monstris
2605 3859 2672 3910 et
2713 3844 3036 3929 portentis
3079 3857 3212 3910 tam
3259 3844 3678 3911 exsecrandis
3696 3896 3711 3923 ,
3768 3866 3890 3929 pro
3935 3843 4082 3924 fide,
4128 3850 4209 3910 ut

2242 3931 2446 4010 aiunt,
2512 3929 2864 3998 catholica!
2955 3932 3275 3997 Nonnulli
3335 3952 3468 3996 000
3528 3952 3795 4015 11101000
3861 3930 4020 3994 mali
4085 3951 4206 3994 ex·

2242 4017 2632 4100 spectabant
2673 4037 2757 4082 ex
2804 4016 3158 4084 Germanis
3203 4018 3455 4100 aliquos
3499 4027 3833 4094 venturos,
3893 4024 3961 4080 01
4003 4014 4070 4079 id
4115 4036 4205 4079 ex

2240 4105 2366 4187 piis
2410 4103 2614 4187 aliqui
2658 4102 3062 4186 flagitabant.
3154 4102 3290 4169 Sed
3334 4103 3521 4168 nulla
3578 4104 3830 4167 ratione
3873 4122 3913 4165 a
3954 4101 4204 4185 princi-

2239 4189 2431 4272 pibus
2475 4189 2815 4273 impet-rari
2857 4189 3090 4271 potuit.
3181 4187 3449 4254 Habent
3491 4189 3738 4254 multas
3792 4203 3859 4254 et
3903 4197 3977 4253 ut
4020 4185 4205 4252 vide-

2239 4286 2353 4340 tur
2395 4277 2603 4342 iustas
2646 4275 2933 4341 rationes
2967 4296 3169 4358 quare
3211 4273 3279 4339 id
3315 4275 3694 4359 permittere
3730 4295 3860 4339 non
3899 4272 4199 4339 debeant.

2240 4435 2308 4442 ———
2317 4433 2650 4441 *effla-—

2445 4512 2504 4581 3)
2544 4514 2626 4570 10.
2677 4531 2715 4569 a
2760 4515 2972 4584 Lasso,
3031 4514 3131 4586 qui
3170 4520 3284 4569 tum
3330 4516 3590 4583 temporis
3637 4512 3850 4567 Emdae
3895 4513 3955 4566 in
4009 4512 4207 4565 Ivi-isia

2342 4584 2506 4714 ὠαὲ)
2550 4651 2710 4715 Cous.
2748 4652 2878 4706 Iust.
2917 4654 3075 4707 Ionas
3112 4652 3223 4705 und
3260 4652 3421 4706 Mioh.
3442 4651 3658 4705 0001100
3682 4649 3908 4703 Bericht
3943 4665 4049 4701 von
4087 4648 4202 4701 chr.

2239 4721 2518 4776 Abschied
2552 4722 2618 4774 D.
2658 4721 2912 4776 Luthers.
2950 4722 3142 4775 Wittb.
3180 4719 3334 4775 1546.
3410 4720 3826 4784 Metuant-thou,
3872 4717 3951 4771 ad
3984 4715 4205 4771 audito-

2238 4791 2387 4845 rium
2422 4790 2635 4844 scholae
2682 4789 2894 4845 Witteb.
2940 4790 3131 4860 (Gorp.
3174 4790 3300 4858 Res.
3342 4790 3428 4842 VI.
3471 4807 3530 4859 p.
3565 4787 3660 4856 58)
3712 4785 4054 4851 Seekendort‘
4092 4785 4205 4840 ΠΙ.

2240 4858 2358 4913 633.
2416 4858 2657 4912 Steidan.
2681 4859 2756 4913 H.
2784 4858 2906 4913 431.
2964 4860 3206 4929 Meum,
3244 4858 3480 4913 Luthers
3501 4859 3684 4912 Leben
3721 4856 3859 4910 nach
3896 4856 3947 4909 d.
3972 4856 4201 4921 Quellen

2242 4927 2347 4984 Dr·
2387 4927 2781 5065 1833552512
2805 4944 2889 5051 81·Ξο
3094 5003 3220 5050 acta
3256 5002 3385 5050 sunt
3422 4995 3620 5049 Idibus
3656 4994 3925 5048 Ianuarii
3982 4993 4049 5047 de
4082 4997 4203 5064 qm·-

2240 5066 2511 5187 ὺκέῖιὲεαι
2558 5065 2730 5134 sarpa
2775 5082 2836 5134 p.
2883 5014 3002 5119 232.
3083 5065 3423 5121 Panavfocm·
3465 5063 3534 5118 L.
3582 5062 3674 5117 v1.
3721 5078 3764 5117 c.
3812 5062 3862 5116 5.
3910 5035 3958 5116 ἐ.
4045 5062 4206 5133 Sat-9

2229 5152 2291 5205 P·
2435 5176 2505 5269 ⁸6)
2548 5202 2667 5257 Imo
2702 5204 3018 5257 Faesulano.
3088 5202 3363 5271 Loquitur
3396 5202 3538 5254 enim
3594 5200 3714 5252 sine
3749 5198 3914 5252 dubio
3950 5196 4017 5250 de
4053 5199 4202 5252 Bra-

2238 5275 2323 5327 cio
2361 5272 2619 5326 Memno
2654 5289 2736 5340 ep.
2784 5274 2937 5326 urbis
2974 5271 3347 5325 Faesulanum
3381 5267 3644 5336 (Fiesole)
3657 5308 3671 5332 ‚
3717 5283 3871 5338 quem
3911 5264 4075 5320 Gard.
4112 5266 4203 5321 del

2245 5341 2435 5394 Monte
2467 5344 2679 5409 (postea
2715 5341 2856 5394 Iulii
2886 5340 3009 5408 111.)
3046 5340 3459 5403 adversarium,
3519 5336 3779 5392 Tridemo
3813 5335 4079 5390 removere·
4108 5337 4201 5388 iu·

2184 5404 2192 5457 Ι
2237 5411 2430 5465 bebant
2463 5410 2657 5479 quovis
2682 5414 2993 5478 praetextu.
3064 5408 3265 5477 (Sarpi
3299 5407 3380 5463 ed.
3422 5408 3501 5462 Le
3540 5406 3821 5476 Gourayer
3854 5404 3896 5459 1.
3932 5403 4081 5470 300.)

3680 5489 3781 5545 21·
