4825 6175
181 442 292 507 569
347 518 352 525 ἣ

175 625 578 712 pidationem,
623 644 747 693 nec
787 631 1074 692 staturos
1108 622 1348 691 animis
1383 624 1514 691 nisi
1550 621 1812 689 aliunde
1845 623 2124 690 fulcian-

177 722 303 779 tur:
357 731 592 778 verum
637 712 723 778 ad
763 732 874 777 res
914 731 1122 777 novas
1165 708 1519 776 admodum
1563 730 1706 776 esse
1749 730 2124 793 propensos,

176 799 226 864 si
266 797 407 882 quis
440 795 723 882 digitum
757 797 959 863 tollat.
1029 794 1399 863 Periculum
1445 794 1683 860 deinde
1726 794 2127 860 monstrabis

177 880 336 968 quod
374 881 537 967 ipsis
578 883 884 949 imminet
924 881 982 947 si
1015 881 1166 948 illos
1199 880 1630 947 deseruerint.
1699 881 1897 947 Hanc
1930 901 2126 966 porro

174 968 373 1034 videri
431 970 755 1035 rationem
810 976 886 1033 ut
939 988 1060 1033 rex
1104 966 1364 1032 Galliae
1415 966 1505 1033 sit
1568 974 1761 1032 autor
1818 975 1887 1032 et
1944 967 2127 1051 prior

176 1053 484 1121 sollicitet.
569 1054 702 1120 His
744 1054 1028 1121 colorem
1075 1052 1350 1119 induces
1404 1073 1524 1137 pro
1578 1059 1698 1118 tua
1753 1052 2122 1137 prudentia.

177 1138 313 1207 Scis
346 1140 524 1205 enim
559 1161 705 1206 esse
739 1136 1061 1207 eiusmodi
1097 1138 1418 1216 homines,
1464 1137 1637 1222 apud
1684 1159 1846 1221 quos
1881 1138 2125 1205 veritas

175 1224 441 1293 artificio
497 1224 780 1310 tegenda
832 1226 936 1292 sit.
1037 1224 1209 1290 Vale
1267 1245 1417 1289 cum
1463 1244 1671 1289 uxore
1726 1230 1862 1300 tua,
1923 1243 2121 1306 quam

174 1317 389 1376 nostro
428 1311 726 1377 omnium
783 1311 1055 1375 nomine
1109 1308 1423 1375 salutabis
1437 1361 1451 1387 ,
1511 1316 1579 1374 et
1634 1309 1830 1374 simul
1885 1309 2124 1374 fratres

176 1416 389 1463 omnes
433 1404 711 1463 nostros.
731 1398 790 1481 ⁶)
880 1394 1201 1461 Genevae
1248 1399 1305 1459 3.
1352 1394 1580 1460 Nonas
1623 1396 1796 1478 Aug.
1853 1399 2035 1459 1547.

1091 1531 1377 1596 Ioannes
1423 1528 1743 1597 Calvinus
1787 1539 1958 1598 tuus.

943 1826 1350 1834 ——-—-—-———-—

1078 2071 1234 2145 984.

707 2225 1183 2294 GALVINUS
1229 2225 1602 2294 VIRETO.

338 2399 646 2466 Dederat
699 2397 759 2464 ci
814 2396 1146 2464 consilium
1198 2402 1413 2464 contra
1466 2399 1707 2464 decreta
1756 2401 2134 2466 Tridentina

172 2483 827 2638 mizdgma
863 2484 1000 2565 fere
1039 2483 1393 2563 domestica,
1437 2484 1536 2550 vel
1566 2490 1725 2550 certe
1767 2485 1958 2550 obiter
1996 2493 2134 2551 tan-

177 2742 260 2807 (In
294 2743 550 2797 omnibus
581 2741 859 2795 codicibus
891 2740 1054 2794 modo
1087 2740 1324 2793 laudatis
1357 2755 1419 2793 se
1458 2741 1607 2794 uitur
1638 2741 1774 2794 haec
1845 2740 2135 2793 raeceden·

175 2818 282 2866 tem
315 2812 434 2866 scil.
471 2810 603 2866 Gen.
641 2809 760 2877 106,
796 2809 887 2863 sol.
926 2807 1030 2862 195
1075 2816 1170 2862 aut
1223 2806 1368 2861 111⁸,
1437 2809 1507 2862 ol.
1549 2807 1616 2861 13
1650 2827 1719 2876 v„
1765 2807 1796 2861 1
1835 2806 1867 2860 1
1903 2808 1995 2863 sol.
2030 2806 2134 2861 169

385 2930 394 2935 -
724 2896 773 2932 v.
808 2878 977 2931 Bern.
1016 2895 1068 2947 p.
1103 2875 1210 2930 838
1244 2882 1303 2930 et
1336 2877 1579 2943 simler.)

175 3066 439 3135 Eximio
482 3065 752 3134 Domini
798 3063 1008 3131 nostri
1049 3062 1204 3130 Iesu
1248 3061 1497 3130 Christi
1541 3084 1734 3132 servo
1772 3064 1977 3131 Petro
2012 3063 2135 3129 Vi-

175 3165 310 3219 reto
353 3151 858 3220 Lausannensis
914 3150 1226 3217 ecclesiae
1245 3236 1259 3249 ι
1282 3151 1532 3249 pastori
1583 3150 1775 3215 fratri
1831 3159 1899 3215 et
1954 3171 2133 3233 sym-

826 3246 1084 3321 mystae
1127 3255 1486 3301 canss1mo.

339 3372 412 3441 S.
507 3374 744 3440 Patres
786 3371 1173 3455 Neptunios‚
1201 3370 1252 3456 ¹)
1295 3370 1557 3455 quando
1601 3381 1736 3435 tam
1779 3371 1975 3436 multi
2018 3393 2135 3438 va-

173 3461 287 3526 riis
345 3482 436 3527 ex
489 3459 651 3526 locis
706 3458 775 3523 id
834 3479 874 3523 a
930 3477 1038 3522 me
1095 3456 1467 3541 postulant,
1522 3457 1707 3523 brevi
1764 3456 2130 3541 aggrediar.

177 3543 246 3610 Si
311 3546 534 3630 prima
598 3544 909 3610 salutatio
984 3542 1154 3609 bene
1215 3542 1401 3608 cedet
1477 3541 1656 3608 ultra
1730 3542 2130 3626 progrediar.

173 3629 518 3696 Nihildum
560 3637 788 3695 tamen
831 3628 1038 3694 audeo
1072 3626 1383 3712 polliceri.
1450 3627 1667 3705 Ratio,
1711 3648 1908 3711 quam
1945 3649 2134 3711 prae·

175 3715 400 3783 scribit
441 3715 743 3783 Farellus
782 3714 966 3779 nullo
1000 3712 1196 3779 modo
1238 3714 1576 3796 probatur.
1646 3712 1922 3796 Frigida
1957 3715 2134 3776 enim

175 3812 342 3869 esset
383 3801 737 3870 simulatio.
803 3799 944 3866 Nec
984 3799 1386 3884 sperandum
1423 3806 1525 3864 est
1557 3799 1696 3863 fore
1730 3797 1946 3863 locum
1982 3798 2137 3863 ullis

177 3888 438 3972 scriptis
494 3908 664 3972 quae
715 3885 991 3953 concilio
1044 3904 1177 3950 non
1233 3885 1697 3950 assentiantur.
1806 3881 2139 3949 Suanorum

178 3994 306 4039 non
351 3972 551 4041 video
592 3970 947 4057 quidquam
991 3990 1031 4034 a
1073 3990 1179 4034 me
1222 3977 1465 4053 petere.
1554 3968 1826 4035 Utinam
1888 3967 2139 4052 aliquid

180 4060 319 4210 ἓξ.
341 4057 1155 4210 'affatuum‘
1181 4054 1403 4206 de
1305 4056 1525 4214 ³¹²⁶?
1542 4053 2140 4223 affluatis?

183 4248 381 4311 quum
462 4238 602 4295 tam
694 4228 976 4311 superbe
1061 4247 1182 4291 nos
1257 4225 1682 4291 contemnat?
1808 4224 2140 4309 Obstupui

182 4334 380 4396 quum
424 4315 712 4400 legerem
772 4332 813 4377 a
867 4318 1103 4378 senatu
1158 4332 1294 4376 non
1347 4309 1682 4394 prohiberi
1739 4310 2142 4397 typographi

388 4602 448 4671 6)
488 4601 804 4659 Glaucum
861 4599 1489 4723 spiciam&
1536 4602 1840 4682 recentiora
1889 4599 1972 4655 sic
2022 4602 2144 4667 effe-

189 4677 330 4739 runt,
360 4687 546 4728 amno
578 4671 726 4725 unde
756 4676 986 4737 ‹an-epta
1024 4668 1064 4734 f
1281 4690 1297 4722 .-
1473 4667 1673 4722 stanes
1717 4668 1878 4721 simul
1923 4677 2144 4722 nostros

190 4757 373 4795 omnes
407 4740 673 4795 salutabis
705 4738 946 4792 omnium
980 4737 1214 4792 nomine.
1282 4735 1538 4791 Genevae
1571 4735 1624 4790 8.
1661 4736 1900 4805 Augusti
1935 4734 2088 4790 154⁷.

223 4809 463 4876 ml)
509 4808 876 4863 Tridentinus.
944 4805 1318 4874 Haecpn'na
1358 4804 2143 4860 nmmimtracon·

190 4877 372 4933 cainan
407 4877 698 4946 mutendi,
731 4882 783 4931 et
814 4874 1048 4945 quidem,
1081 4884 1144 4928 ut
1175 4873 1420 4941 videtur,
1465 4873 1717 4929 Mance
1751 4872 2004 4941 Farello,
2047 4875 2148 4944 quo·

192 4955 370 5001 tamen
421 4947 752 5015 mouturam
799 4944 1032 5014 aliquan
1082 4940 1303 4997 modum
1355 4940 1850 5009 commendaverat,
1906 4941 2148 5010 fortasse

197 5013 561 5083 ψευδώνυμον
606 5020 659 5069 et
690 5014 927 5068 alienam
961 5025 1251 5079 personam

398 5082 464 5152 2)
502 5081 679 5153 Quaen
712 5082 832 5151 ipse
864 5079 1240 5135 Rerum

198 5152 902 5222 iacuepedaniaepro
948 5163 1012 5203 eo
1057 5145 1747 5216 apudeosinteroedendo
1783 5145 2000 5214 aliquid

199 5236 313 5276 cero
331 5226 579 5304 ‚paterna
608 5218 964 5290 quant-cumis
994 5216 1059 5271 ia
1090 5216 1320 5272 vaserit
1350 5231 1463 5270 non
1509 5215 1757 5271 obstante
1789 5229 2004 5284 nupera
2074 5216 2148 5267 is-

194 5304 414 5345 maon

402 5304 466 5425 g}
504 5355 883 5425 Rumam,
916 5351 1385 5422 amquam
1416 5352 1796 5423 mommo.

1570 5011 1824 5064 οόοοειιηι.

1276 5093 1520 5147 persona
1564 5079 1748 5133 mem
1789 5083 1963 5149 grata

1880 439 2043 500 1547
2091 433 2486 502 AUGUST.

4070 402 4205 505 5⁷0·

2227 620 2580 689 licentiam.
2603 622 2663 706 ⁴)
2750 623 2931 706 Quid
2974 625 3153 692 enim
3213 627 3480 693 tandem
3534 628 3650 692 fiet
3703 626 3759 691 si
3798 624 4194 711 magistratu

2228 708 2644 787 connivente,
2691 711 3101 777 cessantibus
3143 712 3365 797 legum
3400 711 3648 797 poenis,
3692 710 3952 778 iudiciis
3995 710 4194 778 silen-

2227 792 2438 871 tibus,
2497 796 2769 877 impune
2822 797 2915 862 sic
2975 799 3198 862 omnia
3263 796 3549 864 liceant?
3652 796 3834 882 Ergo
3887 795 4196 863 ardenter

2228 877 2566 963 rogandus
2603 889 2706 945 est
2729 880 2914 947 Deus
2951 891 3027 947 ut
3061 905 3335 949 manum
3375 882 3720 949 admoveat
3775 894 3913 947 tam
3969 881 4199 967 despe-

2228 965 2396 1030 ratis
2437 966 2703 1031 morbis.
2773 967 3188 1053 Malinyrius,
3207 970 3267 1052 ὃ)
3303 970 3362 1034 si
3395 969 3674 1047 venerit,
3720 988 3826 1032 me
3870 988 4006 1033 non
4041 988 4192 1033 sen-

2229 1050 2351 1114 tiet
2393 1051 2595 1116 nimis
2640 1053 2965 1118 acerbum.
3078 1053 3259 1136 Quin
3316 1056 3535 1138 potius
3578 1053 3749 1119 dabo
3794 1073 4085 1136 operam.
4108 1074 4195 1118 ne

2226 1135 2478 1201 frustra
2517 1138 2818 1220 paruisse
2862 1138 3165 1205 videatur
3211 1139 3459 1206 Sulzem'
3501 1139 3785 1206 consilio.
3855 1137 4078 1220 Quum
4124 1139 4194 1203 in

2229 1220 2620 1286 Henrickum
2655 1222 3035 1309 chirurgum
3094 1225 3317 1305 incidi,
3356 1225 3770 1292 commodum
3814 1232 3975 1289 tunc
4017 1223 4195 1290 domi

2228 1327 2416 1371 meae
2461 1318 2602 1372 erat
2651 1308 2976 1375 Nicolaus.
3001 1314 3055 1389 ⁶)
3143 1310 3290 1376 Iam
3336 1321 3560 1376 tamen
3616 1311 3714 1375 illi
3770 1307 3853 1376 de
3893 1309 4188 1375 intertri-

2228 1402 2453 1457 mento
2498 1392 2995 1476 responderam,
3047 1395 3220 1478 quod
3263 1404 3408 1462 erat
3454 1395 3791 1463 Nicolaum
3843 1395 4190 1479 pecuniam

2230 1500 2314 1543 ex
2358 1477 2795 1562 chirographo
2853 1501 3265 1547 numerasse:
3326 1481 3482 1547 inde
3540 1502 3728 1564 posse
3784 1480 3937 1547 sciri
3995 1500 4195 1563 quam

2231 1583 2557 1629 summam
2617 1562 2931 1630 debuerit.
3043 1566 3333 1633 Putabat
3385 1575 3607 1633 autem
3669 1565 4028 1632 Hem-iebus
4078 1586 4195 1650 pe-

2232 1650 2496 1713 cuniam
2522 1650 2787 1716 Nicolao
2831 1652 3100 1717 missam
3135 1673 3295 1730 esse,
3341 1673 3495 1718 eum
3531 1674 3614 1718 ex
3649 1650 3904 1736 collybo
3938 1651 4198 1718 lucrum

2234 1742 2545 1817 captasse.
2637 1734 2831 1815 Quod
2882 1745 3090 1803 totum
3146 1738 3386 1803 falsum
3442 1746 3602 1804 erat.
3702 1737 3880 1803 Nota
3933 1743 4037 1803 cst
4075 1736 4200 1802 tibi

2234 1832 2675 1885 mercatorum
2754 1821 2940 1888 ratio.
3052 1823 3659 1890 Permutationibus
3709 1830 3995 1888 utuntur
4027 1843 4197 1906 quae

2234 1915 2391 1970 sunt
2432 1905 2562 1971 illis
2617 1908 3009 1974 commodae.
3098 1909 3461 1975 Nummum
3506 1916 3683 1976 certe
3726 1930 3810 1973 ex
3853 1909 4044 1975 istius
4085 1929 4201 1992 pe·-

2234 1992 2433 2057 cunia
2502 2012 2842 2076 nunquam
2902 1995 3212 2079 attigerat
3270 1995 3595 2061 NicolauS.
3710 1993 3843 2060 Sed
3915 1993 4200 2059 fideliter

2236 2097 2583 2154 summam,
2629 2099 2795 2160 quae
2840 2081 3245 2163 praescripta
3297 2088 3441 2145 erat
3493 2081 3706 2146 literis
3721 2131 3737 2158 ,
3798 2080 4197 2145 numeravit.

2235 2162 2414 2228 Puto
2485 2162 2579 2227 illi
2650 2164 3016 2230 rationibus
3093 2166 3515 2231 satisfactum.
3607 2166 3794 2243 Vale,
3861 2166 4065 2231 frater
4133 2174 4203 2231 et

2238 2248 2448 2314 amice
2491 2249 2943 2333 integerrime,
3005 2271 3157 2316 cum
3212 2272 3417 2317 uxore
3470 2259 3588 2317 tua
3643 2271 3840 2335 quam
3884 2249 4199 2317 salutabis

2237 2355 2383 2398 meo
2422 2335 2709 2411 nominc,
2754 2334 2953 2400 simul
2995 2346 3064 2399 et
3104 2334 3363 2402 fratres.
3431 2337 3617 2404 Deus
3662 2336 3843 2403 vobis
3931 2345 4200 2420 erpetuo

2238 2418 2429 2486 adsit.
2519 2419 2714 2486 Nunc
2779 2422 2938 2486 satis
3001 2422 3205 2504 quieti
3270 2443 3528 2499 sumus,
3611 2423 3824 2508 gratia
3956 2422 4197 2488 omino.

2235 2503 2426 2570 Uxor
2468 2527 2616 2571 mea
2674 2515 2739 2572 te
2784 2528 2859 2573 ac
2915 2514 3095 2572 tuam
3158 2507 3421 2574 salutat.
3513 2507 3826 2576 Genevae
3877 2513 3970 2573 11.
4020 2508 4194 2590 Aug.

3164 2677 3447 2746 Ioannes
3491 2678 3811 2747 Calvinus
3854 2689 4024 2745 tuus.

3014 2973 3425 2983 ——n————

3141 3191 3298 3261 985.

2720 3326 3222 3395 FARELLUS
3267 3326 3704 3393 CALVI‘NO.

2414 3480 2515 3545 De
2565 3480 2768 3546 turbis
2830 3481 3111 3547 Genevae
3157 3503 3198 3546 α
3244 3480 3445 3547 Fabri
3501 3486 3561 3545 et
3617 3479 3879 3546 Pomm·
3928 3482 4199 3564 fadione

2237 3568 2447 3645 motis,
2491 3567 2568 3629 de
2609 3571 2777 3630 statu
2826 3587 3043 3632 rerum
3085 3565 3513 3632 Bernenet'um
3556 3571 3615 3631 et
3661 3566 4022 3633 Tridentini
4061 3588 4198 3634 con-

2236 3652 2375 3718 cilii
2416 3652 2835 3717 recentissimo
2876 3652 3126 3718 decreto,

2243 3821 2356 3885 (Ex
2391 3820 2737 3875 Bibliotheca
2772 3828 3049 3892 pastorum
3086 3822 3555 3877 Neocomensium.
3609 3823 3750 3895 Epp.
3786 3821 3987 3875 Farelli
4020 3822 4200 3877 fascic.

2239 3891 2337 3945 111.
2375 3891 2443 3944 N.
2480 3889 2566 3944 24.
2639 3891 2777 3945 Stilo
2813 3891 3122 4012 Farelliantz
3167 3892 3373 4027 aaliz?
3405 3892 3610 3961 passim
3644 3891 3921 3961 sagaciore
3956 3897 4084 3960 eget
4114 3892 4197 3945 in-

3125 3975 3255 4029 rpre
3317 3999 3329 4012 .

2336 4103 2344 4121 '
2415 4110 2670 4177 Christi
2713 4111 2865 4179 Iesu
2923 4132 3112 4179 servo
3156 4113 3403 4195 pastori
3445 4111 3577 4179 fido
3617 4110 3914 4178 doctrina
3957 4122 4026 4179 et
4065 4116 4204 4197 pie-

2243 4205 2379 4265 tate
2424 4197 2780 4262 admodum
2824 4197 3069 4282 insigni
3090 4197 3326 4263 Ioanni
3364 4197 3641 4265 Calvino
3683 4196 3873 4263 fratri
3913 4205 3982 4265 et
4024 4219 4204 4285 sym-

2244 4293 2505 4369 mystae
2548 4304 2746 4368 quam
2790 4285 3140 4350 carissimo.

3558 4367 3896 4437 Genevae.

2420 4506 2489 4572 S.
2563 4505 2695 4588 Qui
2733 4512 2797 4572 te
2832 4512 3216 4590 oppugnant
3242 4508 3292 4585 ¹)
3335 4514 3403 4571 et
3434 4513 3654 4573 tecum
3698 4505 4037 4572 ecclesiam
4071 4515 4209 4572 stu-

2451 4727 2511 4794 4)
2548 4728 2769 4783 Altada
2812 4727 2891 4782 ad
2933 4727 3168 4783 labellum
3216 4726 3576 4782 Calvia-‘anae
3624 4724 3955 4793 disciplinae
4004 4740 4209 4794 parans

2235 4800 2547 4870 faventem.-
2582 4797 2752 4851 Andr.
2789 4796 3181 4865 Bapponstein,
3218 4796 3493 4866 Dialogus.
3563 4794 3667 4848 Ein
3704 4792 3908 4847 'l'ntsch
3929 4793 4209 4863 Gesprfich

2249 4883 2372 4922 vom
2401 4867 2573 4936 Ampt
2608 4866 2719 4920 und
2753 4866 2950 4919 Dienst
2983 4864 3083 4918 der
3118 4864 3368 4921 Kilchen.
3438 4865 3601 4918 Bern.
3640 4859 3791 4916 1547.

2454 4934 2512 5002 5)
2557 4934 2664 4988 Hic
2711 4950 2764 4987 a.
2810 4933 2949 4988 1546
2996 4950 3030 4988 ιι
3078 4933 3447 4987 Bernensibus
3500 4932 3677 4985 denuo
3721 4929 3802 4984 ad
3846 4930 4208 4985 mintriunt

2248 5004 2540 5068 admissus,
2579 5003 2676 5056 sed
2698 5008 2912 5057 tannem
2945 5004 3008 5055 in
3036 5003 3208 5057 classe
3234 5000 3572 5056 Tononiensi
3600 5003 3701 5054 aut
3737 4996 3985 5068 Gaienst‘,
4013 5003 4210 5068 postea

2247 5088 2369 5127 cum
2404 5078 2630 5125 senam
2671 5074 2947 5152 permissa
2978 5071 3249 5126 Albanam
3292 5072 3356 5124 in
3400 5083 3538 5139 aqro
3584 5066 3826 5122 Vadam·
3869 5073 4097 5125 vocam
4128 5073 4211 5124 est

2249 5157 2287 5194 a
2320 5140 2360 5193 d
2435 5146 2554 5193 aste
2587 5139 2691 5193 loct
2718 5145 2849 5207 post
2892 5139 3103 5194 Valerii
3132 5153 3421 5193 excessum.
3491 5134 3587 5191 Ibi
3625 5137 3893 5192 remansit
3926 5150 4097 5208 usqae
4131 5137 4213 5193 ad

2250 5224 2302 5263 a.
2370 5207 2514 5345 5563)
2548 5206 2814 5330 ἑαΟνῗμτ,
2849 5208 2977 5264 hist.
3010 5206 3328 5263 d’Yverdon
3352 5222 3414 5275 p.
3451 5203 3603 5271 288.)

2285 5345 2428 5399 985.
2467 5347 2524 5410 l)
2562 5345 2694 5413 Ayit
2730 5345 2811 5399 de.
2834 5344 3070 5399 Pon-ino
3102 5344 3323 5414 eiusque
3351 5342 3610 5410 factione.
