4825 6175
242 499 314 562 1⁷
2073 500 2238 561 1545
2278 496 2420 563 Ian.
3581 547 3588 553 -
4142 500 4220 566 ls

236 684 629 770 syllogismos
707 685 1017 752 contexit.
1124 683 1369 749 Hilarii
1444 691 1512 749 et
1584 683 1819 768 Cyrilli
1898 682 2166 751 adducit

234 771 605 850 testimonia,
650 771 766 836 sed
808 792 941 836 non
985 769 1163 836 videt
1197 790 1269 836 se
1291 790 1507 835 aerem
1544 770 1913 848 verberare,
1958 791 2162 853 quum

231 878 353 923 non
406 856 581 922 aliud
637 855 904 922 tandem
961 856 1269 942 colligere
1320 858 1525 940 possit
1580 877 1778 939 quam
1845 877 2162 941 personae

230 965 351 1008 non
394 942 744 1008 convenire
787 963 950 1027 quae
994 962 1114 1027 ego
1160 941 1239 1008 de
1276 942 1560 1007 essentia
1593 951 1766 1008 recte
1801 941 2163 1024 praedicari

229 1030 488 1094 affirmo.
571 1026 754 1109 Quin
796 1029 1014 1104 etiam,
1060 1050 1186 1111 quo
1230 1025 1563 1093 videretur
1603 1025 1683 1091 ad
1730 1048 1820 1110 pu
1916 1026 2161 1092 andum

228 1114 615 1192 instructior,
642 1115 872 1197 probat
894 1112 1058 1179 mihi
1075 1112 1422 1179 Athanasii
1446 1115 1794 1178 autoritate
1880 1114 2159 1179 hristum

229 1221 359 1265 esse
401 1222 484 1264 ex
528 1201 734 1283 patris
777 1200 1147 1265 substantia
1188 1201 1505 1283 genitum.
1612 1199 1818 1280 Quasi
1874 1200 1997 1265 hoc
2042 1220 2160 1283 ego

228 1307 506 1368 unquam
550 1286 622 1350 in
667 1286 1110 1368 quaestionem
1160 1285 1562 1362 vocaverim,
1616 1286 1748 1350 imo
1794 1286 1980 1367 quasi
2026 1307 2160 1350 non

227 1370 286 1437 id
330 1393 431 1436 me
477 1370 776 1437 docuisse
820 1372 1001 1437 sciat.
1069 1368 1248 1452 Quid
1292 1378 1506 1453 potest
1542 1370 1661 1436 hoc
1699 1371 1963 1436 homine
1999 1370 2161 1456 fingi

229 1456 703 1540 impudentius?
794 1456 1189 1540 Quanquam
1233 1459 1435 1521 miror
1477 1457 1754 1539 qualiter
1809 1454 1960 1521 fidei
2004 1457 2160 1522 art-i-

229 1542 441 1608 culum
484 1542 776 1607 hominis
819 1543 1018 1608 unius
1061 1542 1435 1608 testimonio
1495 1543 1654 1609 satis
1709 1544 1972 1607 firmum
2020 1563 2162 1607 esse

228 1629 508 1709 duxerit,
592 1649 792 1712 quum
883 1629 1073 1712 paulo
1149 1635 1299 1693 ante
1376 1649 1589 1693 meam
1670 1628 2163 1711 incogitantiam

226 1717 496 1793 risisset,
558 1715 715 1797 quia
768 1736 852 1780 ex
909 1714 1283 1799 Augustino
1343 1722 1407 1778 et
1465 1713 1714 1797 Cyrillo
1769 1714 2163 1793 testimonia,

227 1820 348 1866 non
394 1799 478 1865 ad
521 1799 960 1885 probandum,
1020 1799 1134 1865 sed
1192 1807 1451 1864 tantum
1511 1800 1967 1881 explicandum
2011 1799 2166 1864 fidei

228 1886 561 1951 articulum
590 1907 801 1952 essem
824 1895 1179 1951 mutuatus,
1246 1884 1639 1969 Dionysium
1685 1886 1861 1950 enim
1906 1885 2165 1964 citabat,

228 1974 325 2055 qui
383 1972 683 2038 illicitam
739 1970 1078 2037 audaciam
1151 1991 1293 2036 esse
1360 1971 1773 2053 pronunciat,
1843 1970 2020 2053 loqui
2086 1970 2166 2035 de

230 2058 548 2125 essentiali
609 2057 955 2123 divinitate
1017 2068 1275 2140 praeter
1322 2056 1385 2121 id
1442 2055 1610 2139 quod
1677 2066 1778 2121 est
1842 2057 1911 2121 in
1964 2057 2165 2121 sacris

231 2145 443 2228 elogiis
489 2165 892 2227 expressum.
963 2142 1099 2224 Qui
1140 2145 1211 2206 fit
1246 2150 1322 2206 ut
1365 2141 1577 2226 legem
1622 2164 1753 2206 non
1798 2153 2017 2208 servet
2058 2143 2167 2207 hic

229 2227 422 2295 bonus
480 2232 799 2313 magister
863 2250 1056 2311 quam
1122 2228 1268 2293 aliis
1327 2239 1464 2293 tam
1533 2249 1759 2293 severe
1829 2227 2162 2312 iniungit?

230 2317 435 2399 Atque
494 2315 621 2381 hoc
679 2315 941 2397 quidem
1002 2335 1076 2379 eo
1123 2313 1408 2397 pertinet
1464 2323 1538 2377 ut
1593 2314 1905 2388 videatis,
1962 2335 2164 2396 quum

230 2421 441 2467 omnes
497 2400 855 2467 cavillandi
906 2420 1100 2465 ansas
1160 2399 1391 2464 canino
1450 2397 1645 2465 dente
1706 2398 2028 2478 mordeat,
2091 2420 2168 2464 ea

229 2486 701 2571 reprehendere
747 2507 915 2569 quae
959 2486 1256 2568 proximo
1307 2485 1539 2549 deinde
1595 2505 1792 2550 versu
1849 2484 2167 2549 imitando

230 2572 459 2655 probet.
571 2574 676 2638 De
731 2572 873 2638 loco
932 2570 1228 2637 Ioannis:
1287 2568 1492 2634 Dedit
1547 2579 1734 2653 pater
1782 2571 1917 2634 filio
1962 2573 2169 2635 vitam

231 2657 455 2724 habere
501 2660 574 2723 in
622 2680 691 2723 se
731 2660 903 2742 ips0,
964 2676 1271 2740 magnam
1320 2659 1869 2722 concertationem
1926 2669 2165 2721 movet.
2208 2683 2217 2702 ⁴

230 2743 386 2809 Nam
430 2744 593 2828 quia
636 2745 758 2810 hoc
802 2744 881 2808 de
927 2751 1062 2808 tota
1086 2741 1337 2807 Christi
1374 2763 1651 2824 persona
1686 2740 1929 2806 dictum
1965 2741 2170 2806 inter-

227 2841 464 2913 pretor,
551 2851 687 2895 non
751 2838 970 2895 autem
1045 2837 1410 2912 competere
1470 2828 1541 2892 in
1620 2827 2011 2892 alterutram
2087 2849 2170 2893 ex

227 2912 466 2983 duabus
532 2917 820 2992 naturis,
885 2935 995 2979 ma
1041 2936 1200 2978 num
1271 2913 1791 2986 testimoniorum
1863 2935 2170 2978 acervum

224 3003 534 3087 congerit,
580 3010 655 3067 ut
691 3001 918 3085 probet
954 3001 1161 3065 flium
1183 2998 1314 3064 Dei
1351 2999 1590 3065 habere
1634 2999 1855 3065 omnia
1898 3023 1938 3063 a
1980 3009 2171 3082 patre

225 3089 366 3171 quia
408 3089 498 3155 sit
564 3111 650 3153 ex
705 3089 846 3172 ipso
890 3087 1171 3172 genitus,
1258 3087 1402 3171 Ego
1448 3097 1668 3151 autem
1724 3084 1937 3150 locum
1984 3086 2170 3150 illum

228 3173 302 3241 ad
342 3188 684 3241 aeternam
741 3174 1230 3259 generationem
1286 3172 1614 3254 port-inere
1669 3173 1925 3236 fortiter
1981 3194 2168 3256 neg0,

228 3260 331 3326 sed
401 3269 671 3326 tantum
749 3282 822 3325 eo
888 3258 1134 3336 doceri,
1213 3256 1448 3340 quibus
1513 3256 1773 3322 dotibus
1837 3260 2173 3322 ornaverit

229 3346 426 3412 filium
478 3354 687 3431 pater*
732 3367 932 3429 quum
991 3346 1059 3409 in
1121 3364 1316 3409 carne
1374 3343 1503 3407 fuit
1557 3342 1905 3408 exhibitus.
1998 3344 2172 3408 Con-

232 3434 446 3512 tendo,
506 3434 812 3515 inquam‚
869 3431 948 3495 de
1006 3429 1219 3495 officio
1274 3428 1523 3494 Christi
1583 3430 1799 3512 potius
1844 3451 2036 3511 quam
2093 3430 2171 3495 de

232 3521 509 3585 essentia
563 3517 697 3583 illic
749 3517 894 3584 fieri
947 3516 1378 3593 mentionem,
1447 3534 1567 3579 nec
1636 3523 1772 3579 tam
1829 3514 2170 3580 Christum

232 3602 447 3671 docere
493 3605 667 3671 velle
709 3603 918 3688 qualis
961 3602 1033 3665 in
1079 3623 1148 3667 se
1191 3601 1331 3684 ipso
1373 3602 1488 3678 sit,
1547 3622 1740 3683 quam
1798 3601 2055 3683 qualem
2101 3622 2170 3667 se

232 3689 401 3756 nobis
446 3698 755 3775 praestet.
847 3688 1049 3771 Atqui
1103 3687 1295 3752 aliter
1353 3686 1827 3752 intellexerunt
1877 3686 2170 3770 plerique

232 3796 306 3840 ex
358 3776 672 3859 patribus.
772 3773 952 3856 Quid
1013 3772 1199 3838 tum?
1305 3774 1415 3837 An
1473 3792 1697 3837 eorum
1742 3772 1960 3856 opinio
2008 3772 2169 3837 mihi

233 3861 693 3944 praeiudicium
769 3861 1031 3936 afferet,
1099 3880 1184 3923 ne
1261 3879 1647 3942 germanum
1713 3858 1836 3924 loci
1903 3880 2168 3924 sensum

231 3948 495 4013 audeam
576 3946 803 4030 sequi?
925 3946 1130 4010 Totus
1208 3943 1521 4009 orationis
1596 3953 1940 4008 contextus
2004 3946 2168 4009 mihi

233 4034 638 4119 suffragatur.
742 4032 880 4099 Res
937 4034 1079 4115 ipsa
1133 4029 1297 4094 mihi
1356 4029 1800 4094 testimonium
1851 4029 2164 4111 perhibet.

233 4116 437 4198 Quam
484 4140 641 4204 ergo
689 4117 937 4201 puerile
996 4126 1097 4182 est
1153 4125 1399 4181 certam
1459 4117 1806 4181 veritatem
1866 4114 1987 4182 hac
2031 4116 2168 4181 sola

231 4206 527 4271 machina
580 4206 893 4287 impetere
948 4201 1117 4286 quod
1174 4202 1333 4267 alios
1389 4223 1578 4267 secus
1621 4201 1906 4267 sensisse
1951 4200 2163 4267 dicat?

230 4290 331 4356 Ex
375 4290 596 4356 libello
640 4290 840 4355 etiam
885 4310 1060 4366 me0‚
1119 4309 1312 4371 quem
1358 4287 1437 4352 de
1482 4289 1850 4352 animarum
1899 4288 2165 4352 immor-

230 4376 482 4443 talitate
526 4376 726 4454 edidi,
765 4375 978 4443 locum
1024 4395 1230 4439 unum
1270 4374 1458 4452 citat,
1515 4373 1627 4439 ubi
1672 4372 1756 4438 ad
1799 4372 2167 4438 humanum

234 4459 477 4530 Christi
524 4470 826 4528 naturam
869 4461 997 4527 hoc
1039 4460 1265 4524 refor0.
1339 4458 1549 4540 Quasi
1594 4481 1752 4524 vero
1798 4458 1903 4524 hic
1946 4480 2052 4524 me
2095 4460 2168 4523 in

233 4546 442 4632 aliqua
483 4549 917 4633 repugnantia
960 4544 1423 4629 deprehendat.
1514 4545 1686 4609 Nam
1740 4545 1943 4610 fateor
2000 4545 2170 4611 hanc

232 4638 748 4719 praerogativam
806 4633 1071 4700 Christo
1128 4631 1385 4695 homini
1441 4630 1660 4695 datam
1718 4651 1876 4695 esse.
1975 4629 2169 4697 Unde

234 4723 399 4784 enim
459 4722 695 4804 alioqui
756 4720 1015 4784 vivifica
1069 4718 1211 4783 eius
1268 4737 1417 4783 caro
1478 4716 1686 4781 foret?
1789 4715 1925 4781 Sed
1980 4716 2165 4795 addo,

233 4803 349 4871 hoc
393 4828 533 4872 esse
576 4808 819 4871 factum
856 4804 1010 4889 quia
1035 4804 1215 4869 Deus
1241 4802 1329 4867 sit
1350 4803 1801 4867 manifestatus
1836 4803 1907 4865 in
1950 4822 2165 4867 carne.

234 4891 425 4974 Apud
468 4912 659 4958 sanos
704 4901 770 4957 et
806 4891 1096 4975 integros
1141 4889 1418 4956 lectores
1463 4889 1627 4952 mihi
1670 4886 1854 4952 nulla
1896 4908 2167 4954 excusa-

236 4975 406 5042 tione
434 4979 513 5057 ¹⁴)
556 4999 718 5062 opus
762 4988 879 5043 est.
983 4976 1255 5041 Homini
1308 4984 1529 5040 autem
1588 4982 1725 5039 tam
1766 4972 2057 5058 maligno
2102 4981 2168 5039 et

398 5283 488 5354 14)
522 5286 870 5340 excusatione
919 5326 931 5340 .
951 5324 963 5338 .
984 5326 997 5339 .
1017 5324 1030 5338 .
1078 5285 1241 5337 nulla.
1323 5283 1383 5336 in
1432 5283 1502 5336 B.
1552 5282 1783 5348 omissa,
1834 5279 1892 5335 S.
1940 5296 2009 5335 ex
2043 5297 2166 5337 con-

236 5352 436 5407 iectura
488 5371 598 5409 non
650 5355 788 5409 male
835 5353 1088 5422 restituit,
1142 5353 1392 5422 quamvis
1443 5351 1612 5420 paulo
1672 5350 1832 5405 aliter
1889 5356 2051 5420 atquo
2105 5351 2167 5405 ia

241 5421 551 5479 authenticis
583 5439 704 5478 exoe.
739 5425 1005 5492 leguntur.

440 5508 656 5565 Caluini
684 5524 866 5578 opera.
951 5506 1062 5563 Vol.
1103 5506 1248 5562 XII.

2265 685 2631 768 praefracto
2676 684 2859 750 nulla
2901 704 3196 767 unquam
3239 685 3570 752 excusatio
3613 687 3906 753 sufficiet.
3974 689 4218 756 Postea

2266 779 2456 836 extra
2501 770 2677 836 oleas
2735 778 3072 854 evagatur.
3177 770 3349 835 Nam
3403 770 3687 836 multum
3744 773 4095 839 verborum
4140 774 4216 841 in

2265 856 2387 924 hoc
2446 855 2781 940 profundit
2839 864 2913 920 ut
2966 856 3271 922 ostendat
3328 855 3525 931 dona.
3598 878 3762 942 quae
3818 858 4217 927 humanitati

2265 942 2522 1008 Christi
2564 941 2800 1008 collata
2842 941 3147 1020 fuerunt,
3207 964 3338 1007 non
3395 952 3649 1008 tantum
3695 965 3732 1008 a
3778 954 3965 1028 patre
4015 944 4128 1011 sed
4172 968 4217 1012 a

2266 1028 2476 1094 tribus
2520 1028 2717 1094 simul
2762 1029 3057 1111 personis
3102 1027 3435 1110 prodiisse.
3502 1029 3649 1094 Non
3693 1032 3932 1095 mirum
3969 1032 4022 1095 si
4070 1032 4214 1100 aliis

2264 1114 2352 1178 sit
2395 1114 2727 1193 molestus,
2771 1135 2974 1196 quum
3017 1114 3158 1197 ipse
3191 1114 3314 1179 sibi
3350 1114 3596 1178 frustra
3635 1113 3939 1199 nullaque
3960 1118 4214 1183 ratione

2261 1208 2522 1264 tantum
2565 1201 2808 1284 negotii
2842 1200 3135 1266 facessat.
3224 1197 3419 1279 Quod
3460 1200 3869 1283 probandum
3920 1205 4216 1287 suscipit,

2263 1285 2550 1369 primum
2594 1286 2666 1350 in
2709 1285 3001 1352 confesso
3046 1294 3161 1363 est,
3210 1284 3446 1350 deinde
3489 1285 3650 1351 adeo
3694 1288 3969 1372 vulgare
4017 1297 4089 1354 ut
4124 1291 4212 1355 ri-

2265 1369 2557 1437 diculum
2601 1372 2689 1436 sit
2729 1357 3065 1436 inter⁴nos
3107 1382 3418 1453 tanquam
3476 1371 3555 1435 de
3612 1394 3684 1437 re
3734 1373 3938 1439 ardua
3978 1374 4216 1441 verbo·

2266 1457 2402 1523 sius
2448 1457 2695 1522 disseri.
2785 1455 2997 1521 Video
3040 1464 3260 1521 tamen
3306 1456 3461 1539 quid
3514 1466 3746 1540 capt-et.
3836 1460 4005 1524 Nam
4053 1461 4214 1527 dum

2262 1543 2471 1608 instar
2514 1544 2698 1626 pueri
2748 1564 2854 1607 me
2898 1542 3104 1620 docet,
3150 1542 3275 1607 sibi
3317 1543 3497 1608 intus
3542 1543 3827 1626 plaudit,
3876 1548 4059 1627 quasi
4106 1568 4212 1613 me

2267 1628 2541 1711 puerilis
2581 1629 2879 1694 inscitiae
2923 1628 3293 1694 convictum
3337 1639 3575 1693 teneat.
3646 1630 3812 1694 Nam
3852 1630 4021 1698 hanc
4066 1641 4213 1697 tan-

2269 1713 2418 1780 dem
2463 1714 2823 1780 clausulam
2868 1713 3227 1798 subiungit,
3272 1713 3466 1779 huius
3501 1717 3667 1779 tanti
3704 1719 3997 1800 mysterii
4020 1718 4212 1802 igno-

2267 1799 2523 1864 ratione
2587 1800 2829 1865 factum
2908 1821 3050 1866 esse
3131 1807 3205 1865 ut
3270 1809 3407 1865 tam
3485 1801 3765 1883 turpiter
3831 1802 4209 1886 desiperem.

2269 1886 2412 1970 Ego
2457 1894 2674 1951 autem
2719 1885 2843 1950 hac
2886 1894 3023 1950 tam
3058 1885 3279 1950 ieiuna
3305 1887 3385 1960 ¹·‘')
3431 1889 3864 1953 ostentatione
3899 1889 4023 1954 hoc
4058 1911 4213 1955 eum

2269 1971 2580 2055 consequi
2622 1970 2763 2038 dico
2809 1980 2887 2036 ut
2929 1992 3154 2037 omues
3205 1972 3580 2055 intelligant
3632 1995 3829 2038 sensu
3883 1976 4215 2041 communi

2268 2078 2538 2140 prorsus
2581 2065 2646 2122 et
2688 2057 2951 2124 cerebro
2992 2058 3208 2139 ipsum
3263 2077 3501 2123 carere.
3603 2056 3736 2124 Sed
3790 2059 3910 2124 hoc
3959 2081 4215 2144 quoque

2269 2141 2438 2207 nihil
2480 2142 2727 2221 obstat,
2784 2143 3133 2226 quominus
3191 2144 3316 2206 rite
3375 2142 3681 2208 Christus
3736 2154 4000 2228 accepta
4042 2148 4215 2230 patri

2273 2229 2384 2295 uni
2429 2230 2669 2294 referat
2711 2248 2876 2312 quae
2919 2228 3040 2293 sibi
3087 2236 3160 2293 ut
3205 2228 3451 2292 homini
3498 2227 3740 2294 donata
3781 2240 3954 2296 sunt.

2441 2314 2736 2379 Tandem
2796 2336 2995 2397 quum
3048 2313 3130 2378 ad
3198 2313 3551 2379 refellenda
3608 2336 3774 2397 quae
3834 2338 3916 2381 ex
3960 2317 4215 2401 Cyrillo

2269 2397 2677 2465 adduxeram
2699 2400 3073 2466 testimonia
3095 2398 3445 2479 descendit,
3490 2421 3597 2465 me
3635 2402 3791 2467 facit
3810 2402 4216 2469 haereticum

2270 2493 2338 2551 et
2379 2486 2674 2569 impium.
2764 2486 2911 2550 Hoc
2952 2486 3008 2550 si
3052 2484 3239 2551 vobis
3283 2485 3621 2550 tolerabile
3667 2487 3956 2567 videtur,
3988 2490 4217 2572 optimi

2272 2575 2535 2650 fratres,
2586 2592 2706 2656 ego
2767 2573 3004 2637 tacitus
3059 2571 3229 2636 hanc
3283 2570 3592 2636 iniuriam
3653 2573 3993 2638 devorabo.
4084 2572 4219 2641 Sed

2269 2656 2590 2741 ignoscite
2658 2659 2713 2723 si
2779 2678 2899 2741 ego
2967 2679 3082 2723 vos
3156 2677 3390 2739 parum
3446 2657 3744 2723 cordatos
3825 2659 4220 2741 existimem,

2272 2741 2582 2825 quamdiu
2627 2743 2801 2808 hanc
2845 2752 3092 2825 pestem
3137 2743 3210 2806 in
3245 2742 3393 2807 sinu
3438 2741 3763 2809 fovebitis.
3829 2745 3977 2810 Hac
4001 2754 4223 2811 autem

2272 2829 2608 2894 occasione
2650 2829 2720 2893 in
2767 2836 3018 2893 tantam
3061 2828 3512 2910 intemperiem
3556 2829 3666 2893 vel
3713 2830 3927 2912 potius
3972 2832 4225 2897 rabiem

2274 2915 2660 2997 prorumpit.
2751 2914 3130 2979 Citaveram
3175 2912 3334 2980 haec
3380 2913 3617 2999 Cyrilli
3673 2916 3898 2981 verba:
3944 2916 4135 2999 Quod
4184 2939 4225 2983 a

2275 3020 2344 3064 se
2388 3001 2531 3083 ipso
2575 3002 2776 3066 vitam
2822 3020 2957 3064 non
3002 2998 3220 3077 habet,
3266 3000 3587 3081 quomodo
3630 3003 4050 3084 corruptibile
4085 3024 4221 3069 non

2273 3087 2447 3155 erit?
2533 3087 2804 3171 Excipit
2842 3087 3008 3170 ipse:
3067 3085 3344 3152 Miseret
3386 3109 3492 3151 mc
3549 3089 3678 3164 tui,
3736 3091 3846 3171 qui
3893 3087 4223 3173 Cyrillum

2275 3173 2617 3237 haereseos
2667 3182 2832 3257 ⁴nota
2883 3172 3101 3257 pergis
3157 3172 3556 3237 insimulare.
3647 3172 3815 3254 Quis
3872 3176 4050 3241 enim
4093 3176 4220 3242 nisi

2274 3279 2528 3324 summe
2595 3259 2837 3341 impius
2909 3278 3143 3323 verum
3201 3258 3326 3323 hoc
3388 3261 3891 3340 pronunciatum
3947 3261 4219 3328 dixerit:

2274 3343 2583 3410 Christus
2627 3354 2727 3410 est
2768 3365 2808 3409 a
2849 3365 2921 3409 se
2962 3342 3145 3426 ipso?
3236 3343 3372 3409 Sed
3417 3345 3589 3410 unde
3637 3345 3807 3412 hanc
3840 3346 3945 3410 vel
3988 3348 4220 3430 impie-

2276 3439 2476 3495 tatem
2522 3432 2627 3496 vel
2670 3429 2996 3495 haeresim
3041 3430 3397 3507 convincit,
3456 3431 3585 3495 nisi
3629 3432 3784 3515 quia
3837 3433 4010 3498 filius
4053 3435 4139 3498 sit
4181 3455 4222 3499 a

2272 3526 2462 3599 patre
2518 3516 2821 3600 genitus?
2921 3515 3181 3600 Negare
3236 3537 3370 3581 non
3426 3525 3637 3598 potest
3693 3517 3855 3600 quin
3910 3517 3934 3582 l
4019 3527 4220 3586 uutus

2273 3601 2361 3666 sit
2402 3601 2699 3687 Cyrillus
2743 3598 3294 3685 quemadmodum
3338 3621 3378 3665 a
3420 3623 3526 3666 me
3569 3604 3837 3682 citatur,
3896 3626 3928 3670 s
4066 3607 4222 3689 quia

2275 3685 2570 3772 Cyrillus
2626 3688 2837 3753 filium
2896 3709 3037 3753 esse
3092 3707 3132 3751 a
3186 3695 3374 3770 patre
3444 3688 3641 3753 simul
3697 3687 3901 3769 dicat,
3970 3690 4094 3759 hoc
4147 3713 4218 3758 se

2274 3774 2466 3838 modo
2523 3775 2700 3840 illius
2768 3774 3159 3858 suffragium
3232 3772 3399 3838 mihi
3463 3783 3770 3840 excutere
3837 3775 4212 3844 arbitratur.

2274 3859 2420 3942 Ego
2442 3870 2661 3924 autem
2684 3868 3040 3941 utrumque
3062 3880 3295 3926 verum
3322 3879 3561 3938 assem,
3600 3868 3669 3924 et
3706 3881 3850 3926 esse
3873 3860 4218 3928 Christum

2274 3964 2313 4007 a
2354 3954 2557 4028 patre,
2603 3953 2679 4010 ut
2718 3946 3004 4011 secunda
3046 3954 3147 4010 est
3190 3965 3497 4027 persona,
3557 3954 3706 4025 eta
3753 3967 3823 4011 se
3867 3947 4009 4030 ipso
4055 3970 4214 4027 esse,

2274 4030 2328 4094 si
2389 4029 2680 4095 divinam
2735 4032 2878 4096 eius
2947 4032 3298 4096 essentiam
3366 4030 3749 4113 simpliciter
3813 4033 4213 4115 respicimus.

2270 4115 2442 4180 Nam
2490 4118 2657 4181 sicut
2699 4117 2824 4180 hoc
2865 4118 3039 4182 inter
3083 4115 3475 4181 orthodoxos
3525 4128 3744 4199 patres
3789 4116 4047 4200 semper
4086 4120 4217 4186 fuit

2271 4210 2626 4286 receptum,
2684 4211 2879 4285 atque
2922 4202 3082 4267 adeo
3126 4224 3211 4267 ex
3253 4203 3596 4283 scripturis
3640 4203 3857 4287 colligi
3906 4205 4029 4270 rite
4072 4214 4214 4288 pot-

2271 4298 2387 4364 est,
2436 4287 2777 4354 Christum
2821 4307 2861 4350 a
2901 4296 3089 4371 patre
3131 4308 3303 4366 esse,
3361 4290 3453 4351 ita
3508 4288 3699 4353 audio
3742 4287 3897 4372 quid
3941 4289 4021 4354 de
4074 4291 4213 4357 eius

2271 4373 2560 4439 essentia
2599 4374 2837 4457 ubique
2872 4373 3193 4455 scriptura
3229 4372 3574 4455 praedicet,
3620 4374 3775 4458 quid
3797 4377 3993 4439 etiam
4014 4376 4212 4441 iidem

2270 4459 2371 4524 illi
2437 4460 2649 4526 sancti
2717 4459 3062 4542 scriptores
3126 4460 3571 4541 profiteantur.
3683 4462 3902 4542 Atque
3976 4460 4042 4525 id
4108 4469 4213 4527 est

2272 4545 2445 4628 quod
2491 4545 2840 4611 orientales
2883 4545 3216 4627 episcopos
3275 4544 3575 4610 definisse
3633 4545 3935 4610 Hilarius
3976 4546 4209 4611 refert:

2275 4630 2349 4696 Si
2407 4633 2553 4715 quis
2607 4630 3103 4713 intemporalem
3159 4630 3279 4695 filii
3336 4629 3415 4695 de
3472 4640 3653 4712 patre
3701 4630 4081 4715 hypostasin
4124 4632 4209 4698 ad

2269 4715 2719 4783 innascibilem
2759 4715 2886 4782 Dei
2920 4716 3272 4782 essentiam
3313 4716 3571 4795 referat,
3614 4718 3799 4798 quasi
3840 4717 4050 4780 filium
4093 4738 4208 4800 pa-

2271 4810 2440 4869 trem
2485 4803 2727 4882 dicens,
2768 4802 3122 4868 anathema
3164 4802 3265 4866 sit.
3357 4799 3490 4866 Sed
3548 4800 3705 4883 quid
3758 4811 4070 4884 tanquam
4126 4803 4206 4870 de

2269 4909 2342 4954 re
2384 4887 2690 4974 ambigua
2733 4886 3035 4971 disputo?
3125 4886 3420 4971 Cyrillus
3465 4887 3801 4953 Christum
3854 4887 3991 4953 fore
4033 4909 4207 4954 mor-

2269 4973 2469 5040 talem
2526 4984 2593 5040 et
2647 4973 3135 5056 corruptibilem
3189 4973 3643 5047 ratiocinatur,
3702 4972 3830 5036 nisi
3874 4993 3913 5037 a
3956 4994 4026 5038 se
4064 4976 4204 5058 ipso

2270 5061 2476 5125 vitam
2520 5070 2586 5125 et
2626 5058 3183 5124 immortalitatem
3241 5058 3495 5123 habeat.
3597 5058 4018 5124 Haereticum
4064 5080 4205 5125 esse

2270 5147 2660 5229 pronunciat
2723 5145 2884 5211 haec
2936 5143 3128 5210 belua
3179 5151 3248 5210 et
3313 5144 3615 5227 impium,
3681 5141 4047 5227 quicunque
4112 5145 4209 5211 sic

2441 5415 2530 5485 15)
2567 5418 2733 5473 nimia
2778 5418 2835 5473 r.
2871 5418 2942 5471 Β.
2982 5416 3037 5471 S.

2713 5588 2741 5619 l
