4825 6175
674 422 798 487 103

670 608 992 676 adversus
1045 607 1305 674 cimices
1358 605 1737 689 praestabis.
1825 606 1999 672 Nam
2045 604 2203 671 dum
2245 605 2315 670 in
2360 624 2630 670 arenam

673 696 994 762 adversus
1041 691 1334 758 Carolum
1376 690 1751 771 descendis,
1795 700 2133 758 certamen
2177 691 2492 757 adversus
2535 691 2628 757 ci-

672 781 876 846 mices
903 780 1200 861 suscipis,
1246 799 1412 861 quae
1451 799 1586 842 non
1622 777 1836 843 solum
1874 778 2198 843 morsibus
2235 774 2351 842 sed
2385 783 2456 842 et
2490 776 2624 840 foe-

674 874 819 932 tore
877 872 1179 949 pugnant
1235 863 1552 929 adversus
1608 862 1882 930 hostem.
1970 863 2337 928 Memorem
2382 882 2466 927 ne
2511 862 2631 927 tibi

673 950 743 1017 id
799 950 1120 1018 accideret
1172 948 1342 1032 quod
1399 948 1690 1015 carmine
1748 948 2113 1033 magistrali
2170 948 2284 1013 sed
2341 947 2628 1031 eleganti

676 1036 1025 1120 aliquando
1060 1035 1398 1101 Lutherus
1433 1034 1632 1100 Eccio
1677 1036 1941 1101 obiecit:
1989 1033 2126 1100 Hoc
2157 1034 2287 1100 seio
2308 1053 2434 1114 pro
2468 1036 2630 1099 certo

672 1123 837 1205 quod
875 1123 937 1187 si
978 1141 1118 1186 oum
1156 1125 1415 1188 stercore
1468 1126 1625 1186 certo
1640 1170 1657 1201 ,
1716 1120 1908 1186 Viaco
1960 1120 2054 1185 vel
2107 1120 2343 1197 vincor,
2384 1138 2630 1201 semper

674 1229 782 1293 eqo
816 1207 1111 1283 maculer,
1147 1207 1274 1271 nisi
1302 1205 1565 1272 Carolus
1598 1226 1686 1270 ex
1721 1227 1797 1272 eo
1835 1206 2122 1271 hostium
2156 1225 2397 1290 genere
2435 1210 2626 1281 esset,

674 1293 787 1377 qui
831 1293 1163 1358 neminem
1221 1304 1480 1374 praeter
1523 1311 1594 1357 se
1636 1292 1856 1376 ipsum
1898 1291 2158 1357 foedare
2199 1309 2276 1355 ac
2318 1311 2627 1372 conspur-

671 1401 824 1446 care
881 1388 1126 1462 potest,
1171 1389 1248 1442 ut
1290 1378 1403 1460 qui
1458 1378 1750 1442 omnium
1802 1379 1934 1442 iam
1995 1398 2156 1442 suae
2200 1375 2627 1458 turpitudinis

670 1465 918 1531 foetore
977 1485 1169 1530 nares
1225 1463 1603 1545 oppleverit.
1691 1463 1846 1529 Huc
1902 1462 2152 1528 accedit
2208 1460 2379 1545 quod
2436 1459 2627 1526 titulo

674 1550 958 1616 aliarum
1001 1570 1315 1614 manuum
1331 1551 1387 1627 ⁸)
1433 1549 1641 1631 ipsius
1675 1549 1954 1614 foetores
1991 1547 2304 1632 exagitas,
2340 1568 2468 1629 quo
2503 1546 2628 1611 mi-

668 1657 801 1701 nus
854 1635 937 1701 ad
994 1644 1056 1702 te
1100 1634 1393 1718 ipsorum
1433 1633 1683 1699 halitus
1725 1633 2041 1717 pestilens
2083 1633 2445 1717 perveniat.
2536 1633 2630 1696 At

673 1721 885 1805 qualis
929 1722 1018 1787 sit
1061 1720 1284 1798 hostis,
1330 1741 1461 1784 non
1509 1729 1729 1784 tamen
1772 1740 2042 1803 prorsus
2069 1716 2625 1784 contemnendum

672 1828 848 1886 esse,
905 1807 1194 1891 pulicum
1252 1805 1489 1888 quibus
1544 1805 1752 1871 lectus
1807 1815 1960 1871 tuus
2004 1805 2299 1869 insessus
2343 1803 2471 1869 fuit
2512 1802 2622 1867 de-

669 1891 1153 1958 morsiunculae
1195 1890 1355 1957 satis
1400 1890 1628 1955 docere
1671 1888 2057 1956 debuerunt.
2116 1889 2289 1955 Nam
2333 1890 2460 1954 etsi
2502 1910 2623 1971 pu-

669 1977 782 2043 lex
835 1978 1044 2045 hostis
1101 1977 1189 2041 sit
1244 1976 1393 2042 vilis
1457 1974 1807 2041 admodum
1864 1986 1929 2041 et
1981 1983 2425 2057 contemptus,
2489 1994 2623 2038 non

673 2061 914 2129 desinit
958 2071 1176 2128 tamen
1222 2061 1411 2127 valde
1454 2061 1771 2128 molestus
1816 2083 1974 2129 esse.
2043 2062 2258 2146 Perge
2302 2081 2459 2145 ergo
2504 2081 2622 2142 pu-

667 2149 828 2214 lices
887 2159 954 2213 et
1007 2148 1269 2213 cimices
1340 2147 1503 2213 istos
1569 2146 1836 2231 abigere
1898 2147 2041 2228 qui,
2099 2149 2224 2211 etsi
2277 2146 2397 2211 tibi
2455 2144 2623 2209 nihil

669 2255 904 2299 nocere
942 2243 1237 2316 possunt,
1271 2241 1550 2316 possunt
1584 2241 1810 2298 tamen
1844 2232 2004 2297 alios
2043 2232 2351 2297 infestare
2385 2229 2622 2315 quibus

669 2320 892 2385 minus
937 2320 1077 2385 noti
1122 2327 1310 2398 sunt,
1353 2318 1592 2402 quique
1635 2318 1858 2384 minus
1900 2333 2108 2383 artem
2156 2324 2404 2382 norunt
2443 2317 2622 2401 ipsos

666 2403 1061 2471 conterendi.
1164 2395 1363 2469 Valde
1406 2403 1651 2488 placuit
1695 2404 1868 2487 quod
1912 2404 2228 2469 hactenus
2271 2401 2618 2485 scripsisti:

668 2512 825 2556 nam
884 2490 1215 2556 hominem
1268 2489 1435 2554 mihi
1479 2487 1721 2556 videris
1778 2511 1894 2572 pro
1941 2488 2257 2573 dignitate
2299 2488 2619 2572 excipere,

667 2597 802 2641 non
856 2596 1049 2658 quam
1113 2577 1388 2640 meritus
1445 2584 1580 2654 est,
1637 2575 1751 2640 sed
1804 2596 1996 2658 quam
2055 2574 2241 2640 decet
2296 2595 2450 2639 eum
2509 2574 2619 2657 qui

667 2662 980 2727 adversus
1046 2661 1188 2726 eius
1256 2660 1620 2725 calumnias
1675 2672 1741 2726 et
1797 2660 2077 2725 latratus
2147 2660 2359 2725 alieno
2429 2659 2620 2724 titulo

667 2745 1106 2812 defensionem
1151 2746 1441 2829 suscipit.

835 2833 1059 2898 Pauca
1096 2841 1254 2898 sunt
1285 2841 1508 2896 tamen
1547 2850 1827 2913 quorum
1861 2832 2210 2896 admonere
2244 2832 2462 2896 visum
2499 2839 2617 2909 est,

663 2940 794 2984 non
853 2917 1024 3000 quod
1080 2916 1502 3000 displiceant,
1558 2916 1673 2981 sed
1728 2925 1806 2982 ut
1848 2914 2180 3000 expendas
2238 2917 2620 3000 diligentius

663 3005 719 3070 si
784 3005 1059 3069 fortasse
1137 3003 1409 3069 lectores
1488 3000 1816 3068 offendere
1888 3004 2144 3087 possint
2207 3011 2325 3068 aut
2390 3022 2617 3067 ansam

660 3090 976 3174 praebere
1020 3087 1232 3155 Caroli
1286 3086 1647 3155 fautoribus
1693 3089 2153 3154 calumniandi.
2245 3086 2423 3155 Sunt
2466 3109 2617 3154 con-

664 3176 835 3244 vicia
877 3174 1195 3259 quaedam
1239 3195 1405 3258 quae
1458 3174 1753 3240 fortassis
1797 3174 2202 3242 videbuntur
2243 3174 2511 3241 duriora
2553 3182 2621 3240 et

665 3261 997 3327 acerbiora
1053 3262 1135 3326 iis
1193 3260 1428 3343 quibus
1485 3261 1702 3325 minus
1759 3270 1959 3326 notus
2001 3267 2102 3326 est
2148 3258 2443 3339 Carolus,
2505 3268 2621 3325 aut

661 3348 775 3431 qui
809 3347 951 3411 seni
982 3345 1187 3411 deliro
1228 3344 1470 3429 aliquid
1515 3345 2012 3411 condonandum
2057 3356 2310 3429 putant.
2380 3346 2620 3427 Qualia

661 3440 850 3498 sunt:
900 3431 1156 3512 nebulo,
1199 3430 1489 3508 furcifer,
1531 3439 1595 3496 et
1632 3431 1762 3497 alia
1794 3431 1863 3496 id
1900 3453 2126 3516 genus.
2149 3434 2205 3513 ⁴)
2263 3430 2620 3515 Expendes

662 3518 870 3603 igitur
914 3538 1076 3582 num
1121 3517 1522 3600 praestiterit
1564 3537 1641 3582 ea
1682 3517 1988 3583 nonnihil
2032 3518 2260 3597 lenire,
2307 3537 2434 3600 quo
2479 3539 2619 3583 ma-

663 3604 766 3688 gis
810 3604 1067 3670 eluceat
1107 3603 1507 3669 narrationis
1542 3603 1640 3667 rei
1674 3611 1899 3687 gestae
1935 3603 2057 3667 sim
2108 3604 2336 3681 licitas,
2384 3611 2453 3668 et
2492 3603 2618 3667 mi-

663 3710 789 3755 nus
824 3699 1126 3754 narrator
1160 3689 1503 3754 affectibus
1539 3688 1909 3754 indulsisse.
1929 3691 1957 3730 ⁵
1961 3703 1986 3766 )
2102 3688 2182 3753 ed
2218 3690 2379 3754 haec
2414 3708 2620 3771 parva

663 3783 853 3853 sunt,
910 3796 1030 3840 nec
1083 3773 1291 3839 multo
1348 3775 1651 3858 graviora
1701 3796 1867 3859 quae
1910 3782 2286 3858 sequuntur.
2377 3774 2618 3840 Cuius-

663 3882 922 3944 cunque
966 3860 1159 3924 titulo
1204 3860 1367 3943 haec
1411 3858 1692 3925 edantur
1725 3862 1984 3943 scripta,
2032 3860 2361 3926 videbitur
2396 3869 2617 3926 tamen

664 3956 854 4011 autor
877 3946 1224 4011 lectoribus
1260 3946 1470 4010 nostri
1507 3945 1856 4011 admodum
1893 3946 2224 4011 studiosus
2259 3954 2327 4011 et
2351 3966 2613 4011 amans:

662 4052 787 4115 quo
842 4034 919 4096 fit
975 4042 1051 4096 ut
1110 4052 1337 4098 verear
1389 4053 1473 4096 ne
1532 4030 1701 4114 quod
1758 4031 2089 4096 interdum
2148 4031 2481 4114 praedicat
2536 4032 2616 4098 de

662 4117 882 4194 nobis,
940 4138 1014 4182 ac
1059 4116 1441 4199 praesertim
1504 4117 1675 4199 quod
1734 4115 1813 4183 de
1869 4126 1935 4181 te
1991 4117 2311 4200 principio
2368 4116 2613 4197 scribit,

662 4204 862 4268 nimis
919 4201 1211 4267 odiosum
1253 4202 1341 4268 sit
1383 4201 1711 4281 hostibus,
1771 4203 1884 4285 qui
1926 4214 2239 4286 perpetuo
2284 4205 2468 4285 queri
2512 4224 2614 4269 so-

660 4289 803 4353 lent
858 4287 1028 4370 quod
1085 4288 1206 4352 soli
1264 4288 1541 4353 velimus
1608 4309 1749 4354 esse
1806 4290 1873 4352 in
1931 4290 2173 4371 pretio,
2231 4298 2298 4353 et
2357 4298 2615 4355 nostros

661 4373 1022 4439 habeamus
1066 4382 1501 4438 assentatores
1542 4380 1609 4438 et
1652 4375 2109 4451 encomiastas,
2170 4374 2405 4456 quibus
2449 4375 2613 4440 nihil

661 4459 951 4524 arrideat
994 4459 1121 4524 nisi
1169 4459 1341 4542 quod
1388 4481 1427 4522 a
1472 4459 1657 4524 nobis
1702 4461 2182 4541 proficiscatur,
2229 4468 2297 4524 et
2339 4461 2452 4543 qui
2496 4483 2615 4526 nos

656 4545 845 4611 velut
910 4544 1087 4609 idola
1151 4554 1567 4609 venerentur.
1658 4544 1831 4608 Nam
1895 4566 2097 4627 quum
2153 4555 2216 4610 te
2274 4566 2613 4612 recusasse

657 4639 887 4695 narrat
905 4632 960 4714 ⁶)
1006 4630 1424 4713 scriptionem
1483 4629 1800 4695 adversus
1848 4630 2176 4709 Carvium,
2234 4632 2440 4696 nimio
2483 4633 2612 4697 for-

785 4988 797 5000 ·
864 4850 929 4983 ἓξ
962 4849 1589 5001 ξᾭξεεαθηῗσαξῗὲπὺηο
1620 4921 1683 4975 in
1716 4920 1861 4977 edito
1894 4921 2070 5003 uacuo
2103 4921 2277 4975 deleta
2310 4928 2454 4975 sunt.
2517 4922 2613 4977 Ita

659 4992 846 5043 statam
880 4988 952 5042 ab
987 4995 1149 5042 nuntio
1184 4988 1513 5058 nebulonem,
1543 5004 1797 5058 porcum,
1831 4990 2057 5045 besuam
2091 4990 2257 5045 habes
2318 5006 2489 5060 neque
2523 5008 2611 5047 us-

647 5057 813 5139 pianr
855 5057 965 5138 ⁸5⁶⁸·
1006 5058 1068 5110 cn
1118 5056 1320 5112 tautae
1368 5063 1644 5126 temperat.
1719 5057 1802 5126 of.
1848 5075 1905 5127 p.
1942 5056 2058 5112 297.
2098 5057 2216 5114 301.
2252 5031 2372 5114 ἑοῖ».
2406 5057 2509 5113 307
2563 5066 2612 5116 a

646 5140 684 5180 ⁴
865 5190 927 5259 5)
944 5139 1062 5249 θέει.
1132 5191 1359 5263 eappa:
1394 5195 1660 5249 videatur.

650 5328 715 5385 0
865 5261 1181 5400 ῳρῇπιιᾱὸι
1223 5263 1303 5318 ad
1346 5281 1408 5318 ea
1455 5279 1596 5335 quae
1634 5261 1899 5320 Calvinus
1943 5264 2087 5321 derit
2129 5280 2187 5334 p.
2220 5263 2348 5333 293,
2401 5267 2515 5322 scil.
2550 5265 2612 5321 in

2222 414 2750 484 EPISTOLAE
2796 419 3131 481 660-661
3630 420 3634 424 ’
4552 420 4643 482 104

2734 624 2858 671 san
2899 610 3279 687 contemptu
3323 601 3404 669 de
3451 601 3701 683 carolo,
3764 603 3964 669 nimis
4005 624 4161 671 vero
4217 603 4552 688 magnifice
4585 603 4646 672 de

2735 697 2802 754 te
2844 689 3024 774 loqui
3066 697 3133 755 et
3174 689 3418 756 sentire
3462 689 3672 755 videri
3725 690 3970 773 poterit
4021 689 4103 756 iis
4161 689 4276 773 qui
4332 691 4428 754 ita
4469 699 4648 758 trans·

2733 777 2912 864 yersi
2955 783 3247 860 aguntur
3290 775 3659 854 affectibus,
3703 783 3782 840 ut
3821 776 3984 859 ipsis
4025 776 4246 841 minus
4290 775 4647 859 placeamus,

2734 869 3087 944 nostraque
3122 863 3361 940 omnia,
3406 882 3604 945 quam
3644 859 3909 927 Carolus
3941 861 4148 928 nobis.
4210 858 4345 927 Sed
4381 862 4490 945 qui
4522 871 4650 929 sunt

2735 947 3058 1012 eiusmodi
3109 967 3240 1012 non
3297 956 3453 1013 sunt
3520 946 3709 1012 nobis
3765 946 3892 1012 alio
3946 947 4232 1013 habendi
4288 946 4427 1013 loco
4485 970 4650 1031 quam

2736 1032 3017 1099 Carolus.
3103 1032 3286 1098 Haec
3344 1044 3564 1098 tamen
3611 1033 3789 1100 volui
3830 1031 4120 1098 indicare
4162 1041 4237 1098 ut
4279 1033 4651 1116 expenderes

2731 1139 2892 1185 num
2937 1118 3140 1202 digna
3172 1118 3309 1183 sint
3342 1119 3600 1184 minuta
3635 1118 3798 1184 haec
3833 1117 4419 1186 animadversione.
4476 1121 4651 1187 Prae-

2731 1213 2913 1270 terea
2956 1224 3041 1269 ne
3085 1205 3305 1270 omnia
3352 1202 3575 1270 carolo
3633 1203 3921 1270 adimere
3973 1203 4224 1270 invidia
4265 1212 4334 1270 et
4375 1203 4518 1271 odio
4557 1207 4652 1272 ho·

2729 1290 2928 1355 minis
2969 1289 3289 1369 videatur,
3350 1290 3507 1355 dum
3552 1289 3713 1355 adeo
3773 1289 4105 1355 indoctum
4151 1291 4448 1355 omnium
4501 1291 4651 1373 facit,

2730 1375 2885 1458 quid
2930 1377 2986 1441 si
3029 1375 3127 1440 illi
3169 1375 3416 1458 aliquid
3471 1375 3970 1458 sophisticarum
4016 1377 4424 1460 argutiarum
4466 1387 4530 1443 et
4565 1398 4653 1445 ea-

2730 1462 3141 1526 villationum
3183 1461 3548 1540 tribuatur,
3606 1462 3840 1543 quibus
3899 1460 4197 1527 addictus
4241 1471 4368 1539 est,
4427 1471 4504 1528 ut
4550 1463 4654 1530 sibi

2731 1546 3018 1629 aliquam
3077 1547 3328 1631 ingenii
3373 1555 3440 1612 et
3482 1545 3868 1613 eruditionis
3924 1544 4186 1613 laudem
4210 1551 4265 1624 ⁷)
4322 1546 4498 1631 apud
4549 1549 4654 1615 im·

2730 1635 2975 1715 peritos
3018 1643 3084 1697 et
3126 1631 3322 1697 rudes
3365 1633 3706 1697 literarum
3749 1631 4079 1699 vendicet:
4133 1633 4226 1698 ita
4268 1642 4347 1698 ut
4389 1633 4568 1701 fucus
4606 1637 4655 1701 ei

2728 1718 2962 1802 aliquis
2997 1717 3427 1800 relinquatur,
3464 1739 3623 1784 vera
3656 1725 3875 1783 autem
3911 1717 4278 1785 eruditione
4314 1720 4653 1802 spolietur?

2727 1804 2900 1869 Nam
2937 1825 3070 1868 non
3093 1805 3302 1869 cuivis
3323 1804 3512 1869 facile
3546 1802 4061 1887 persuadebitur,
4103 1804 4440 1871 hominem
4475 1827 4657 1890 usque

2727 1889 2888 1955 adeo
2929 1889 3270 1955 indoctum
3315 1910 3489 1969 esse,
3547 1891 3657 1973 qui
3700 1888 3822 1955 sibi
3865 1911 3985 1956 sua
4026 1892 4460 1957 ostentatione
4502 1892 4657 1977 apud

2727 1975 3046 2058 plurimos
3091 1975 3377 2058 aliquam
3422 1976 3806 2040 eruditionis
3849 1975 4092 2040 famam
4140 1978 4406 2060 peperit.

2899 2062 3126 2138 Porro,
3163 2059 3333 2143 quod
3362 2059 3444 2127 ad
3464 2060 3776 2126 historiae
3797 2063 4144 2127 veritatem
4182 2063 4440 2143 attinet,
4476 2065 4659 2130 miror

2727 2166 2884 2210 sane
2950 2146 3302 2211 memoriae
3365 2146 3741 2211 felicitatem
3807 2154 3873 2211 et
3938 2146 4412 2214 dexteritatem.
4505 2150 4658 2215 Nam

2725 2230 2963 2297 melius
3006 2239 3191 2297 tenes
3235 2231 3518 2316 plurima
3560 2253 3726 2315 quae
3767 2232 3847 2297 ab
3887 2232 4168 2298 aliorum
4203 2254 4315 2300 ore
4349 2237 4657 2320 accepisti,

2725 2338 2922 2400 quam
2966 2338 3087 2402 ego
3131 2318 3243 2400 qui
3288 2317 3424 2383 vidi
3468 2326 3534 2382 et
3574 2339 3726 2401 pars
3771 2317 3989 2402 aliqua
4033 2318 4147 2385 fui.
4230 2317 4408 2386 Sunt
4451 2329 4658 2387 tamen

2726 2402 3047 2485 quaedam
3092 2404 3161 2468 in
3206 2403 3441 2487 quibus
3480 2413 3701 2469 metuo
3746 2412 3861 2468 aut
3903 2423 3986 2468 ne
4030 2425 4150 2488 ego
4195 2405 4389 2471 fallar
4429 2428 4658 2472 memo·

2725 2490 2854 2567 ria,
2899 2496 3015 2554 aut
3058 2510 3140 2554 ne
3184 2511 3417 2573 parum
3462 2510 3623 2555 vera
3677 2489 3799 2554 tibi
3845 2499 4111 2555 narrata
4153 2490 4317 2570 sint,
4373 2493 4662 2576 quamvis

2725 2596 2857 2639 non
2901 2574 3037 2640 sint
3069 2576 3293 2660 magni
3329 2574 3491 2640 adeo
3526 2575 3858 2641 momenti.
3921 2573 4058 2641 Sed
4095 2574 4218 2643 hoc
4257 2599 4484 2658 unum,
4531 2599 4659 2643 meo

2724 2659 2987 2809 quidem
3033 2660 3289 2739 iudicio,
3336 2660 3684 2744 diligenter
3739 2661 4106 2727 cavendum
4125 2713 4140 2740 ,
4199 2664 4434 2729 necubi
4491 2686 4660 2729 men-

2771 2745 2894 2810 acii
2934 2744 3251 2811 historiae
3294 2747 3584 2811 narratio
3630 2746 3937 2830 redargui
3980 2747 4201 2829 possit,
4248 2748 4317 2813 in
4361 2749 4444 2814 iis
4488 2771 4661 2833 prae-

2723 2832 2951 2897 sertim
2995 2852 3272 2914 quorum
3327 2840 3531 2896 testes
3575 2853 3716 2897 esse
3769 2841 4041 2915 possunt
4088 2831 4301 2900 Caroli
4353 2835 4659 2901 fautores:

2723 2937 2997 2999 qnorum
3054 2917 3164 2982 hic
3208 2924 3273 2981 et
3315 2917 3575 2982 Bernae
3630 2919 3791 2982 satis
3843 2939 4124 3002 magnus
4183 2929 4284 2984 est
4337 2942 4660 3000 numerus,

2723 3003 2834 3085 qui
2877 3002 3141 3067 tametsi
3183 3023 3316 3068 non
3362 3014 3583 3086 aperte
3626 3001 3907 3083 faveant,
3955 3003 4069 3069 sed
4115 3005 4448 3072 hominem
4495 3007 4661 3073 dam-

2723 3110 2884 3154 nare
2927 3098 3274 3173 cogantur,
3319 3091 3414 3154 ita
3456 3099 3680 3155 tamen
3726 3090 4042 3156 damnant
4086 3099 4160 3156 ut
4202 3100 4457 3175 partem
4503 3094 4662 3159 invi·

2723 3173 2869 3239 diae
2923 3176 2995 3238 in
3050 3196 3166 3240 nos
3226 3174 3522 3240 derivare
3580 3174 3915 3255 studeant,
3991 3197 4118 3259 quo
4185 3200 4302 3244 nos
4371 3190 4660 3263 gravent,

2722 3260 2912 3324 illum
2956 3281 3113 3325 vero
3169 3271 3560 3339 exonerent,
3620 3260 3790 3344 quod
3845 3270 4100 3345 partem
4156 3264 4444 3347 aliquam
4486 3267 4663 3350 igno·

2722 3347 2966 3411 miniae
3007 3347 3215 3429 ipsius
3260 3347 3341 3412 ad
3386 3368 3456 3412 se
3501 3368 3752 3430 quoque
3797 3347 4011 3413 redire
4056 3350 4361 3417 sentiant.
4451 3353 4664 3435 Atque

2721 3432 2817 3496 ita
2852 3451 3114 3496 causam
3157 3454 3341 3497 suam
3386 3440 3607 3516 agunt,
3655 3432 3934 3497 crimina
3972 3432 4183 3499 Caroli
4218 3446 4661 3513 extenuantes,

2724 3539 2800 3583 ac
2844 3517 3033 3582 nobis
3075 3518 3332 3602 culpam
3378 3538 3620 3602 magna
3663 3539 3748 3584 ex
3839 3529 3979 3584 arte
4025 3518 4504 3602 adscribentes,
4566 3522 4663 3606 qui

2723 3622 2800 3669 eo
2846 3602 3316 3685 desperationis
3358 3604 3691 3670 hominem
3815 3607 4159 3689 egerimus.

2893 3688 2990 3754 Ut
3032 3697 3252 3753 autem
3311 3689 3642 3773 intelligas
3696 3710 3864 3773 quae
3920 3699 3983 3755 te
4041 3692 4235 3756 velim
4291 3696 4508 3778 magis
4563 3717 4662 3759 ex·

2722 3774 3025 3857 pendere,
3072 3774 3300 3839 ordine
3344 3776 3681 3860 attingam.
3773 3774 3967 3857 Quod
4024 3779 4253 3844 scribis
4298 3778 4379 3845 de
4419 3777 4663 3864 bulla⁸)

2723 3881 2856 3924 non
2923 3859 3147 3942 procul
3221 3860 3403 3926 abest
3473 3883 3513 3926 a
3578 3883 3763 3941 vero;
3853 3861 3967 3926 sed
4034 3866 4297 3931 tametsi
4365 3865 4660 3931 nonnihil

2722 3947 3195 4029 tergiversatus
3251 3947 3339 4010 sit
3381 3946 3777 4031 Agathopoli
3838 3946 4012 4031 quod
4066 3971 4215 4014 eum
4276 3951 4466 4017 valde
4528 3974 4662 4035 pre-

2720 4038 2931 4095 meret
2974 4029 3326 4096 divortium
3372 4054 3521 4098 cum
3568 4054 3805 4110 uxore,
3865 4034 4050 4099 visus
4093 4045 4195 4100 est
4238 4046 4462 4102 tamen
4509 4036 4662 4102 mihi

2720 4116 2966 4181 bullam
3012 4137 3395 4200 agnoscere,
3442 4126 3510 4184 et
3551 4119 3770 4183 omnia
3815 4139 3885 4184 se
3930 4121 4184 4186 conscio
4240 4122 4412 4188 facta
4451 4124 4662 4198 fuisse,

2721 4202 3026 4285 quamvis
3071 4202 3315 4285 aliquid
3353 4205 3481 4270 tale
3516 4203 3824 4271 obiiceret
3858 4204 4048 4287 quale
4082 4227 4329 4273 narras.
4391 4208 4660 4286 Deinde,

2719 4287 3018 4371 quamvis
3073 4289 3340 4355 missam
3395 4289 3753 4369 damnarit,
3812 4291 3924 4355 diu
3982 4303 4199 4357 tamen
4258 4295 4661 4379 multumque

2719 4374 3194 4457 tergiversatus
3262 4386 3393 4453 est,
3462 4397 3589 4458 quo
3645 4377 3705 4441 ei
3760 4376 4045 4459 speciem
4110 4377 4396 4461 aliquam
4465 4381 4659 4456 daret,

2718 4479 2844 4542 quo
2889 4458 3080 4525 valde
3122 4461 3620 4527 offendebantur
3665 4461 4224 4546 Agathopolitani.
4314 4465 4662 4532 Praeterea

2717 4545 2999 4622 Bernae‚
3089 4567 3246 4611 uum
3291 4548 3362 4612 in
3405 4547 3784 4612 consistorio
3830 4555 3974 4613 aeta
4017 4556 4121 4613 est
4161 4571 4359 4616 causa
4395 4552 4476 4617 de
4521 4572 4660 4635 pre·-

2719 4631 2898 4697 cibus
2919 4632 3048 4695 -fun
3099 4630 3284 4698 endis
3319 4654 3435 4715 pro
3469 4643 3874 4699 mortuorum
3923 4637 4489 4722 resurrectione,⁹)
4535 4657 4660 4703 non

2718 4717 2984 4781 memini
3042 4717 3424 4783 damnatum
3467 4719 3666 4785 fuisse
3711 4719 3791 4784 ad
3840 4719 4270 4802 palinodiam,
4330 4732 4398 4788 et
4440 4732 4658 4790 nostro

2716 4812 2948 4886 rogatu
2993 4804 3352 4882 remissam,
3398 4803 3511 4870 sed
3555 4805 3948 4888 imperatum
3992 4807 4119 4889 ipsi
4163 4815 4422 4874 tantum
4465 4809 4658 4875 fuisse

2923 5058 2982 5125 7)
3019 5057 3361 5127 Apoqrapha
3405 5058 3629 5113 habent.-
3676 5058 3911 5125 tandem,
3960 5058 4107 5129 quod
4144 5057 4200 5114 S.
4239 5074 4305 5114 ωε
4352 5061 4656 5130 comestura

2714 5128 3033 5195 emendavit,
3069 5129 3201 5198 quie
3236 5128 3613 5196 autom-aphau
3647 5144 3759 5183 non
3792 5127 4045 5196 inspexit.

2917 5196 2982 5332 33
3011 5194 3531 5320 {lageeaetgaggdnmr
3564 5280 3599 5319 a
3639 5265 3846 5321 Nostro
3887 5282 3943 5347 p.
3981 5264 4084 5319 328
4128 5280 4199 5321 se.
4247 5265 4343 5321 sed
4388 5266 4549 5323 aliter
4592 5279 4651 5322 ae

2726 5334 2945 5390 Ventus
2978 5333 3068 5391 ἡδο
3100 5338 3330 5390 testatum·
3364 5349 3420 5388 se
3452 5334 3515 5388 in
3548 5334 3760 5391 schedio
3792 5335 3999 5405 leym«.
