4825 6175
192 437 302 501 425

189 641 284 689 me
300 618 587 686 touchiez
620 619 703 685 de
729 619 797 685 la
826 640 1249 704 recompenso
1280 640 1411 705 que
1441 640 1602 687 mon
1633 618 1771 686 dict
1790 618 1901 687 Se·
1998 642 2118 686 eur

192 730 228 774 a
261 705 574 772 intention
618 705 701 770 de
744 725 852 771 me
893 706 1073 784 faire,
1090 709 1120 748 ²
1200 727 1454 773 comme
1495 708 1552 772 si
1594 706 1659 772 ie
1701 727 1772 771 re
1939 708 2034 771 cis
2076 726 2117 771 a

189 793 329 870 cela,
372 798 438 855 et
478 811 605 873 que
645 791 708 856 ie
751 812 990 857 neusse
1024 800 1212 875 point
1256 791 1467 857 aultre
1509 792 1986 858 consideration
2030 809 2115 858 en

186 879 307 963 luy.
390 874 551 942 Oest
590 875 849 942 lamour
890 884 958 942 et
1008 898 1359 943 reverence
1415 898 1543 961 que
1581 878 1645 943 ie
1687 876 1806 962 luy
1847 886 2032 960 porte
2076 899 2116 943 a

186 965 300 1030 bon
341 960 544 1027 droict
597 982 682 1026 en
736 971 958 1029 nostre
1002 961 1360 1048 Seigneur,
1419 962 1762 1028 tellement
1817 963 1952 1045 quil
2007 983 2114 1027 me

182 1048 328 1114 faict
366 1046 521 1112 bien
557 1047 692 1112 mal
736 1068 859 1128 que
913 1050 974 1113 ie
1030 1071 1115 1113 ne
1170 1070 1276 1114 me
1331 1050 1484 1133 puis
1541 1049 1937 1114 aultrement
1978 1070 2114 1115 em—

180 1133 394 1218 ployer
434 1154 672 1199 envers
725 1133 841 1219 luy
897 1140 966 1199 et
1022 1156 1214 1212 vous,
1281 1155 1449 1218 pour
1502 1143 1830 1199 monstror
1883 1155 1958 1200 ce
2000 1134 2116 1216 qui

181 1226 272 1285 est
311 1240 390 1283 en
434 1239 590 1282 mon
634 1239 853 1284 cueur.
942 1221 1277 1285 'Pontefois
1343 1221 1407 1285 ie
1472 1238 1637 1285 vous
1695 1220 1973 1303 supplyo
2030 1240 2114 1284 ne

179 1304 425 1371 vouloir
466 1302 602 1368 mal
646 1304 928 1387 prendre
972 1324 1046 1370 ce
1089 1326 1214 1388 que
1269 1307 1378 1370 ien
1436 1303 1555 1371 dis.
1654 1304 1791 1371 Gar
1843 1305 1892 1369 il
1934 1328 2029 1389 ny
2074 1326 2114 1370 a

175 1391 305 1455 rien
347 1390 460 1473 qui
504 1411 619 1474 my
662 1390 756 1453 ait
798 1411 1047 1469 esmeu,
1103 1392 1296 1456 sinon
1339 1389 1404 1455 la
1446 1391 1698 1457 crainte
1739 1411 1866 1474 que
1907 1391 2113 1455 iavois

177 1495 290 1558 que
351 1495 520 1540 vous
574 1494 660 1540 ne
711 1476 995 1558 prinsiez
1061 1477 1248 1560 point
1308 1475 1463 1541 telle
1517 1478 1724 1541 fiance
1789 1496 1872 1541 en
1938 1497 2110 1562 moy,

174 1581 413 1627 comme
456 1561 521 1625 ie
563 1559 792 1626 desire.
883 1565 992 1627 Au
1034 1573 1235 1640 reste,
1292 1562 1355 1626 ie
1397 1571 1678 1627 nentens
1721 1561 1907 1645 point
1963 1561 2110 1628 din-

171 1653 380 1711 tenter
423 1646 854 1729 complaincte
896 1647 1009 1730 qui
1048 1649 1282 1712 merite
1323 1668 1650 1730 response.
1740 1646 1872 1713 Oar
1911 1647 1961 1712 il
2003 1668 2111 1712 me

170 1732 341 1797 suffit
383 1752 514 1815 que
556 1752 718 1797 vous
761 1733 947 1798 naiez
1005 1734 1193 1816 point
1247 1753 1329 1797 eu
1387 1733 1469 1797 de
1512 1732 1753 1799 doubtc
1794 1754 1881 1799 ne
1923 1754 2108 1799 sous-

167 1837 358 1900 pecon
404 1817 521 1900 qui
561 1838 729 1882 vous
773 1818 866 1882 ait
904 1818 1160 1885 induict
1202 1841 1242 1884 a
1284 1839 1436 1884 men
1479 1818 1646 1883 faire
1688 1819 1999 1883 mention.

329 1901 474 1968 Sur
506 1900 650 1969 cela
681 1903 742 1968 ie
775 1903 964 1987 feray
998 1906 1109 1981 fin,
1156 1925 1345 1988 apres
1380 1915 1622 1969 mestre
1655 1903 2112 1969 humblement

162 1989 617 2053 recommande
660 2009 701 2052 a
743 1997 962 2053 vostre
1004 1988 1219 2055 bonne
1263 2011 1473 2073 grace.
1540 1989 1616 2054 Ie
1657 1989 1923 2075 prieray
1957 2009 2109 2054 nos-

23 2099 29 2118 ss
161 2082 256 2137 tre
297 2074 432 2138 bon
479 2072 654 2138 Dieu
698 2074 780 2140 de
822 2095 986 2141 vous
1030 2077 1216 2139 avoir
1250 2076 1577 2140 tousiours
1618 2094 1699 2139 en
1743 2096 1819 2140 sa
1859 2076 2109 2140 saincte

155 2159 547 2242 protection,
593 2180 758 2226 vous
800 2171 1217 2243 gouvernant
1249 2160 1428 2226 selon
1465 2182 1541 2226 sa
1573 2160 1790 2225 bonne
1824 2161 2108 2239 volonte,

158 2244 313 2308 affin
357 2243 444 2310 de
491 2245 780 2328 glorifier
822 2267 940 2312 son
985 2248 1196 2312 sainct
1236 2266 1393 2310 nom
1436 2267 1520 2311 en
1563 2267 1741 2312 vous.
1832 2246 1936 2312 De
1971 2246 2108 2312 Ge-

153 2330 357 2406 nefve,
405 2349 489 2395 ce
533 2335 615 2395 20
659 2330 740 2396 de
782 2330 1138 2397 novembre
1189 2336 1368 2396 1546.

231 2449 490 2515 Vostre
531 2448 801 2516 humble
844 2449 1174 2517 serviteur
1217 2459 1285 2517 et
1325 2449 1457 2516 bon
1499 2451 1671 2518 frere
1714 2472 1754 2516 a
1787 2451 2107 2532 iammais,

1424 2553 1634 2621 Iehan
1678 2553 1935 2622 Oalvin.

1062 2997 1219 3069 855.

686 3134 1150 3203 GALVINUS
1194 3133 1564 3204 VIRETO.

325 3305 547 3373 Vinci
596 3306 841 3390 nuptiis
888 3326 956 3372 se
1011 3306 1384 3390 adfuturum
1422 3308 1748 3389 promittit.
1847 3304 1950 3374 De
2001 3329 2104 3375 vo-

137 3392 331 3458 cando
381 3391 718 3459 Saliniaco
760 3390 994 3459 dubius
1043 3391 1267 3459 haeret.
1359 3391 1672 3460 Rumores
1714 3413 1793 3460 ex
1839 3392 2106 3461 Germa-

137 3477 246 3543 nia
289 3479 539 3545 enatos
574 3479 768 3563 refert
808 3483 979 3546 casu.

137 3647 239 3711 (Ex
275 3655 528 3720 autogr-a
568 3649 640 3703 ho
686 3649 817 3704 eod.
871 3648 1073 3704 Gener.
1126 3647 1250 3716 106,
1296 3649 1387 3704 fol.
1436 3647 1555 3704 178.
1609 3679 1671 3690 -
1723 3650 1960 3705 Exstant
2043 3667 2107 3706 ro

137 3731 285 3771 more
321 3734 540 3785 exemp
629 3719 682 3772 'a
713 3716 1140 3773 Ionvsslaeicod.
1162 3717 1332 3788 111⁸,
1363 3717 1457 3771 fol.
1492 3717 1529 3772 9
1561 3734 1633 3786 ι,
1664 3718 1942 3774 Turretini
2093 3760 2106 3773 .

166 3784 286 3854 111,
322 3787 430 3842 fol.
479 3785 599 3854 153,
635 3788 916 3842 Beruense
948 3787 1090 3857 Epp.
1126 3786 1244 3840 vn.
1279 3804 1333 3856 p.
1369 3785 1490 3851 ⁷93,
1526 3787 1745 3842 simleri
1780 3788 1906 3843 Vol.
1941 3789 2052 3853 62.)

25 3890 28 3893 ¹
131 3938 410 4006 Eximio
450 3939 735 4006 Domini
776 3940 988 4007 nostri
1029 3940 1187 4006 Iesu
1230 3940 1480 4007 christi
1521 3961 1715 4009 servo
1748 3910 1951 4009 Petro
1984 3943 2108 4009 vi-

131 4032 274 4091 reto
311 4027 837 4093 Lausannensis
878 4027 1187 4094 ecclesiae
1227 4028 1475 4110 pastori
1516 4027 1707 4094 fratri
1749 4029 2105 4095 carissimo.

303 4160 383 4229 S.
483 4162 776 4229 Promisi
843 4161 1102 4230 Sonerio
1176 4186 1283 4230 me
1343 4162 1781 4232 benedictioni
1844 4165 2106 4231 adfutu-

131 4267 301 4326 rum,
333 4252 390 4324 ι)
455 4249 596 4314 nisi
664 4247 819 4332 quid
885 4248 1050 4314 forte
1105 4249 1507 4316 interveniat
1574 4250 1865 4330 adversi,
1936 4250 2109 4335 quod

129 4332 407 4401 nollem.
532 4333 644 4399 Ad
724 4334 1117 4401 Saliniacum
1193 4336 1450 4401 animus
1526 4357 1661 4402 non
1737 4336 2026 4403 inclinat.
2047 4335 2105 4421 ²)

335 4522 406 4589 2)
451 4521 622 4577 Pom·
655 4521 714 4576 la
749 4517 999 4576 de'dicace
1033 4521 1100 4575 de
1132 4522 1189 4576 la
1223 4522 1305 4574 1¹0
1348 4537 1463 4577 oux
1502 4520 1864 4578 Gon-inmens.

149 4589 291 4646 855.
328 4591 394 4660 1)
435 4590 591 4646 Nm·
633 4590 818 4644 omvtae‘a
851 4604 951 4643 nos
979 4589 1185 4657 fallunt
1218 4592 1404 4659 coitur
1449 4591 1538 4646 hic
1571 4592 1639 4645 de
1676 4592 1889 4659 nuptiis
1933 4591 2108 4647 Vir-eti

123 4661 384 4726 proaeaae
420 4659 774 4714 instantibus
807 4664 858 4714 et
891 4662 1023 4727 quia
1061 4657 1282 4713 Souris·
1320 4662 1521 4714 mantio
1563 4661 1628 4722 fit
1669 4660 1774 4715 hac
1807 4662 2102 4726 occasione,

125 4743 254 4781 voro
286 4731 490 4783 mile
657 4743 775 4781 eam
808 4729 986 4795 ipsam
1003 4727 1229 4780 υίᾶκαηι
1263 4728 1485 4781 tandm
1514 4729 1768 4783 delectam
1802 4734 1854 4783 et
1887 4729 2104 4784 ductam

124 4796 303 4860 stim
349 4813 538 4867 quam
728 4796 1194 4850 commendaverat
1237 4795 1343 4856 (N.
1378 4796 1483 4851 830
1515 4813 1571 4852 se
1606 4800 1702 4868 q.).
1785 4797 1880 4851 Ea
1924 4804 2104 4852 tamen

127 4865 353 4920 m'dem·
377 4867 585 4935 fuisse
615 4864 957 4919 Albonemis.
1027 4862 1360 4919 Solus-idcina
1408 4865 1561 4931 (Far
1638 4881 1691 4919 u.
1739 4866 1891 4921 Vini
1913 4882 1972 4935 p.
2008 4865 2104 4935 44)

126 4936 442 4989 mudum
480 4935 654 4987 Mus
687 4948 914 4987 uxorem
950 4932 1308 4988 Θεηουαιεσηι
1340 4933 1491 4988 dicit.

340 5003 410 5068 2)
460 5002 735 5056 Fortasse
891 5005 899 5014 '
1106 5001 1292 5068 fuerat
1328 5003 1396 5056 de
1436 5018 1499 5057 eo
1530 5006 1593 5058 in
1632 5004 1807 5058 bam
1847 5001 2104 5058 Curionis

128 5072 493 5139 efficiendo,
536 5070 620 5124 vel
648 5071 826 5125 Vento
852 5085 961 5139 pro
979 5071 1109 5126 colle
1142 5087 1180 5125 a
1212 5071 1560 5141 αάὀωιρεηάο
1593 5073 1656 5126 in
1669 5071 1926 5126 caffledra
1960 5078 1983 5126 t

127 5139 322 5209 logica.
401 5140 506 5194 10.
545 5139 611 5193 de
650 5138 907 5207 Saliam
939 5146 1111 5194 erait
1278 5137 1381 5203 D„
1426 5144 1613 5209 πρίαιο
1658 5140 1847 5204 lector,
1889 5141 2033 5197 bobr.
2068 5140 2102 5194 1.

122 5210 422 5277 professor
460 5222 541 5263 eae
562 5209 891 5262 Petrocoriis
920 5209 1202 5262 oriundus.
1262 5208 1718 5274 Rufos-mationem
1744 5210 1961 5278 publice
1992 5225 2104 5263 non

124 5281 516 5404 profitebatur-IX
515 5276 868 5414 ‚ugias-ret
897 5278 1056 5332 noba·
1087 5278 1150 5330 in
1183 5278 1284 5331 hoc
1317 5285 1504 5334 nomo
1545 5278 1787 5356 Ἤκουσαν,
1787 5294 1821 5333 ο
1864 5294 1918 5334 α.
1952 5275 2104 5331 1561.

1856 435 2014 497 1546
2049 429 2114 500 N
2116 429 2468 499 ovmffl.

4029 440 4155 504 426

2215 616 2645 701 Scripserunt
2685 620 2864 685 enim
2904 620 3070 687 mihi
3111 623 3480 707 complures
3521 625 3919 710 Argentina‚
3974 647 4161 711 pror-

2216 724 2329 770 sus
2368 705 2705 771 hominem
2749 725 2892 771 esse
2926 707 3230 786 aulicum,
3277 719 3346 774 et
3385 712 3493 776 cui
3525 710 3717 777 valde
3759 711 4010 795 placeat
4041 731 4163 779 sua

2217 788 2524 855 conditio.
2613 789 2919 874 Denique
2963 796 3018 858 si
3061 805 3346 874 vocetur,
3404 795 3567 861 nihil
3612 796 3766 862 boni
3809 798 3973 862 mihi
4016 798 4159 863 ani—

2216 895 2365 939 mus
2406 877 2758 961 praesagit,
2808 876 3012 943 donec
3066 879 3244 944 aliud
3289 882 3487 946 animi
3533 883 3634 947 sui
3677 883 4001 967 specimen
4046 882 4160 949 de·

2219 961 2405 1025 derit.
2494 961 2599 1027 De
2641 963 2921 1045 pecunia
2975 964 3130 1047 quid
3186 965 3364 1031 aliud
3408 967 3692 1034 Mallieto
3748 966 4159 1049 rescriberes,

2216 1046 2346 1110 nisi
2387 1054 2458 1110 te
2514 1047 2791 1129 primam
2849 1070 3172 1114 summam
3228 1072 3270 1116 a
3325 1052 3587 1119 Nicolao
3639 1055 3991 1137 recepisse,
4054 1075 4163 1121 me

2217 1131 2337 1196 tibi
2381 1130 2605 1197 decem
2642 1140 2931 1200 scutatos
2965 1135 3347 1235 pollicitum,
3392 1158 3553 1220 quos
3587 1138 3760 1221 apud
3793 1161 3899 1204 me
3934 1140 4159 1219 habeo,

2219 1216 2585 1283 Martialem
2638 1218 2827 1284 illum
2884 1241 2995 1303 qu1
3050 1220 3167 1285 tibi
3212 1230 3488 1306 quatuor
3540 1243 3884 1289 numerare
3938 1224 4164 1290 debuit

2215 1323 2348 1366 non
2391 1314 2682 1382 exstare,
2742 1326 2863 1371 nec
2905 1314 2972 1370 te
3012 1307 3178 1371 scire
3234 1307 3392 1391 quid
3450 1308 3539 1372 sit
3592 1310 3896 1377 hominis.
3980 1310 4161 1376 Eum

2215 1388 2398 1452 cuius
2441 1398 2542 1452 est
2583 1390 2862 1473 pecunia
2901 1391 3072 1456 nihil
3113 1413 3378 1459 necesse
3419 1400 3522 1460 est
3565 1393 3682 1459 tibi
3725 1415 3869 1461 esse
3908 1404 4158 1476 notum,

2214 1473 2428 1554 quoad
2487 1474 2707 1540 literas
2776 1495 2817 1540 a
2871 1476 3155 1543 Mallido
3211 1478 3445 1544 afferat
3505 1499 3670 1562 quae
3723 1480 3920 1546 fidem
3972 1489 4159 1546 tuam

2213 1556 2512 1625 liberent.
2601 1560 2785 1625 Nihil
2829 1564 3005 1625 enim
3049 1562 3171 1628 tibi
3214 1585 3365 1630 cum
3409 1585 3732 1648 quoquam
3780 1567 4024 1650 negotii
4058 1573 4162 1632 est

2212 1643 2326 1725 qui
2369 1664 2565 1728 agere
2608 1655 2821 1712 tecum
2866 1648 3095 1731 possit,
3141 1651 3270 1715 nisi
3312 1671 3463 1715 cum
3506 1651 3649 1735 ipso
3683 1650 3984 1718 Maaieto.
4050 1651 4160 1717 Ita

2210 1749 2480 1794 securus
2521 1730 2824 1797 dormias.

2384 1814 2591 1880 Venit
2639 1816 2785 1883 heri
2838 1826 3160 1884 mercator
3203 1820 3708 1905 Argentinensis
3763 1824 3876 1906 qui
3933 1827 4161 1886 narrat

2216 1898 2516 1965 Garoham
2555 1902 2930 1986 Hispanum
2975 1904 3261 1972 dimissis
3304 1907 3505 1989 copiis
3555 1906 3857 1972 omnibus
3898 1914 4161 1991 praeter

2211 1995 2494 2067 quatuor
2546 1986 2990 2071 Hispanorum
3058 1990 3269 2056 millia
3320 1994 3390 2056 in
3446 1993 3787 2058 Austriam
3851 2013 3923 2059 se
3978 2012 4158 2058 rece-

2209 2071 2399 2152 pisse.
2423 2074 2480 2148 ⁸)
2576 2073 2854 2139 Nostros
2903 2082 3130 2141 tenere
3174 2078 3554 2158 exercitum,
3600 2079 3727 2144 nisi
3770 2077 3942 2162 quod
3964 2098 4155 2162 prae-

2211 2157 2395 2222 sidiis
2439 2158 2638 2224 urbes
2681 2168 2843 2224 sunt
2882 2158 3153 2241 levatae,
3210 2165 3364 2246 quia
3404 2163 3626 2229 nullus
3669 2164 3750 2229 ab
3793 2164 3981 2231 hoste
4022 2164 4156 2229 iam

2211 2251 2444 2307 metus.
2531 2243 2718 2323 Vale,
2762 2245 2967 2310 frater
3020 2256 3089 2313 et
3140 2249 3348 2315 amice
3399 2250 3836 2333 integerrime.
3923 2247 4155 2316 Domi-

2210 2347 2338 2392 nus
2401 2327 2522 2392 tibi
2588 2328 2759 2396 adsit
2824 2351 2900 2398 ac
2941 2331 3285 2400 benedicat
3353 2334 3425 2399 in
3491 2335 3813 2401 omnibus.
3920 2332 4156 2400 Saluta

2209 2414 2472 2479 amicos.
2560 2413 2876 2482 Genevae
2920 2421 3020 2482 20.
3065 2418 3381 2485 Novemb.
3432 2424 3615 2486 1546.

3128 2554 3411 2621 Ioannes
3454 2554 3771 2624 Oalvinus
3814 2564 3981 2623 tuus.

2980 2846 3385 2857 ———-—

3103 3063 3261 3137 856.

2697 3216 3177 3288 SULzERUS
3222 3217 3657 3288 OALVINO.

2383 3388 3021 3473 Fusiusatpom‘tin
3062 3390 4157 3481 quodisorimineipsedquicum

2207 3476 2347 3559 ipso
2386 3474 2638 3558 faciunt
2674 3472 2932 3541 Bemae
2972 3477 3285 3543 constituti
3326 3478 3470 3544 sint.

2209 3646 2325 3717 (Ex
2358 3644 2698 3718 autographo
2735 3645 2876 3701 Bibl.
2909 3647 3114 3783 natssigg.
3140 3647 3490 3782 ἔίτιεειῖθῗεὶε,
3529 3649 3753 3707 Oollect.
3773 3650 3995 3723 anuy,
4027 3648 4153 3707 Vol.

2209 3884 2378 3957 Viro
2423 3884 2723 3952 doctrina
2764 3892 2832 3952 et
2873 3886 3119 3970 pietate
3174 3887 3734 3970 praestantissimo
3792 3890 3877 3955 D.
3921 3890 4157 3956 Ioanni

2382 3970 2662 4037 Calvino
2703 3979 3111 4057 symmystae
3153 3981 3220 4039 et
3261 3975 3448 4039 fratri
3489 3975 3562 4039 in
3607 3974 3892 4041 Domino
3935 3975 4157 4043 obser-

2381 4056 2781 4123 vandissimo
2825 4078 2959 4123 suo.

3513 4144 3848 4212 Genevae.

2381 4277 2455 4345 S.
2515 4279 2835 4347 Graviter
2875 4279 3270 4347 convellitur
3321 4280 3594 4347 eeclesia
3648 4290 3897 4361 nostra,
3916 4285 3974 4360 1)
4017 4289 4156 4351 tra-

2208 4364 2443 4450 goedia
2481 4366 2846 4448 perniciosa
2887 4365 3123 4432 studiis
3165 4365 3569 4449 quorundam
3612 4368 3913 4446 excitata,
3957 4376 4036 4434 ut
4072 4389 4157 4435 ex

2207 4451 2525 4535 proximis
2565 4451 2730 4517 meis
2766 4453 3005 4533 partim
3048 4450 3450 4517 intellexisti.
3538 4452 3624 4518 In
3664 4473 3742 4518 ea
3795 4454 3890 4520 sic
3940 4454 4156 4537 quatie-

2207 4558 2361 4602 mur
2401 4547 2715 4619 pastores,
2774 4535 3024 4603 Beatus
3061 4545 3129 4603 et
3170 4556 3292 4621 ego
3305 4587 3323 4615 ,
3378 4539 3493 4603 vix
3546 4547 3621 4603 ut
3676 4538 3941 4605 clavum
3991 4539 4152 4604 reti-

2209 4642 2482 4687 neamus
2526 4622 2823 4705 amplius.
2918 4622 3285 4705 Grynaeum
3326 4629 3684 4706 tempestas
3725 4624 3935 4703 eiecit,
3980 4620 4150 4689 nihil

2206 4707 2339 4772 tale
2382 4715 2871 4791 exspectantem
2925 4714 3041 4774 aut
3081 4708 3409 4773 meritum.
3497 4708 3808 4775 Mem
3848 4717 4151 4777 nostrum

2205 4790 2739 4877 ludimagistrum
2782 4814 2957 4859 mors
3009 4793 3313 4878 abripuit,
3357 4814 3515 4860 vere
3556 4794 3895 4860 cordatum
3936 4796 4151 4862 homi-

2207 4900 2380 4955 nem,
2425 4879 2758 4964 singulare
2791 4887 2860 4944 et
2897 4878 3211 4944 eximium
3254 4901 3593 4964 organum.
3657 4879 3797 4944 Nos
3838 4880 3948 4946 via
3988 4879 4150 4947 obli-

2208 4986 2336 5048 qua
2373 4967 2658 5048 petimur
2700 4973 2767 5030 et
2807 4963 3222 5048 undiquaque
3264 4986 3579 5050 urgemur
3617 4972 3685 5031 et
3725 4964 4153 5033 distrahimur

2411 5204 2474 5269 3)
2513 5204 2873 5260 Falsissimus
2902 5204 3017 5271 fuit
3048 5220 3250 5258 rumor.
4120 5226 4127 5235 ·

2203 5272 2646 5399 mli&
2695 5275 2914 5328 omnino
2954 5273 3026 5327 N.
3061 5271 3164 5326 849
3197 5278 3249 5328 et
3282 5271 3738 5342 Hundeshayem‘i
3783 5271 3984 5329 mrum
4014 5273 4145 5329 m
