4825 6175
193 448 302 515 253

350 631 727 699 Clarissimo
767 632 916 697 viro
956 631 1051 697 Io.
1098 629 1380 698 Oalvino
1424 630 1734 699 000100100
1777 629 2126 696 Geneven-

193 724 272 789 010
309 718 617 806 primario
662 718 963 784 ministro
1007 725 1128 783 etc.

1536 801 1867 869 Gonane.

344 939 413 1007 S.
457 940 535 1006 P.
595 941 668 1005 in
725 939 1012 1006 Christo.
1112 938 1324 1005 Doleo
1392 946 1657 1004 tantum
1720 957 1865 1003 esse
1932 935 2126 1002 huius

185 1027 674 1096 Ratisbonensis
716 1024 1018 1109 colloquii
1058 1024 1415 1102 silentium,
1443 1028 1495 1102 ¹)
1551 1030 1630 1088 ut
1685 1022 1961 1107 dignum
2004 1022 2124 1085 ali·

187 1113 331 1199 quid
373 1133 505 1178 non
547 1118 686 1176 tam
729 1112 895 1177 meis
935 1110 1147 1176 literis
1189 1130 1381 1193 quam
1427 1110 1564 1175 tuis
1608 1107 1876 1173 auribus
1910 1120 1977 1172 et
2011 1117 2127 1172 tua

185 1198 544 1285 cognitione
579 1197 880 1274 scribere,
920 1198 1011 1261 mi
1045 1206 1443 1279 praeceptor,
1490 1215 1621 1260 non
1659 1196 1919 1277 possim.
1989 1192 2124 1259 Sed

183 1307 264 1352 ne
302 1305 407 1348 me
446 1283 888 1367 negligentiae
946 1302 1254 1349 accusare
1296 1283 1535 1365 possis,
1600 1301 1717 1345 seu
1771 1280 1984 1363 potius
2039 1300 2125 1344 ne

181 1368 419 1453 aliquid
459 1391 499 1435 a
543 1370 785 1434 nostris
828 1369 973 1433 fieri
1016 1377 1228 1452 putes,
1276 1368 1491 1433 visum
1527 1379 1629 1431 est
1671 1366 1896 1448 paucis
1939 1363 2023 1429 ad
2057 1374 2124 1429 te

180 1456 474 1535 scribere,
518 1463 599 1520 ut
643 1475 768 1538 quo
809 1454 884 1518 in
930 1462 1109 1520 statu
1159 1473 1267 1519 res
1310 1460 1575 1518 nostrae
1618 1453 1782 1529 sint,
1841 1450 2127 1533 quidque

176 1544 465 1609 futurum
507 1538 776 1605 tandem
820 1560 1176 1624 speremus,
1222 1558 1355 1604 non
1397 1539 1676 1624 ignores,
1743 1537 1853 1601 Ex
1892 1535 2125 1602 adver-

178 1628 359 1695 sariis
402 1626 648 1693 nostris
692 1646 824 1691 non
868 1646 1099 1691 omnes
1141 1624 1401 1702 adsunt,
1421 1627 1480 1700 ²)
1526 1622 1681 1688 licet
1720 1621 1985 1687 illorum
2020 1643 2123 1685 ra-

178 1715 262 1779 tio
304 1713 403 1778 ita
448 1713 535 1778 sit
575 1720 769 1789 tecta,
805 1720 884 1775 ut
927 1713 982 1776 01
1028 1710 1239 1776 velint
1281 1710 1469 1776 facile
1512 1709 1766 1792 possint
1809 1729 1893 1773 ex
1934 1728 2125 1792 prae-

176 1799 466 1865 sentibus
508 1806 787 1881 quatuor
820 1797 1299 1879 colloquutores
1334 1795 1636 1880 deligere.
1703 1792 1912 1860 Adest
1948 1794 2126 1859 enim

180 1884 446 1960 Goozeus,
490 1882 675 1948 adest
717 1891 787 1949 et
822 1881 1163 1948 Malvenda
1181 1884 1235 1964 ⁸)
1282 1882 1677 1948 Parisiensis
1720 1880 1943 1946 doctor
1974 1901 2125 1945 nos-

173 1982 323 2050 tras,
368 1969 495 2036 tibi
539 1971 697 2034 satis
739 1978 955 2034 notus.
1044 1968 1115 2033 Is
1158 1975 1261 2034 est
1302 1989 1342 2031 a
1380 1966 1652 2034 Caesare
1693 1966 1824 2032 huc
1866 1966 2130 2045 missus,

174 2064 235 2121 et
276 2064 537 2120 tantam
583 2055 1002 2119 autoritatem
1037 2054 1279 2120 habere
1323 2055 1393 2118 in
1429 2053 1554 2117 hoc
1587 2052 1904 2135 colloquio
1950 2051 2125 2130 dicit,

171 2150 241 2207 ut
293 2140 469 2206 nihil
524 2141 665 2206 sine
719 2140 863 2222 ipso
920 2141 1063 2205 fieri
1119 2160 1311 2222 posse
1370 2146 1638 2204 asserat.
1728 2138 2000 2203 Interim
2045 2138 2126 2202 ab

171 2248 241 2292 eo
285 2228 668 2309 expiscatus
712 2246 880 2304 sum,
927 2235 996 2291 et
1029 2236 1252 2309 aperte
1285 2222 1760 2308 quodammodo
1793 2222 2126 2300 innuebat,

167 2312 332 2378 nihil
369 2334 460 2377 ex
493 2311 616 2378 hoc
653 2312 969 2395 colloquio
1004 2309 1421 2395 sperandum,
1458 2310 1572 2375 sed
1608 2311 1827 2375 omnia
1860 2308 1943 2373 ad
1978 2329 2130 2373 con-

163 2399 386 2463 cilium
438 2396 902 2462 Tridentinum
958 2418 1099 2463 esse
1155 2394 1515 2474 referenda,
1535 2399 1591 2475 ⁴)
1645 2395 1944 2477 hancque
1986 2415 2127 2459 esse

165 2482 471 2550 Caesaris
512 2484 937 2548 voluntatem.
1029 2482 1222 2564 Quod
1278 2490 1497 2547 autem
1554 2481 1664 2546 ille
1723 2481 1832 2547 hic
1877 2502 1981 2545 me
2025 2480 2124 2544 in·

163 2570 426 2635 venerit
470 2577 538 2633 et
581 2588 729 2633 cum
774 2568 1023 2635 Bueero
1061 2569 1377 2647 venerim,
1435 2567 1673 2651 diuque
1717 2566 2127 2650 Argentinae

162 2657 437 2739 egerim,
497 2657 570 2719 in
614 2675 813 2738 quam
868 2654 1304 2738 suspicionem
1364 2653 1538 2736 apud
1599 2653 1784 2718 illum
1843 2650 2125 2717 devene-

161 2742 306 2820 rim,
355 2740 521 2824 quid
564 2761 685 2822 pro
729 2740 1163 2806 restauranda
1204 2759 1354 2805 mea
1387 2739 1869 2805 existimatione
1912 2737 2128 2804 facere

164 2825 463 2904 debeam,
510 2826 809 2910 quodque
832 2826 1174 2891 consilium
1198 2825 1398 2908 sequi,
1444 2826 1596 2908 quia
1637 2824 1907 2908 longum
1953 2845 2126 2889 nunc

161 2919 335 2978 esset
395 2932 913 2997 commemorare
929 2963 945 2991 ‚
1006 2913 1079 2976 in
1138 2910 1315 2977 aliud
1374 2911 1812 2995 opportunius
1867 2918 2127 2992 tempus

163 2998 388 3064 censui
437 2995 883 3063 deferendum.
971 2999 1080 3063 Ex
1124 2999 1364 3063 nostris
1408 2996 1582 3062 solus
1632 2995 1980 3078 Philippus
2021 2995 2129 3061 de-

162 3082 517 3151 sideratur.
540 3082 599 3170 6)
684 3084 953 3151 Elector
997 3085 1174 3149 enim
1224 3083 1536 3149 Saxoniae
1595 3081 1733 3148 dux
1791 3104 1925 3147 non
1969 3082 2127 3147 sinit

161 3170 354 3236 illum
400 3172 667 3249 venire,
720 3170 933 3254 quoad
989 3177 1167 3236 certo
1214 3170 1295 3236 de
1353 3171 1572 3234 futuro
1626 3169 1750 3235 hoc
1808 3168 2126 3251 colloquio

159 3263 438 3324 constet.
531 3255 811 3322 Interim
854 3254 1214 3322 adversarii
1257 3255 1457 3321 silent
1496 3264 1564 3319 et
1589 3254 1960 3336 Philippum
1994 3275 2126 3320 non

162 3340 394 3409 adesse
464 3340 712 3408 dicunt.
801 3342 1054 3408 Missus
1115 3350 1215 3407 est
1274 3341 1357 3406 ad
1407 3341 1778 3407 Electorem
1843 3341 2127 3407 nuncius

161 3429 216 3491 3.
262 3428 589 3493 Ianuarii.
678 3427 938 3494 Nudius
980 3427 1219 3493 tertius
1272 3426 1502 3493 literae
1561 3427 1642 3492 ab
1684 3426 1987 3492 Electore
2032 3426 2126 3491 al-

158 3511 334 3579 latae
383 3520 567 3592 sunt,
612 3514 848 3596 quibus
890 3521 1113 3598 aperte
1164 3513 1323 3579 dicit
1371 3512 1744 3595 Philippum
1787 3532 1924 3577 non
1968 3532 2125 3577 ven·

159 3605 422 3665 turum:
472 3600 834 3665 missurum
877 3609 1101 3665 tamen
1145 3620 1216 3664 se
1252 3599 1410 3664 dicit
1452 3599 1595 3663 eius
1638 3598 1779 3663 loco
1817 3596 1979 3662 alios
2014 3597 2126 3680 qui

158 3683 228 3748 in
269 3685 524 3750 itinere
565 3685 701 3750 iam
756 3696 934 3751 sunt.
1036 3685 1319 3750 Interim
1369 3685 1528 3768 quia
1557 3747 1582 3773 0
1605 3684 1738 3748 iam
1787 3682 2129 3765 Philippu-3

159 3791 290 3834 non
361 3777 737 3856 spectatur,
802 3771 1113 3854 adestque
1168 3769 1375 3836 Iulius
1443 3769 1633 3853 Fsluy
1651 3773 1707 3846 ⁶)
1792 3791 1966 3834 unus
2043 3789 2127 3833 ex

159 3856 749 3941 colloquutoribus,
790 3857 1002 3922 nostri
1045 3863 1277 3939 petunt
1317 3876 1357 3920 a
1381 3855 1687 3921 Dominis
1721 3854 2128 3938 praesidibus

158 3942 586 4027 colloquium.
676 3943 786 4008 Illi
830 3943 1238 4022 consultant,
1295 3950 1492 4025 atque
1531 3942 1626 4006 ita
1667 3962 1845 4006 nunc
1887 3941 1960 4005 in
2004 3940 2128 4006 hoc

180 4198 316 4254 ⁷51.
359 4202 392 4253 1
543 4242 556 4254 .
593 4200 668 4254 N.
703 4197 821 4266 749,
856 4205 967 4254 not.
1003 4198 1053 4252 3.

372 4203 436 4335 2))
541 4286 570 4323 0
609 4285 840 4338 quoram
897 4269 1146 4323 absentia
1190 4269 1332 4322 nihil
1377 4283 1466 4336 ap.
1519 4265 1852 4320 Sleidanum.
1937 4265 2129 4318 Etiam

163 4335 359 4394 Mater
377 4344 530 4394 tacet
560 4339 719 4392 wius
749 4337 1066 4396 relationem
1101 4338 1203 4398 tibi
1333 4336 1603 4404 peditabit
1619 4335 1911 4389 Hortleder
1943 4335 1985 4388 Ι.
2009 4333 2129 4388 362.

371 4406 441 4472 3)
483 4407 787 4461 Malvenda
825 4407 1115 4472 Hispanus
1171 4406 1290 4461 theo
1381 4407 1492 4459 iam
1547 4420 1615 4458 ea·
1665 4403 1916 4459 Sor-bona
1972 4419 2131 4457 auam

161 4474 450 4531 hamat.
523 4473 614 4529 De
647 4481 875 4545 utroque
908 4475 1101 4528 Maior
1133 4475 1266 4530 haec
1298 4476 1480 4529 habet:
1518 4473 1849 4537 Adversarii,
1885 4480 2132 4525 extrema

159 4545 547 4612 sophistarum
581 4543 722 4612 faex,
759 4544 1006 4596 monachi
1040 4544 1147 4597 duo
1182 4544 1430 4597 homines
1463 4542 1945 4611 impudentissimi:
1995 4542 2130 4595 Mal-

161 4613 345 4665 venda
380 4629 491 4682 pro
527 4629 679 4666 more
714 4613 893 4680 gentis
927 4612 1372 4681 superbissimus.
1422 4612 1658 4677 inflatus,
1694 4611 1941 4665 Caesaris
1976 4616 2130 4664 auto-

161 4681 330 4735 ritate
369 4682 577 4735 nititur
610 4682 833 4734 turbare
869 4684 1065 4749 omnia,
1102 4688 1159 4734 et
1192 4681 1299 4750 ipsi
1333 4680 1635 4748 praesides,
1687 4680 1766 4733 010
1800 4681 1935 4732 satis
1971 4679 2131 4748 aequi

161 4751 340 4815 nobis,
380 4756 576 4804 tamen
608 4749 751 4803 hunc
776 4751 971 4803 timere
989 4766 1053 4804 co
1129 4757 1273 4815 ntur,
1311 4757 1368 4802 et
1385 4750 1530 4803 clare
1565 4748 1721 4802 1101110
1756 4748 1800 4801 01
1879 4749 2132 4802 1110010111

162 4834 219 4871 se
256 4819 454 4872 odisse
489 4819 633 4871 1111110
666 4819 985 4888 Hispanum.
1090 4817 1172 4883 ΟΥ.
1363 4834 1426 4872 110
1465 4817 1590 4885 Res.
1631 4816 1726 4869 VI.
1761 4766 1874 4873 Βξῃ
1881 4814 1993 4876 39.)

374 4886 440 4953 4)
478 4885 636 4941 Idem
678 4892 881 4941 narrat
914 4886 1163 4942 Bucerus
1208 4887 1262 4940 d.
1341 4885 1391 4940 8.
1429 4886 1556 4941 Ian.
1595 4885 1962 4954 Landyravio
1997 4886 2131 4940 scri-

162 4955 295 5009 bens
330 4954 626 5024 (Seckend.
661 4955 765 5010 III.
801 4953 929 5020 623)
963 4955 1272 5023 praesidem
1307 4956 1614 5023 episcopum
1640 4954 2132 5009 Eichstadtiensem

163 5023 398 5091 dixisse,
437 5026 542 5094 qui
571 5040 630 5079 00
660 5026 840 5093 ipsum
874 5025 1076 5080 00111001
1109 5026 1268 5079 oneri
1285 5024 1522 5093 ferendo
1556 5025 1820 5091 imparem
1855 5025 2134 5079 sentiebat.

375 5091 446 5162 5)
486 5093 707 5149 Elector
758 5092 1040 5148 Saxoniae
1085 5094 1293 5147 veritae
1336 5109 1405 5147 nc
1438 5092 1688 5146 Buceras
1721 5093 2032 5160 faciliorem
2077 5108 2135 5147 00

161 5162 659 5286 praeberfflam
690 5178 801 5231 par
834 5169 981 5227 erat,
1031 5162 1498 5217 Melancmhonem
1541 5160 1827 5227 detinebat,
1875 5161 2137 5216 euadente

167 5233 332 5287 aim
563 5246 627 5286 ro
661 5231 777 5300 (ap.
814 5229 904 5285 De
950 5230 1119 5285 Wette
1153 5230 1225 5283 V.
1261 5229 1390 5290 774)
1429 5237 1479 5285 et
1514 5229 1773 5286 Pontano
1806 5230 2136 5287 cancellario

170 5300 444 5435 (Come)
535 5342 548 5354 .
582 5299 680 5355 VI.
713 5316 770 5369 p.
807 5298 877 5354 10
909 5305 960 5355 et
1000 5298 1336 5364 Seekendorf
1361 5298 1461 5352 111.
1498 5296 1644 5366 576).

1880 442 2044 507 1546
2085 438 2473 512 IANUAR-

4056 445 4185 508 254

2229 634 2412 692 stam
2455 646 2563 694 res
2617 634 2792 694 011111.
2880 627 3407 712 Augustinianus
3458 626 3573 693 ille
3635 627 4107 697 Colmariensis
4128 630 4185 716 ⁷)

2229 712 2483 779 festivis
2525 721 2593 778 et
2634 712 2981 780 dominicis
3025 713 3253 781 (11011110
3295 715 3751 794 concionatur,
3805 736 3893 781 ex
3942 718 4186 784 nostris

2228 798 2476 864 nullus.
2555 797 2692 865 Sed
2726 799 2834 865 hic
2877 821 3011 866 non
3054 798 3253 865 audet
3280 800 3541 866 effutire
3575 821 3741 883 quae
3761 801 4184 871 Vormaciae:

2228 885 2653 951 concionatur
2695 893 2935 965 tamen,
2971 893 3049 950 ut
3092 885 3304 964 audie,
3348 906 3499 953 cum
3550 907 3791 971 magno
3845 887 4185 987 applausu,

2228 982 2295 1035 01
2337 970 2748 1037 universales
2804 993 2880 1037 ac
2921 970 3260 1055 generales
3317 970 3633 1056 quasdam
3683 974 4186 1058 propositiones,

2228 1075 2353 1121 nec
2405 1056 2599 1123 facile
2653 1056 2856 1122 audet
2919 1056 3003 1123 ad
3053 1056 3476 1140 particularia
3531 1056 3942 1125 descendere.
4028 1061 4185 1127 Duo

2228 1141 2560 1223 praesides
2616 1142 2881 1209 adsunt:
2957 1142 3319 1209 Mauritius
3370 1147 3709 1227 episcopus
3763 1145 4185 1212 Eistettensis

2229 1236 2295 1292 et
2358 1248 2576 1294 comes
2633 1227 2992 1295 Federicus
3057 1249 3098 1293 a
3142 1228 3547 1295 Fiirstember
3598 1280 3614 1308 ‚
3673 1229 4013 1295 Guillelmi
4077 1251 4184 1299 oo-

2228 1313 2410 1378 mitis
2469 1312 2693 1379 frater.
2799 1314 3066 1380 Adsunt
3130 1323 3198 1379 et
3255 1314 3386 1381 duo
3442 1336 3527 1381 au
3578 1315 3803 1393 tores,
3871 1336 4088 1383 comes
4144 1337 4186 1383 a

2230 1398 2655 1483 Landgravio
2710 1400 2952 1466 missus
3009 1407 3077 1465 et
3116 1400 3355 1467 nobilis
3412 1423 3498 1467 ex
3540 1401 3733 1467 domo
3773 1401 4184 1469 Vittember·

2229 1485 2432 1568 gensi.
2451 1488 2514 1557 ⁸)

2403 1570 2717 1635 Lutherus
2759 1571 3020 1654 scripsit
3060 1572 3355 1638 libellum
3399 1572 3586 1652 satis,
3646 1582 3722 1637 ut
3775 1575 3995 1654 aiunt,
4050 1574 4184 1641 ele-

2229 1663 2498 1740 gantem
2553 1663 2622 1721 01
2687 1654 2771 1721 0(1
2825 1678 2966 1722 10111
3031 1657 3113 1723 (10
3175 1666 3364 1743 capto
3420 1658 3924 1739 Brunsvicensi,
3945 1658 4003 1747 ⁹)
4067 1660 4185 1726 sed

2229 1741 2603 1825 germanice
2618 1792 2633 1819 ,
2691 1763 2885 1825 quem
2929 1742 3338 1827 quorundam
3393 1752 3630 1829 rogatu
3673 1745 3956 1811 latinum
3995 1745 4184 1813 brevi

2228 1825 2459 1893 reddet
2480 1827 2800 1894 Bromius
2833 1837 3072 1895 noster.
3132 1828 3271 1896 Suo
3304 1838 3600 1915 tempore
3633 1831 3891 1898 mittam
3928 1832 4011 1897 ad
4048 1853 4183 1899 vos.

2400 1912 2510 1978 De
2553 1913 2938 1980 Tridentino
2982 1915 3256 1983 concilio
3298 1916 3558 2000 incepto
3576 1967 3593 1995 ,
3654 1916 3738 1982 de
3794 1918 3999 1983 missa
4050 1918 4184 2002 spi·

2230 1998 2397 2064 ritus
2455 2001 2691 2080 sancti,
2752 1999 2834 2065 de
2890 2004 3257 2067 iuramento
3302 2003 3663 2086 praemisso
3681 2054 3700 2082 ,
3756 2000 3839 2068 de
3881 2002 4184 2070 bombar-

2232 2083 2332 2148 dis
2376 2092 2604 2167 postea
2647 2086 2900 2151 emissis
2919 2138 2934 2163 ,
3001 2087 3082 2151 de
3137 2089 3482 2170 praeconio
3527 2086 3895 2172 divulgato,
3951 2109 4182 2155 omnes

2231 2170 2631 2236 admissuros
2666 2192 2765 2249 se,
2823 2173 3070 2238 'Purcas
3129 2175 3329 2238 etiam
3388 2183 3454 2238 et
3492 2173 3772 2239 Iudaeos
3829 2175 3939 2256 qui
3997 2175 4182 2240 illam

2230 2255 2432 2321 fidem
2478 2255 2824 2322 defende’re
2866 2258 3232 2324 voluerint:
3295 2258 3459 2324 haec
3513 2260 3816 2343 vulgaria
3870 2268 4056 2337 sunt,
4113 2268 4182 2326 et

2231 2341 2445 2408 adhuc
2501 2342 2605 2408 his
2659 2342 2851 2425 plura
2898 2344 3088 2409 vobis
3142 2354 3483 2428 perspecta
3538 2367 3682 2410 esse
3740 2365 3876 2410 non
3932 2345 4179 2411 dubito.

2230 2428 2488 2493 Damus
2537 2436 2762 2493 tamen
2815 2427 2986 2511 quod
3049 2430 3387 2495 habemus.
3490 2429 3665 2495 Illud
3724 2438 4181 2497 verumtamen

2229 2535 2359 2577 non
2404 2514 2553 2579 leve
2588 2522 2655 2578 et
2690 2514 2960 2598 vulgare
2995 2513 3260 2581 videtur
3293 2515 3462 2598 quod
3500 2537 3714 2600 nuper
3734 2514 4185 2583 Reman-dinus

2230 2598 2313 2663 ad
2357 2599 2676 2665 Bueerum
2717 2602 3006 2683 scripsit,
3067 2620 3117 2666 s.
3163 2603 3537 2684 pontificem
3583 2622 3623 2666 a
3666 2602 3935 2667 concilio
3978 2603 4182 2668 facul·

2230 2694 2428 2749 tatem
2474 2686 2740 2768 petiisse
2779 2695 2854 2750 ut
2895 2686 3102 2769 possit
3144 2686 3615 2754 ecclesiasticos
3658 2696 4014 2770 proventus
4049 2687 4181 2754 dis-

2231 2771 2527 2847 trahere,
2587 2781 2661 2836 ut
2715 2772 2959 2836 bellum
3013 2773 3525 2855 protestantibus
3568 2774 3918 2852 inferatur,
3975 2775 4182 2858 impe-

2231 2865 2536 2939 trareque
2578 2857 2748 2922 velle
2791 2866 2867 2921 ut
2911 2858 3005 2921 illi
3044 2858 3270 2923 liceret
3312 2858 3683 2924 Bononiam
3743 2868 3809 2923 et
3866 2857 4183 2941 quasdam

2231 2941 2395 3007 alias
2440 2951 2652 3008 terras
2698 2942 2995 3008 Femesio
3039 2944 3355 3009 cardinali
3400 2944 3796 3028 relinquere,
3853 2956 3929 3010 ut
3971 2943 4182 3009 cardi-

2231 3029 2458 3094 nalitio
2499 3028 2673 3112 pileo
2716 3028 2944 3096 relicto
3004 3031 3308 3115 princeps
3364 3033 3499 3097 fiat.
3528 3032 3622 3104 ¹⁰)
3709 3032 3801 3097 Et
3842 3053 3928 3097 ne
3971 3031 4182 3116 ipsius

2232 3135 2568 3181 successor
2611 3123 2942 3198 gravetur,
2980 3138 3066 3182 ne
3109 3118 3304 3182 etiam
3341 3140 3390 3183 s.
3429 3117 3726 3202 pontifex
3768 3127 3903 3183 tam
3949 3127 4184 3201 potens

2228 3200 2566 3280 videatur,
2624 3201 2692 3265 id
2747 3222 2786 3265 a
2829 3201 3233 3268 Tridentinis
3279 3202 3658 3286 postulasse.
3748 3203 3882 3285 Qui
3928 3205 3979 3268 si
4027 3224 4183 3270 con-

2229 3286 2536 3353 cederent
2580 3295 2648 3352 et
2689 3287 2783 3352 ita
2826 3289 3028 3362 fieret,
3074 3309 3416 3372 possemus
3460 3288 3674 3354 dicere
3697 3288 4180 3354 Antichristum

2227 3374 2516 3456 incipere
2582 3394 2652 3439 00
2709 3374 2925 3456 ipsum
2995 3373 3349 3440 destruere.
3454 3373 3904 3441 Borma-dinus
3959 3383 4184 3440 noster

2228 3469 2491 3542 praeter
2529 3461 2786 3542 privata
2828 3480 2995 3542 quae
3039 3480 3079 3524 a
3123 3460 3442 3544 Fuqaeris
3483 3468 3550 3526 et
3593 3461 3736 3527 aliis
3791 3460 4018 3544 procul
4062 3460 4185 3525 du·

2228 3545 2337 3610 bio
2381 3542 2685 3623 habebit,
2744 3543 2947 3610 habet
3003 3547 3074 3609 in
3119 3546 3413 3630 singulos
3458 3567 3667 3611 annos
3712 3546 4023 3612 ducentos
4066 3546 4184 3610 flo-

2227 3653 2442 3696 renos.
2476 3633 2558 3707 ¹¹)

2398 3716 2508 3781 De
2552 3716 2831 3782 comitiis
2868 3715 3436 3783 Francofordianis
3461 3717 3545 3802 ¹²)
3590 3716 3753 3782 nihil
3799 3717 3959 3783 certi
4003 3737 4186 3782 acce-

2228 3803 2464 3885 pimus.
2555 3803 2841 3866 Tantum
2898 3802 3077 3867 fama
3132 3802 3341 3867 fertur
3404 3813 3793 3869 renovatum
3860 3822 4003 3868 esse
4067 3809 4188 3885 p‘er

2229 3889 2645 3972 septennium
2689 3890 3193 3973 protestantium
3230 3887 3476 3970 foedus,
3520 3892 3591 3955 in
3634 3887 3925 3972 illudque
3963 3907 4187 3972 recep·

2437 4195 2498 4262 7)
2537 4195 2612 4251 N.
2649 4193 2751 4247 ‘149
2799 4199 2910 4250 not.
2945 4193 2997 4248 2.

2437 4264 2498 4331 0)
2544 4263 2660 4318 Imo
2706 4233 3179 4333 fiaemmberymz·
3266 4279 3382 4317 uem
3427 4263 3670 4320 maan·
3715 4264 3792 4320 Ν.
3827 4263 3949 4333 749,
3991 4272 4101 4321 aot.
4143 4267 4190 4319 1.

2236 4335 2389 4388 Alter
2425 4338 2544 4388 erat
2589 4332 2864 4387 Volradus
2910 4347 3083 4387 eomes
3132 4304 3205 4385 H}
3295 4333 3528 4387 0000110ίο
3608 4350 3723 4387 uem
3770 4335 3983 4401 insigni
4025 4335 4196 4390 laude

2234 4408 2401 4457 ornat
2430 4402 2683 4456 Bucerue
2715 4402 2778 4454 in
2814 4417 2893 4467 ep.
2913 4400 2993 4455 ad
3019 4401 3442 4469 Landyravium
3479 4402 3532 4455 d.
3564 4351 3647 4456 f8.
3684 4403 3811 4456 Ian.
3851 4402 4027 4468 (Seck.
4059 4402 4091 4456 1.
4109 4403 4186 4469 1.).

2442 4469 2503 4537 9)
2542 4472 2631 4523 An
2688 4470 2794 4523 den
2840 4470 3130 4522 Ohurffirst
3182 4487 3250 4522 zu
3297 4470 3535 4523 Sachsen
3589 4472 3701 4525 und
3754 4472 4035 4540 Landgraf
4080 4487 4191 4524 von

2235 4540 2449 4594 Hessen
2495 4555 2603 4592 von
2650 4537 2775 4592 dem
2857 4539 2976 4592 efan
3047 4555 3153 4592 nen
3198 4539 3379 4593 Herae
3460 4557 3528 4592 zu
3572 4539 3997 4609 Braunschweig
4030 4537 4187 4594 1545.

2237 4608 2482 4675 (Waleh.
2519 4606 2703 4661 XVII.
2744 4556 2894 4688 1733.
2990 4677 2999 4688 ⁸
3029 4607 3205 4687 rtanq.
3243 4607 3339 4688 D..
3450 4607 3532 4662 W.
3568 4607 3652 4676 26,
3688 4608 3835 4672 229.)
3897 4609 4194 4689 Principes

2234 4679 2490 4733 henaim
2524 4692 2593 4730 ne
2626 4682 2903 4743 captivum
2937 4676 3247 4730 damattant:
3280 4683 3566 4731 victorzam
3601 4679 3743 4731 enim
3780 4679 3942 4732 istam
3972 4677 4194 4731 minime

2232 4751 2513 4802 cruentam
2548 4745 2818 4799 divinitus
2847 4745 3137 4813 contiqisse
3171 4744 3362 4811 (Skid.
3397 4744 3462 4799 11.
3496 4744 3643 4811 404).

2407 4815 2500 4880 10)
2544 4813 2674 4868 Duo
2709 4819 2865 4868 erant
2902 4812 3171 4868 Farnesii
3214 4814 3527 4869 cardinales
3565 4814 3735 4868 Pauli
3765 4814 3871 4868 III.
3899 4829 4087 4882 papae
4120 4831 4188 4869 eae

2223 4884 2346 4954 filio
2379 4888 2613 4951 nepotes,
2648 4883 2786 4937 alter
2826 4881 3131 4949 Ramctias,
3177 4883 3315 4937 alter
3347 4883 3684 4943 Alexander,
3732 4883 4092 4951 leyatiombus
4126 4888 4186 4938 in

2240 4953 2594 5007 Germaniam
2629 4950 2830 5005 claras.
2891 4950 3173 5006 Caeterum
3201 4952 3384 5017 falsus
3406 4967 3596 5005 rumor
3628 4951 3716 5005 hic
3745 4952 3922 5018 luisse
3953 4951 4186 5018 videtur,

2230 5024 2436 5092 pileum
2471 5023 2610 5075 enim
2651 5037 2807 5073 suum
2842 5036 2954 5074 non
2987 5020 3224 5090 reliquit.
3308 5019 3520 5075 Tertius
3551 5020 3732 5085 frater
3769 5018 4035 5075 Octavius
4068 5021 4186 5076 dua:

2236 5091 2478 5145 Parmae
2508 5104 2673 5158 qencr
2699 5089 2814 5155 fuit
2834 5088 3028 5143 Caroli
3043 5089 3106 5142 V.
3143 5090 3301 5144 euius
3333 5090 3505 5152 filiam
3539 5090 3785 5157 spuriam
3807 5088 4188 5158 Maryaretam

2235 5160 2503 5350 dwarf}
2535 5226 2649 5282 scil.
2698 5242 2735 5280 a
2788 5231 2983 5280 senata
3028 5226 3357 5296 Auqmtano
3412 5226 3511 5295 qm·
3560 5241 3676 5280 eam
3732 5231 3994 5282 autum
4049 5226 4188 5281 1545

2235 5299 2412 5353 00011ιί
2483 5293 2714 5351 talorum
2747 5293 3100 5362 praefecerat.

2412 5364 2503 5433 12)
2543 5364 2620 5420 Ν.
2656 5361 2775 5432 749,
2806 5367 2917 5419 not.
2951 5362 3004 5417 9.
