4825 6175
635 424 762 487 607

633 608 894 677 divinas
931 631 1139 690 aures,
1186 616 1252 676 et
1295 630 1423 693 quo
1477 610 1701 676 minus
1745 610 1873 676 erit
1927 612 2067 697 spei
2111 613 2184 677 in
2226 613 2423 681 rebus
2467 614 2593 678 hu-

635 695 849 762 manis
863 746 881 775 ,
959 716 1036 762 eo
1100 696 1332 762 maiori
1384 694 1515 762 fide
1572 697 2014 779 exspectanda
2078 699 2202 764 erit
2266 698 2347 763 de
2412 698 2594 765 coelo

634 781 959 866 promissa
1002 782 1197 847 salus.
1288 781 1540 849 Omnes
1583 781 1885 848 homines
1929 784 2002 849 in
2045 783 2452 851 densissimis
2496 794 2594 849 te·-

634 866 858 933 nebris
901 867 1274 935 securitatis
1319 875 1512 950 atque
1566 867 1999 953 ignorationis
2058 869 2301 954 sepulti
2353 871 2593 949 iacent,

633 960 705 1018 et
737 952 1026 1019 belluino
1061 974 1244 1019 more
1275 953 1537 1018 vivunt:
1583 954 1639 1018 si
1685 963 1905 1019 tamen
1955 955 2203 1034 vivunt,
2292 957 2361 1021 ui
2395 976 2594 1022 sensu

632 1036 922 1117 videndi,
969 1036 1279 1104 audiendi
1336 1046 1404 1103 et
1446 1038 1778 1106 iudicandi
1822 1050 2067 1106 carent.
2157 1040 2248 1107 Se
2335 1040 2460 1109 hoc
2494 1048 2595 1107 est

632 1124 832 1191 fatale
875 1124 1144 1201 malum,
1191 1125 1506 1191 usitatum
1567 1134 1790 1191 tamen
1844 1126 1915 1190 in
1959 1148 2156 1193 cursu
2200 1148 2423 1192 rerum
2470 1127 2594 1193 hu-

631 1230 981 1276 manarum
1001 1262 1017 1289 ,
1084 1219 1161 1276 ut
1224 1211 1477 1293 quoties
1543 1211 1726 1277 Deus
1793 1212 1937 1278 vult
2003 1214 2235 1296 punire
2302 1212 2593 1296 aliquam

633 1304 921 1380 gentem,
966 1295 1253 1380 primum
1297 1295 1428 1362 illis
1472 1297 1668 1382 eripit
1711 1317 1981 1364 sensnm
2027 1307 2093 1364 et
2136 1297 2470 1377 iudicium,
2516 1305 2594 1364 ut

633 1402 847 1464 neque
918 1402 1311 1466 cognoscere
1380 1383 1636 1465 possint
1698 1404 1865 1465 quae
1931 1386 2016 1449 sit
2081 1384 2384 1451 voluntas
2440 1385 2590 1463 Dei,

633 1487 844 1550 neque
901 1466 1351 1552 impendentia
1407 1468 1611 1547 mala,
1671 1468 1793 1535 hoc
1850 1479 1981 1548 est,
2041 1471 2292 1554 peccati
2344 1491 2592 1554 poenas

632 1553 738 1620 vel
784 1552 1154 1637 prospicere
1211 1552 1316 1618 vel
1370 1574 1778 1636 praecavere.
1882 1553 2166 1621 Oremus
2211 1554 2592 1622 ardentibus

629 1639 805 1705 votis
840 1647 1180 1704 aeternum
1215 1646 1469 1722 patrem
1505 1639 1875 1707 liberatoris
1911 1643 2120 1707 nostri
2143 1642 2295 1708 Iesu
2319 1640 2589 1722 Christi,

630 1747 715 1793 ne
760 1724 924 1791 velit
976 1725 1354 1791 universam
1410 1722 1576 1790 iram
1633 1748 1822 1791 suam
1867 1726 2204 1793 effundere
2265 1728 2336 1791 in
2393 1729 2592 1793 istam

629 1808 1074 1878 miserabilem
1127 1811 1378 1894 peccati
1434 1833 1721 1877 massam
1788 1814 2050 1896 generis
2112 1812 2408 1878 humani.
2498 1813 2594 1878 Et

630 1898 815 1982 quasi
861 1916 992 1962 non
1036 1897 1369 1962 sufficiant
1408 1897 1583 1962 mala
1627 1917 1792 1981 quae
1834 1898 2155 1965 hactenus
2198 1899 2402 1965 oculis
2438 1919 2589 1965 nos-

630 1984 752 2049 tris
795 1981 1100 2058 vidimus,
1147 1990 1213 2048 et
1253 1982 1324 2047 in
1371 2003 1641 2067 corpore
1677 1992 1871 2068 atque
1916 1986 2135 2050 animo
2180 1992 2405 2050 nostro
2442 2005 2590 2068 per-

630 2068 922 2145 tulimus,
966 2067 1132 2134 haec
1174 2068 1336 2134 item
1379 2069 1579 2153 regi0,
1637 2077 1958 2151 quantum
2001 2092 2177 2136 nunc
2220 2070 2376 2136 licet
2420 2068 2589 2135 iudi·

629 2175 798 2234 care,
860 2153 1029 2219 bello
1088 2153 1525 2219 infestabitur.
1630 2154 1836 2235 Nam,
1897 2166 1972 2221 ut
2030 2166 2131 2221 est
2192 2155 2592 2241 pervulgata

630 2240 977 2306 hominum
1044 2238 1265 2321 opinio
1279 2291 1295 2317 ,
1355 2239 1725 2323 Imperator
1756 2241 2203 2339 aggredietur
2260 2241 2591 2309 Constan-

629 2327 793 2391 tiam
836 2346 1033 2409 quam
1078 2346 1214 2390 non
1258 2325 1561 2391 deserent
1602 2326 1916 2392 Helveti1.
1946 2330 2005 2412 ²)
2074 2326 2232 2393 Dux
2277 2327 2589 2408 Albanus,

627 2412 741 2496 qui
786 2418 886 2478 est
927 2411 1295 2495 praefectus
1338 2411 1901 2478 Caesareanorum
1935 2413 2240 2492 militum,
2286 2413 2593 2497 promisit

627 2497 1044 2583 Imperatori,
1090 2497 1146 2563 si
1169 2496 1563 2563 Constantia
1597 2506 1767 2563 esset
1803 2507 2082 2580 quatuor
2125 2502 2372 2565 catenis
2407 2499 2588 2565 coelo

626 2584 917 2668 alligata,
962 2603 1033 2649 se
1077 2589 1299 2649 tamen
1335 2583 1503 2648 velle
1540 2603 1684 2648 eam
1730 2584 1956 2649 urbem
2001 2584 2178 2650 coelo
2223 2584 2585 2665 detrahere,

627 2678 826 2755 atque
883 2670 959 2733 in
1013 2669 1218 2753 ipsius
1279 2667 1585 2735 Caesaris
1639 2669 1909 2735 arbitrio
1962 2680 2028 2735 et
2084 2671 2421 2737 voluntate
2472 2693 2586 2754 po-

629 2774 804 2823 nere.
863 2755 1223 2839 Magnifica
1257 2776 1412 2821 vero
1433 2775 1569 2821 vox
1603 2754 1684 2820 ab
1720 2755 1941 2821 animo
1979 2757 2241 2824 ethnico
2274 2758 2586 2841 profecta,

626 2842 742 2926 qui
785 2842 1163 2925 arrogantia
1219 2841 1533 2926 gigantea
1588 2841 1837 2907 bellum
1891 2842 2067 2908 coelo
2110 2843 2353 2907 inferre
2398 2862 2590 2909 cona·

629 2938 756 2994 tur.
847 2926 1058 2992 Audis
1102 2937 1356 3009 partem
1392 2937 1762 2992 nostrarum
1803 2928 2234 2993 miseriarum.
2325 2927 2588 2995 Scribe-

628 3036 772 3079 rem
817 3013 1010 3098 plura
1066 3012 1193 3077 nisi
1237 3034 1504 3078 vererer
1559 3012 1675 3077 tibi
1735 3034 1877 3079 esse
1930 3014 2247 3080 molestus
2306 3032 2586 3080 comme-

627 3099 993 3167 moratione
1027 3120 1253 3164 rerum
1297 3098 1840 3166 tristissimarum.

804 3184 996 3268 Quod
1038 3186 1092 3250 si
1138 3183 1219 3249 de
1264 3185 1459 3250 rebus
1502 3186 1744 3251 nostris
1788 3187 2065 3270 privatis
2109 3186 2360 3269 aliquid
2419 3187 2587 3252 scire

629 3273 818 3356 cupis
835 3323 850 3350 ,
909 3270 1031 3335 etsi
1092 3269 1297 3335 nihilo
1355 3270 1630 3336 laetiora
1682 3293 1878 3356 quam
1934 3272 2015 3338 de
2071 3273 2267 3339 rebus
2310 3272 2589 3356 publicis

627 3379 894 3442 possum
957 3357 1302 3435 nunciare,
1363 3354 1573 3422 dicam
1641 3365 1862 3422 tamen
1917 3356 2086 3440 quod
2143 3358 2292 3423 istis
2357 3357 2589 3424 diebus

601 3439 850 3526 ‘accepi
895 3463 976 3507 ex
1022 3442 1352 3525 Hispania
1393 3442 1553 3524 ipsa.
1646 3442 2010 3508 Admonuit
2051 3465 2157 3508 me
2202 3465 2320 3527 per
2363 3443 2588 3509 literas

626 3530 833 3596 frater
878 3539 950 3593 ut
991 3529 1457 3610 circumspecte
1500 3529 1812 3593 viverem.
1895 3529 2289 3595 Affirmabat
2330 3551 2587 3614 quoque

628 3637 702 3681 se
745 3613 1067 3698 accepisse
1111 3633 1152 3677 a
1192 3613 1518 3680 monacho
1553 3614 1987 3680 Dominicano
2032 3615 2146 3698 qui
2193 3624 2463 3681 venerat
2503 3638 2584 3681 ex

628 3701 784 3768 aula
807 3699 1128 3778 Caesaris,
1173 3719 1315 3764 esse
1357 3697 1597 3783 ubique
1639 3700 1885 3784 positas
1920 3700 2192 3767 insidias
2236 3701 2585 3767 maiorem-

670 3807 757 3851 ue
802 3784 1211 3870 diligentiam
1246 3783 1562 3864 adhiberi,
1608 3791 1684 3849 nt
1718 3806 1825 3850 me
1859 3787 2117 3869 possint
2150 3787 2585 3871 comprehen-

672 3893 801 3948 ere,
848 3891 1047 3955 qnam
1092 3870 1550 3954 Lantqravium
1604 3871 1839 3955 ipsum.
1941 3872 2114 3937 Nam
2170 3874 2317 3937 istis
2361 3873 2585 3939 verbis

626 3959 853 4023 utitur.
964 3955 1165 4022 Multi
1232 3957 1430 4021 etiam
1498 3956 1622 4022 viri
1690 3979 1822 4022 non
1888 3958 2193 4042 vulgares
2258 3958 2586 4024 mirantur

626 4042 879 4108 tamdiu
924 4063 1030 4107 me
1073 4044 1297 4108 vivere
1356 4043 1497 4106 sine
1540 4042 1832 4125 periculo
1877 4044 2187 4127 potuisse.
2279 4042 2413 4109 Sed
2461 4044 2585 4109 hae

625 4130 847 4193 minae
890 4149 996 4193 me
1040 4150 1170 4192 non
1232 4126 1513 4192 multum
1560 4137 1843 4205 terrent,
1902 4129 2055 4211 quia
2110 4131 2242 4196 scio
2301 4152 2405 4195 me
2466 4130 2584 4195 ha-

628 4215 785 4280 bere
807 4213 1024 4279 Deum
1068 4212 1422 4288 custodem,
1458 4214 1643 4279 cuius
1686 4213 1954 4279 arbitrio
1999 4224 2066 4279 et
2109 4217 2430 4281 voluntati
2475 4237 2583 4281 me

632 4308 846 4366 totum
889 4297 1308 4363 formandum
1355 4297 1559 4363 trado.
1651 4298 1826 4364 Illud
1863 4301 1980 4367 abs
2024 4311 2090 4367 te
2137 4313 2288 4385 peto
2333 4311 2406 4367 ut
2452 4304 2583 4367 tuis

630 4398 700 4452 et
743 4385 1048 4452 ecclesiae
1092 4383 1390 4467 precibus
1433 4385 1576 4450 sitis
1619 4386 1747 4450 mei
1794 4407 2133 4453 memores.

800 4471 927 4535 Est
968 4479 1303 4551 praeterea
1345 4469 1514 4552 quod
1562 4477 1625 4534 te
1660 4491 1877 4536 meam
1921 4474 1990 4536 in
2038 4474 2319 4558 gratiam
2365 4474 2581 4539 facere

626 4555 887 4622 vellem.
977 4552 1398 4638 Significavit
1442 4555 1605 4620 mihi
1644 4555 2094 4624 Fordinandus
2127 4558 2413 4624 Diazias
2447 4560 2580 4625 Pa-

625 4641 988 4718 ternianns,
1034 4641 1147 4723 qui
1190 4641 1347 4705 olim
1396 4640 1671 4707 curabat
1724 4645 1991 4727 negotia
2037 4644 2306 4710 Ioannis
2348 4645 2582 4712 Diazii

623 4727 953 4803 Lutetiae,
1001 4746 1176 4791 nunc
1221 4733 1320 4791 est
1361 4727 1430 4791 in
1485 4748 1634 4793 meo
1688 4729 2087 4810 ministerio,
2145 4731 2582 4796 constitutum

624 4815 826 4879 fuisse
870 4834 911 4877 a
953 4818 1183 4875 sancto
1227 4811 1370 4877 viro
1412 4821 1485 4878 ut
1528 4835 1754 4880 omnes
1789 4815 1932 4881 eius
1964 4815 2118 4882 libri
2153 4817 2223 4880 in
2261 4830 2393 4882 tres
2430 4836 2580 4901 par-

625 4908 726 4964 tes
770 4895 1243 4975 dividerentur,
1286 4918 1564 4980 quarum
1615 4921 1752 4965 una
1791 4901 1916 4984 ipsi
1961 4902 2246 4980 daretur,
2292 4901 2581 4986 reliquae

833 5204 896 5269 2)
937 5203 1312 5260 Constantiam
1347 5204 1558 5261 demum
1594 5223 1662 5262 va.
1698 5209 1948 5277 Aaou-sto
1996 5210 2136 5265 anni
2175 5212 2447 5282 sequentis
2482 5211 2583 5266 ad·

625 5273 999 5412 ῗτδεῂιιείέιλΙῖι
1040 5279 1240 5410 σςωιον,
1280 5276 1372 5330 σαι·
1392 5274 1628 5331 Helvetii
1647 5279 1867 5333 minime
1900 5279 2231 5346 opitulatum·
2262 5280 2579 5347 adfuerunt.

2192 422 2719 491 EPISTOLAE
2761 427 3098 491 959-961

4519 434 4621 498 608

2698 612 2866 679 duae
2932 612 3100 679 mihi
3164 619 3232 680 et
3295 614 3484 682 frati-i
3538 636 3704 683 meo.
3727 616 3787 701 ⁸)
3877 615 4153 701 Accepit
4208 616 4351 700 ipse
4393 626 4623 701 partem

2695 721 2903 765 suam.
2989 699 3305 784 Reliquas
3362 699 3527 767 duas
3585 702 3747 770 dicit
3802 723 3945 769 esse
3990 704 4229 768 missas
4286 701 4623 786 Genavam,

2697 796 2771 851 ut
2811 783 2965 850 inde
3000 783 3084 851 ad
3128 808 3234 852 me
3277 787 3827 855 transmittantur.
3916 787 4052 855 Sed
4112 808 4323 873 usque
4364 789 4438 854 in
4478 790 4624 860 hanc

2696 872 2927 937 horam
2973 871 3141 936 nihil
3186 872 3293 939 vel
3346 874 3563 957 accepi
3608 873 3715 941 vel
3759 873 4003 942 audivi.
4092 874 4386 940 Proinde
4429 882 4492 941 te
4528 897 4624 943 oro

2697 966 2772 1023 ut
2813 958 3152 1041 perquiras
3196 957 3278 1023 ab
3322 959 3417 1025 eis
3461 960 3571 1043 qui
3614 959 3863 1029 habent
3902 979 4130 1027 curam
4172 960 4489 1044 implendi
4526 983 4625 1028 vo-

2695 1040 3027 1108 luntatem
3073 1043 3205 1109 viriv
3242 1044 3474 1125 sancti,
3521 1053 3587 1111 et
3630 1066 3708 1111 ea
3751 1047 3975 1112 omnia
4018 1066 4184 1129 quae
4228 1045 4313 1111 ad
4355 1067 4462 1112 me
4501 1068 4627 1131 per-

2697 1128 3002 1194 tinebunt
3044 1136 3114 1195 et
3154 1130 3425 1195 tratrem
3471 1130 3554 1196 ad
3600 1141 3665 1197 te
3707 1133 4002 1215 recipias,
4047 1130 4231 1197 cuius
4274 1131 4627 1217 catalogum

2697 1215 2940 1281 mittes.
2961 1215 3021 1296 ⁴)
3148 1214 3376 1298 Neque
3440 1217 3512 1281 in
3574 1237 3647 1282 re
3724 1218 4086 1284 iustissima
4163 1215 4448 1283 arbitror
4508 1219 4629 1286 fore

2698 1299 3150 1367 difficultatem
3223 1300 3425 1367 ullam
3443 1349 3459 1378 ,
3539 1302 3862 1386 siquidem
3942 1303 4112 1368 ratio
4191 1303 4511 1386 postulat,
4571 1314 4627 1370 et

2697 1384 3001 1469 exempla
3056 1386 3354 1452 omnium
3409 1389 3712 1472 gentium
3770 1396 4119 1467 testantur,
4189 1392 4258 1454 in
4316 1387 4628 1474 explenda

2697 1470 3022 1537 demortui
3047 1472 3388 1539 voluntate
3430 1494 3760 1539 summam
3780 1474 3988 1541 fuisse
4020 1472 4194 1558 apud
4216 1494 4446 1541 omnes
4488 1497 4627 1561 gen—

2695 1568 2797 1623 tes
2842 1557 3247 1642 religionem,
3293 1579 3678 1644 semperque
3725 1558 4020 1626 habitam
4064 1581 4207 1626 esse
4248 1581 4391 1627 rem
4436 1580 4631 1628 sacro-

2694 1651 3010 1710 sanctam.
3107 1643 3195 1708 In
3246 1644 3373 1711 hac
3431 1665 3501 1710 re
3557 1655 3710 1729 peto
3761 1645 3929 1712 mihi
3983 1667 4117 1711 non
4175 1645 4402 1713 deesse
4469 1655 4632 1712 tuam

2696 1729 3107 1813 diligentiam
3152 1740 3347 1813 atque
3390 1733 3812 1797 autoritatem
3832 1784 3847 1810 ‚
3911 1731 4069 1815 qnia
4110 1732 4306 1797 istius
4348 1733 4478 1797 viri
4519 1753 4633 1798 me-

2694 1815 2975 1881 moriam
3016 1815 3321 1899 religiose
3363 1816 3522 1893 colo,
3559 1826 3627 1883 et
3669 1814 3983 1901 quidquid
4028 1816 4110 1882 ab
4152 1838 4229 1883 eo
4272 1819 4633 1903 provenerit

2693 1914 3014 1984 tanquam
3047 1910 3549 1968 monumentum
3583 1910 3653 1968 et
3687 1904 3929 1988 pignus
3951 1902 4197 1969 amoris
4230 1903 4634 1983 conservabo,

2692 1986 2889 2071 idque
2930 1987 3196 2053 maioris
3236 1988 3475 2054 faciam
3516 2009 3716 2073 quam
3771 1990 3828 2056 si
3875 1988 4006 2054 alia
4046 1989 4355 2073 quapiam
4398 1991 4635 2055 ratione

2692 2072 3097 2223 argilplissima
3140 2072 4087 2226 dozmatfflagmditssttzenon
4123 2074 4138 2090 ‘
4274 2083 4396 2175 ret.
4461 2076 4637 2226 gene

2695 2179 3386 2226 vecnmommns
3559 2181 3823 2227 muse
4074 2180 4367 2228 eccesia.
4524 2183 4637 2227 asi·

2692 2245 2834 2311 leae
2879 2248 2979 2309 26.
3026 2244 3331 2312 Octobris
3382 2250 3563 2311 1547.

2644 2360 2651 2455 i
3519 2384 3703 2448 'I'uus
3746 2383 4140 2451 Franciscus
4170 2382 4562 2468 Dryander.

3449 2678 3857 2688 ———

3587 2894 3746 2967 960.

3225 3048 3700 3118 OALVINUS
3746 3048 4113 3118 VIRE'PO.

2867 3219 3069 3286 Mittit
3105 3221 3165 3286 ei
3194 3222 3656 3303 praefationem
3692 3221 3929 3289 Bucari
3964 3222 4121 3289 libro
4151 3222 4639 3307 praefigendam.

2698 3305 2962 3372 Pridem
3012 3308 3423 3389 conscriptam
3479 3313 3664 3374 antea
3725 3329 3849 3380 non
3894 3311 4119 3392 potuit.
4228 3310 4486 3377 Turbae
4532 3311 4642 3378 Go-

2691 3413 2980 3458 nevenses
3012 3392 3203 3458 obiter
3222 3393 3490 3477 attam,
3541 3393 3822 3460 Viretum
3858 3396 3948 3461 iis
3983 3395 4322 3506 iaenmisceri
4356 3417 4487 3462 non
4506 3398 4638 3463 vult.

2692 3566 2967 3633 (Autog‘ra
3006 3563 3113 3617 hon
3150 3580 3257 3617 non
3296 3570 3492 3630 exstat,
3530 3565 3625 3619 sed
3660 3566 3853 3620 saltem
3887 3566 4173 3621 Ionvillaei
4207 3582 4362 3621 exem
4406 3568 4494 3622 lar
4526 3567 4640 3623 Cod-

2692 3632 2898 3686 Genev.
2939 3631 2970 3684 1
3053 3676 3066 3702 ,
3114 3632 3206 3687 fol.
3244 3631 3317 3685 84
3348 3650 3398 3685 v.
3447 3660 3516 3674 —
3565 3635 3756 3687 Edidit
3801 3636 3946 3689 Besa
3993 3636 4195 3689 Genev.
4242 3651 4298 3704 p.
4332 3634 4368 3690 3
4404 3636 4445 3691 0
4496 3638 4640 3691 Lau

2829 3718 2883 3770 p.
2917 3699 3037 3768 205,
3074 3701 3287 3755 Hanov.
3324 3719 3378 3772 p.
3412 3700 3534 3770 229,
3571 3703 3784 3757 Ohouet
3816 3721 3870 3774 p.
3905 3701 4025 3771 508,
4062 3704 4242 3758 Amet.
4276 3720 4330 3773 p.
4364 3677 4516 3774 2332.)

2863 3872 3207 3938 Hactenus
3241 3873 3558 3938 nuncium
3595 3874 3971 3955 exspectavi
4007 3876 4121 3957 qui
4155 3876 4639 3956 praefationem,

2689 3979 2890 4041 quam
2946 3980 2986 4023 a
3041 3979 3147 4023 me
3202 3957 3466 4041 petebat
3522 3955 3816 4025 Bucam-s·
3833 4011 3847 4037 ‚
3905 3958 3988 4026 ad
4051 3960 4419 4044 Myconium
4478 3969 4641 4028 recta

2688 4044 3026 4127 perferret.
3127 4043 3436 4108 Poteram
3515 4044 3709 4111 citius
3787 4044 4070 4110 Bernam
4145 4047 4450 4126 mittere,
4528 4048 4640 4113 nisi

2687 4129 2939 4195 frustra
2974 4128 3298 4213 sperando
3326 4128 3498 4195 diem
3523 4129 3604 4195 de
3639 4128 3745 4196 die
3779 4132 4152 4198 traxissem.
4214 4133 4399 4218 Ergo
4436 4132 4640 4199 danda

2688 4216 2817 4281 erit
2868 4235 3068 4298 opera
3124 4223 3199 4279 ut
3251 4214 3464 4299 prima
3529 4238 3787 4300 quaque
3850 4217 4187 4283 occasione
4253 4217 4634 4301 perferatur.

2687 4301 3144 4366 Festinatione
3196 4322 3358 4384 opus
3416 4323 3559 4368 esse
3618 4302 4009 4369 admonebat
4065 4300 4418 4386 Myconius.
4516 4305 4639 4371 Per

2687 4408 2795 4452 me
2837 4407 2973 4452 non
3018 4388 3216 4452 stetit.
3308 4386 3384 4453 Si
3437 4388 3758 4455 Tot-sanus
3798 4388 3967 4453 mihi
4006 4389 4181 4454 diem
4237 4411 4457 4456 unum
4497 4411 4635 4458 con·

2686 4474 3009 4550 cessisset,
3054 4493 3236 4538 eram
3272 4473 3372 4538 illi
3415 4473 3709 4539 daturus.
3775 4474 3951 4539 Nam
3973 4496 4100 4558 qno
4122 4473 4230 4539 die
4253 4477 4499 4555 attulit,
4539 4495 4633 4542 me

2686 4559 3079 4642 impeditum
3102 4560 3322 4624 tenuit
3342 4559 3577 4644 capitis
3599 4558 3796 4625 dolor.
3856 4560 4187 4626 Postridie
4210 4561 4394 4628 abire
4416 4563 4630 4629 voluit.

2859 4644 2966 4709 De
3011 4645 3206 4710 rebus
3250 4647 3491 4711 nostris
3519 4644 3567 4730 ¹)
3604 4665 3739 4711 non
3784 4647 4023 4711 mirum
4060 4653 4165 4711 est
4206 4646 4260 4712 si
4306 4649 4497 4714 varia
4528 4668 4631 4713 au-

2687 4730 2845 4796 dias.
2911 4731 3079 4796 'l'ota
3120 4731 3301 4796 enim
3339 4732 3660 4810 vicinitas,
3705 4753 3904 4816 quum
3942 4715 4024 4797 de
4057 4731 4246 4798 nobis
4280 4732 4425 4800 sine
4460 4753 4631 4801 occa·

2686 4819 2869 4883 sione
2913 4815 3191 4882 libenter
3233 4818 3589 4883 mentiatur
3604 4869 3619 4898 ,
3677 4839 3855 4884 nunc
3897 4816 4419 4903 qualemcunque
4462 4820 4630 4886 obla-

2891 5071 2954 5140 3)
2994 5072 3236 5128 Ioannes
3271 5070 3516 5126 Dianas
3546 5088 3646 5144 per
3682 5071 3984 5145 Dryandn·
4020 5076 4257 5144 fram-em
4290 5083 4430 5134 nm
4462 5076 4621 5132 mio·

2683 5157 2799 5202 ram
2843 5141 3106 5198 Iacobum
3156 5142 3257 5209 (Ia
3296 5145 3403 5208 mo)
3455 5141 3733 5210 Enniana,
3776 5150 3972 5214 postea
4006 5152 4341 5220 martyrem,
4388 5145 4628 5203 laudative

2684 5211 2762 5266 ad
2797 5212 3133 5333 evazyehjum
3166 5209 3245 5265 ad
3284 5215 3442 5265 udus
3470 5210 3672 5277 fuerat.

2717 5349 2866 5403 eeo.
2902 5283 2960 5415 1))
2986 5295 3112 5405 ime.
3150 5309 3379 5404 Perrhae·
3410 5327 3464 5404 'et
3495 5365 3718 5407 mrum
3751 5366 3939 5407 causa.
