4825 6175
619 417 743 480 327

615 602 727 668 116
769 603 848 669 fit
889 610 966 667 ut
1008 602 1125 669 vix
1167 624 1205 669 e
1227 602 1589 669 Germania
1623 602 1861 687 aliquis
1894 624 1971 669 eo
2005 603 2092 670 sit
2125 624 2572 670 concessurus,

613 687 1076 756 Decreverant
1115 688 1358 756 fastum
1395 690 1845 774 episcoporum
1882 689 1951 755 in
1994 688 2291 755 ordinem
2335 708 2574 774 cogen-

615 773 777 840 dum
822 795 994 854 esse,
1053 782 1190 839 tam
1246 776 1317 840 in
1369 783 1606 840 ornatu
1662 796 1858 859 qnam
1901 775 2150 840 mensis
2193 783 2262 840 et
2302 773 2574 855 familia,

615 869 687 925 et
727 860 1049 944 quaedam
1093 860 1162 926 id
1206 881 1434 945 genus.
1523 860 1660 927 Sed
1703 860 1784 926 de
1829 861 2144 939 doctrina,
2206 861 2287 927 de
2330 861 2575 944 pietate

611 966 705 1011 ne
746 966 872 1030 gry
918 946 1199 1030 quidem.
1290 944 1459 1028 Quis
1504 965 1639 1012 non
1693 947 1869 1014 dicat
1925 967 2037 1014 eos
2077 968 2349 1031 prorsus
2391 946 2573 1013 insa-

615 1031 765 1097 nire
803 1033 916 1114 qui
960 1053 1172 1117 nugas
1213 1038 1478 1097 tantum
1521 1040 1754 1099 curent
1808 1040 1905 1113 et,
1964 1042 2042 1098 ut
2096 1039 2398 1099 servator
2461 1034 2572 1113 ait,

613 1117 892 1184 culicem
936 1117 1175 1198 colent,
1219 1118 1499 1184 camelos
1542 1126 1716 1185 totos
1750 1117 2136 1203 deglutiant.
2222 1118 2410 1185 Haec
2452 1138 2573 1184 vo-

611 1202 710 1268 lui
753 1210 829 1268 ut
883 1204 1158 1270 rescires
1209 1212 1277 1270 et
1337 1203 1675 1271 Calvinwn
1732 1225 1988 1288 quoque
2038 1204 2429 1289 participem
2471 1205 2570 1270 fa-

614 1308 816 1355 ceres.

790 1372 1093 1441 Salutavi
1137 1383 1252 1441 tuo
1293 1383 1360 1442 et
1406 1374 1657 1443 Caluini
1707 1377 1974 1441 nomine
2025 1384 2284 1442 nostros
2327 1375 2572 1442 civium

613 1460 987 1545 magistros,
1031 1463 1140 1544 qui
1187 1471 1489 1527 amanter
1522 1469 1590 1527 et
1622 1461 1979 1529 honorifice
2022 1483 2140 1530 vos
2180 1461 2570 1528 resalutant.

616 1543 799 1611 Sane
852 1568 993 1613 rem
1052 1569 1247 1631 quam
1307 1548 1751 1632 gratissimam
1806 1556 2083 1632 uterque
2140 1547 2459 1613 fecissetis
2514 1548 2573 1613 si

614 1631 748 1698 huc
789 1634 1155 1700 venissetis.
1221 1633 1603 1699 Videndum
1641 1634 1826 1700 vobis
1868 1635 1996 1700 erit
2037 1642 2115 1699 ut
2156 1634 2414 1719 piorum
2460 1631 2572 1699 de-

615 1717 858 1783 siderio
923 1719 1342 1786 satisfaciatis
1408 1729 1476 1785 et
1533 1727 1801 1804 propter
1854 1719 2200 1786 Christum
2266 1725 2334 1785 et
2399 1718 2573 1785 hanc

614 1803 960 1870 ecclesiam
1003 1804 1070 1869 id
1114 1806 1462 1888 praestetis
1518 1805 1689 1890 quod
1744 1806 1947 1871 animi
2003 1808 2217 1890 gratia
2273 1804 2573 1889 plerique

613 1910 843 1955 omnes
882 1892 1161 1971 faciunt,
1219 1913 1302 1958 ne
1358 1891 1569 1958 dicam
1632 1890 1715 1957 ob
1770 1892 2056 1958 amicum
2100 1930 2181 1942 --
2235 1930 2303 1940 —
2354 1927 2443 1939 —
2483 1927 2571 1939 -

614 1974 928 2043 Neocomi
981 1983 1074 2043 10.
1120 1978 1371 2062 Aprilis
1425 1982 1603 2044 1546.

1643 2113 1950 2181 Fal-ellus
2002 2122 2155 2180 tuus
2197 2119 2392 2179 totus.

1513 2710 1670 2782 788.

1104 2866 1606 2936 FARELLUS
1651 2865 2090 2933 OALVINO.

799 3038 1001 3105 Varia
1072 3040 1321 3120 exponit
1394 3038 1471 3104 dc
1540 3037 1774 3105 delectu
1839 3039 2274 3105 ministrorum
2340 3039 2570 3123 quibus

608 3123 884 3192 ecclesiis
904 3125 1200 3207 prospici
1225 3126 1430 3207 possit
1466 3128 1523 3190 et
1553 3125 1783 3203 debeat,
1831 3131 1886 3190 et
1919 3146 2078 3208 quae
2110 3147 2185 3193 ea
2218 3126 2292 3192 de
2322 3147 2395 3192 re
2428 3146 2570 3193 cum

606 3212 853 3277 consule
896 3210 1213 3276 Bernensi
1254 3213 1458 3294 eyerit.

608 3383 722 3444 (Ex
758 3382 1099 3452 autographo
1144 3382 1520 3435 Bibliothecae
1566 3387 1850 3451 pastorum
1885 3381 2352 3436 Neocomensium.
2424 3384 2568 3453 Epp.

1211 3451 1413 3504 Farelli
1446 3450 1573 3504 fasc.
1608 3450 1711 3505 111.
1747 3450 1815 3504 N.
1852 3449 1963 3518 13.)

781 3623 1032 3690 Christi
1088 3643 1282 3689 servo
1326 3623 1562 3688 Ioanni
1620 3622 1900 3688 Calvino
1952 3623 2201 3707 pastori
2257 3624 2569 3691 ecclesiae

608 3710 1026 3776 Genevensis
1104 3709 1478 3775 doctissimo
1545 3729 1844 3775 summae
1920 3709 2185 3792 pietatis
2265 3717 2333 3774 et
2395 3711 2568 3795 vigi-

608 3794 854 3861 lantiae

1920 3880 2257 3948 Genevae.

783 4017 852 4084 S.
921 4019 1215 4102 Uterque
1274 4019 1501 4085 consul
1545 4018 1907 4084 Bernensis
1963 4018 2045 4082 de
2099 4038 2299 4085 causa
2340 4022 2571 4083 matri-

608 4105 818 4169 monii
861 4105 1203 4171 cuiusdam
1257 4104 1364 4169 hic
1417 4105 1544 4170 fuit
1595 4104 1760 4169 11611.
1853 4104 2228 4188 Neylium1)
2275 4106 2568 4170 conveni.

607 4191 679 4257 Is
723 4189 1223 4258 commendabat
1259 4192 1454 4256 istam
1472 4193 1530 4270 2)
1568 4190 1908 4256 ecclesiam
1942 4200 2012 4255 et
2042 4199 2376 4274 pastorum
2423 4190 2572 4256 istic

611 4289 911 4342 sanctum
947 4298 1357 4356 consensum,
1402 4286 1472 4341 et
1506 4297 1638 4341 una
1683 4276 2026 4342 dissidium
2060 4276 2342 4341 aliorum
2386 4276 2572 4341 dam-

610 4363 831 4429 nabat.
918 4363 1346 4447 Pergendum
1397 4364 1581 4429 vobis
1628 4373 1731 4428 est
1787 4382 2048 4446 semper
2099 4363 2170 4428 in
2226 4364 2357 4428 ista
2413 4383 2572 4428 con-

610 4449 830 4515 cordia
875 4457 943 4513 et
997 4449 1289 4532 puritate
1346 4459 1489 4514 tum
1547 4448 1883 4515 doctrinae
1936 4458 2081 4513 tum
2139 4448 2345 4527 vitae,
2403 4469 2572 4531 quae

611 4545 851 4619 augeat
874 4535 1200 4601 Christus.
1270 4536 1413 4618 Ego
1448 4556 1626 4599 meas
1668 4535 1774 4619 egi
1817 4543 2038 4618 partes
2080 4542 2315 4601 nactus
2348 4535 2572 4601 virum

611 4621 729 4703 qui
772 4642 879 4686 me
923 4643 1008 4685 ex
1044 4622 1264 4686 animo
1299 4621 1526 4686 audire
1563 4620 1925 4698 videbatur,
1969 4629 2040 4685 et
2080 4620 2345 4686 demum
2381 4642 2573 4703 ques-

611 4717 724 4772 tus
768 4728 916 4773 sum
962 4705 1043 4771 de
1080 4706 1577 4781 confoederatis,
1599 4711 1657 4789 3)
1702 4709 1812 4789 qui
1846 4707 1916 4770 in
1954 4708 2421 4772 contumeliam
2456 4726 2572 4770 no-

612 4794 811 4859 minis
856 4792 985 4858 Dei
1032 4801 1098 4857 et
1140 4814 1458 4876 magnum
1502 4794 1796 4859 omnium
1846 4792 2315 4858 offendiculum
2359 4801 2426 4857 et
2467 4814 2572 4857 ec-

613 4878 965 4945 clesiarum
1011 4880 1271 4944 ruinam
1313 4878 1824 4945 introducuntur
1867 4886 1935 4943 et
1975 4879 2286 4944 foventur
2328 4886 2408 4942 ut
2448 4878 2574 4943 mi-

648 5136 789 5191 788.
826 5134 882 5202 1)
924 5136 1007 5190 Ιο.
1047 5135 1256 5191 Franc.
1300 5136 1534 5206 Naeqeli
1565 5137 1880 5206 Bernensis,
1916 5139 2140 5205 saepius
2173 5136 2376 5191 consul.

612 5342 674 5397 B
822 5203 886 5339 1211
928 5204 1541 5401 ξ’ΜΞαεΞξςο
1553 5275 1875 5398 mig-'Q
1908 5275 2233 5347 quibusdam
2267 5289 2334 5329 ex
2369 5272 2577 5329 ditium

2169 412 2697 483 EPISTOLAE
2743 417 3084 480 787—790
4506 416 4596 480 328

2677 603 2962 669 nistrent
3004 602 3076 668 in
3115 601 3338 667 verbo.
3402 601 3710 687 Regessit
3743 602 4004 685 culpam
4045 603 4119 668 in
4162 608 4477 685 pastores,
4515 603 4599 686 qui

2678 690 2735 754 si
2782 709 2918 753 non
2969 687 3394 754 admisissent
3431 688 3628 767 tales,
3685 710 3825 753 11611
3872 710 4023 754 66111
4081 698 4347 754 senatus
4480 689 4493 700 '

2677 773 3111 854 admissurus,
3171 773 3593 840 subindicans
3644 773 3793 839 illos
3834 795 3907 839 111
3950 774 4076 840 hoc
4119 795 4261 841 esse
4302 779 4380 838 ut
4420 776 4600 859 magis

2679 881 2791 926 eos
2824 859 3209 938 obtrudant,
3265 881 3384 943 per
3430 878 3592 942 quos
3650 867 3920 943 sperent
3974 860 4252 945 gloriam
4294 860 4599 943 propriam

2678 953 2746 1012 et
2788 946 3204 1012 autoritatem
3249 952 3516 1011 auctum
3558 946 3661 1024 iri,
3718 966 3917 1029 quam
3959 946 4071 1030 qui
4113 945 4421 1012 ecclesias
4468 946 4599 1012 bene

2678 1032 3159 1098 administrant.
3245 1029 3551 1097 Addebat
3564 1081 3580 1108 ‚
3636 1051 3757 1114 pro
3809 1033 3956 1098 viro
4012 1033 4200 1117 gravi
4240 1032 4516 1117 probato
4550 1045 4603 1098 et

2678 1118 2793 1183 diu
2836 1119 3140 1197 exercito,
3184 1129 3263 1182 ut
3305 1117 3580 1184 ecclesia
3635 1118 3930 1200 requirit,
3976 1119 4091 1201 qui
4112 1172 4117 1176 .
4139 1118 4409 1184 Erasmi
4425 1124 4487 1194 ⁴)
4523 1119 4601 1183 vi-

2677 1223 2784 1269 066
2826 1203 3058 1269 6611661
3072 1255 3088 1281 ,
3144 1203 3454 1269 iuvenem
3509 1201 3768 1269 doctum
3823 1201 4086 1287 quidem
4129 1203 4245 1270 sed
4288 1224 4424 1269 non
4472 1202 4603 1269 adeo

2676 1298 3020 1374 expertum
3066 1288 3237 1355 velle
3278 1289 3514 1355 offerre
3554 1296 3623 1354 et
3656 1291 4071 1369 constituere,
4113 1310 4200 1355 ne
4233 1290 4321 1355 sit
4361 1291 4479 1371 qui
4516 1311 4604 1355 ae-

2675 1384 2812 1440 tate
2847 1384 2964 1441 aut
3007 1375 3155 1440 aliis
3197 1374 3497 1440 obscuret
3539 1396 3650 1440 eos
3692 1376 3802 1457 qui
3845 1385 4183 1458 praesunt.
4271 1376 4419 1460 Ego
4458 1375 4604 1440 indi-

2674 1460 2903 1527 cabam
2946 1482 3053 1525 me
3096 1481 3337 1544 cupere
3378 1471 3455 1525 ut
3498 1461 3886 1526 Ambrosius
3926 1460 4284 1527 Blaurerus
4300 1465 4356 1539 ⁴⁵)
4402 1468 4606 1527 tantae

2676 1545 2945 1612 daretur
2987 1545 3313 1624 ecclesiae,
3368 1547 3504 1625 cui,
3562 1548 3617 1612 si
3663 1567 3937 1629 usquam
3982 1547 4201 1631 aliqua
4244 1547 4347 1624 sit,
4395 1567 4607 1613 consu-

2673 1631 2944 1698 lendum
2989 1641 3089 1697 est
3132 1632 3211 1696 de
3248 1633 3388 1698 viro
3432 1634 3724 1697 numeris
3769 1633 4072 1699 omnibus
4112 1633 4427 1699 absoluto.
4498 1633 4607 1698 Vel

2690 1718 3051 1784 Vadianum
3092 1716 3562 1783 consulendum
3576 1770 3591 1796 ,
3650 1719 3762 1801 qui
3816 1728 4189 1801 perspectos
4232 1718 4441 1784 habet
4481 1738 4607 1802 pas·

2673 1814 2846 1868 tores
2913 1811 2980 1869 et
3038 1824 3166 1886 quo
3231 1804 3319 1868 sit
3381 1803 3691 1871 ecclesiae
3753 1804 3872 1868 tali
3925 1825 4107 1888 opus.
4211 1806 4302 1869 Et
4358 1805 4607 1870 demum

2672 1903 2849 1955 recto
2891 1888 3119 1954 ordine
3162 1889 3524 1955 curandum
3570 1898 3648 1954 ut
3702 1900 3927 1956 sancte
3983 1899 4052 1956 et
4101 1911 4219 1974 per
4260 1889 4610 1961 Dominum

2672 1975 3051 2042 consulatur
3104 1975 3430 2041 ecclesiae.
3516 1976 3817 2060 Excepta
3869 1977 4132 2041 fuerant
4186 1978 4440 2054 omnia,
4493 1976 4609 2041 dic-

2672 2076 2942 2144 tumque
2996 2061 3125 2125 fuit
3179 2060 3847 2127 commonefaciendos
3910 2062 4151 2142 literis,
4221 2082 4305 2127 ne
4368 2071 4612 2127 tantum

2673 2148 2775 2213 sui
2817 2167 3042 2214 curam
3084 2154 3152 2211 et
3195 2167 3350 2214 suae
3395 2148 3765 2213 autoritatis
3800 2147 4121 2214 haberent
4136 2200 4150 2224 ,
4209 2169 4427 2230 neque
4471 2147 4612 2214 adeo

2670 2241 3062 2298 vererentur
3100 2252 3238 2297 non
3281 2241 3419 2298 tam
3463 2234 3780 2312 eminere,
3840 2255 3916 2300 60
3972 2255 4205 2317 parum
4260 2233 4386 2299 sibi
4444 2234 4612 2299 dece-

2667 2319 2827 2394 dere
2871 2339 2946 2384 60
2989 2316 3198 2398 deiici,
3244 2319 3436 2383 modo
3470 2319 3779 2385 ecclesiae
3815 2320 4268 2386 consuleretur
4305 2328 4376 2385 et
4400 2320 4614 2386 Chris-

2672 2415 2778 2471 tus
2840 2425 2946 2469 ma
2996 2404 3011 2418 ⁶
3105 2404 3527 2470 exaltaretur.
3628 2404 3837 2470 Vides
3893 2406 4114 2471 virum
4169 2426 4303 2471 non
4368 2404 4528 2471 adeo
4581 2426 4614 2471 a

2674 2511 2868 2573 scopo
2914 2513 2954 2556 a
3035 2512 3238 2556 rrare.
3327 2489 3405 2557 Si
3450 2492 3800 2574 quisquam
3855 2492 3963 2558 hic
4020 2493 4256 2576 possit,
4320 2499 4397 2556 tu
4442 2500 4616 2576 potes

2670 2597 2791 2660 per
2833 2577 3193 2642 Dominum
3250 2584 3319 2641 et
3376 2577 3642 2643 ViretuS.
3732 2575 3810 2643 Si
3853 2577 4147 2643 Bucerus
4202 2578 4484 2643 vicinior
4524 2598 4616 2643 es-

2672 2673 2792 2741 set,
2836 2663 2895 2727 is
2949 2667 3272 2728 conferret
3322 2683 3456 2727 non
3507 2683 3758 2746 parum.
3861 2662 4160 2728 Vulnera
4214 2685 4383 2746 quae
4444 2663 4617 2728 nobis

2672 2749 2921 2815 inflicta
2964 2749 3229 2813 fuerunt
3272 2756 3340 2813 et
3372 2756 3632 2814 tantum
3666 2770 3799 2813 non
3835 2748 4269 2833 perdiderunt
4304 2749 4616 2827 ecclesias,

2674 2834 2832 2900 dum
2874 2855 3010 2898 non
3055 2836 3214 2899 satis
3256 2835 3446 2918 probi
3487 2842 3784 2920 pastores
3827 2856 3949 2901 nec
3991 2837 4152 2901 satis
4196 2835 4492 2901 officium
4532 2836 4620 2900 fa-

2672 2921 2921 2986 cientes
2976 2921 3437 3004 praefuerunt,
3511 2941 3632 2986 nos
3682 2940 3953 2987 monere
4010 2920 4265 2986 debent.
4365 2923 4470 2988 Tu
4513 2942 4621 3005 pro

2672 3005 2843 3071 dono
2886 3007 3006 3071 tibi
3046 3026 3085 3070 a
3130 3006 3414 3071 Domino
3459 3006 3609 3070 dato
3653 3027 3827 3093 ages,
3882 3014 3951 3072 et
3992 3008 4047 3073 si
4090 3008 4248 3092 quid
4290 3030 4441 3073 mea
4483 3027 4620 3092 pos-

2672 3095 2760 3159 sit
2800 3093 3106 3170 tenuitas,
3151 3093 3370 3159 indica
3413 3100 3479 3157 et
3521 3094 3671 3159 iube
3714 3093 3872 3177 quid
3905 3092 4276 3160 faciendum
4319 3095 4491 3159 mihi
4526 3095 4619 3168 sit,

2672 3188 2738 3243 et
2796 3179 3083 3244 Viretum
3123 3177 3408 3244 hortare.
3483 3180 3832 3258 Tussanus,
3878 3182 3987 3263 qui
4034 3189 4292 3245 tant-um
4340 3202 4459 3264 pro
4504 3181 4620 3245 eri-

2673 3264 2885 3349 genda
2930 3272 2999 3329 et
3039 3263 3472 3330 instauranda
3514 3265 3788 3332 ecclesia
3830 3267 4180 3346 laboravit,
4237 3266 4428 3331 vides
4473 3277 4547 3330 ut
4587 3285 4623 3330 a

2674 3351 2811 3416 suis
2856 3352 3218 3416 infestetur.
3306 3350 3704 3434 Priusquam
3769 3352 3890 3418 has
3934 3353 4336 3435 exciperem,
4406 3352 4619 3417 audivi

2672 3436 2892 3520 aliqua
2933 3458 3098 3521 quae
3148 3438 3486 3502 Guarinus
3501 3439 3557 3515 6)
3605 3438 3867 3504 Nicolao
3921 3445 4144 3504 nostro
4203 3439 4407 3519 dixit,
4463 3456 4619 3521 quae

2673 3524 2836 3588 satis
2878 3523 3174 3588 indicant
3230 3545 3356 3606 quo
3413 3525 3469 3587 is
3528 3524 3615 3588 sit
3671 3527 3888 3589 animo
3933 3532 4000 3590 et
4052 3526 4165 3607 qui
4222 3546 4373 3590 cum
4417 3546 4493 3588 60
4533 3524 4619 3588 fa-

2673 3608 2873 3673 ciunt.
2964 3609 3208 3674 Nostra
3263 3609 3425 3674 haec
3480 3618 3639 3674 sunt
3695 3609 3802 3674 hic
3860 3612 4173 3675 exercitia
4231 3612 4472 3693 quibus
4514 3630 4620 3673 nos

2674 3694 3001 3759 Dominus
3044 3715 3346 3760 exercere
3392 3693 3551 3759 vult.
3621 3694 3828 3776 Quies
3863 3697 4048 3763 nobis
4084 3696 4239 3762 alibi
4283 3694 4617 3779 speranda,

2674 3780 2790 3846 6111
2852 3780 3073 3845 omnia
3138 3780 3303 3846 bene
3368 3781 3720 3846 habebunt.
3823 3782 4174 3866 Utcunque
4240 3789 4469 3846 tamen
4527 3801 4622 3845 res

2673 3865 2978 3942 habeant,
3039 3866 3332 3950 agendae
3386 3873 3542 3932 sunt
3583 3866 3872 3933 Domino
3932 3869 4211 3952 gratiae:
4275 3888 4433 3932 nam
4488 3866 4621 3949 quis

2674 3964 3003 4035 sperasset
3058 3972 3141 4016 ex
3200 3960 3387 4017 tanta
3442 3954 3754 4018 vastitate
3809 3954 4102 4018 futurum
4123 4005 4138 4032 ,
4197 3962 4274 4018 111
4330 3955 4405 4017 111
4462 3952 4622 4017 116110

2675 4038 3000 4102 0611616111
3081 4045 3146 4102 61
3223 4037 3741 4104 aedificationem
3820 4039 4167 4122 aliquando
4247 4035 4618 4106 ueniretur?

2675 4124 2826 4188 Non
2883 4123 3268 4206 ftangamur
3323 4124 3438 4190 sed
3495 4145 3872 4209 pergamus,
3929 4135 4271 4208 sperantes
4328 4146 4483 4190 66111
4523 4122 4620 4207 qui

2677 4210 2890 4292 coepit
2931 4217 2997 4274 61
3035 4210 3145 4274 hic
3188 4221 3324 4274 tam
3361 4208 3745 4276 admiranda
3781 4214 4051 4295 peregit,
4090 4232 4282 4277 suum
4320 4232 4485 4294 opus
4520 4209 4621 4274 ab·

2678 4295 3070 4362 soluturum.
3160 4296 3401 4360 Noster
3444 4298 3879 4362 aromatarius
3922 4299 4131 4362 venit:
4190 4299 4244 4363 si
4291 4295 4620 4362 conventis

2677 4382 2955 4459 steterit,
2999 4403 3133 4445 non
3176 4403 3526 4464 possumus
3582 4404 3712 4446 non
3773 4392 3950 4449 stare
4001 4383 4355 4467 promissis.
4464 4380 4620 4445 Vale

2676 4489 2826 4533 cum
2870 4478 2983 4531 tua
3027 4469 3321 4552 coniuge,
3384 4467 3606 4550 Coppa,
3665 4469 3960 4546 Get-Natio,
4008 4468 4203 4534 Abelo
4246 4481 4312 4533 et
4352 4467 4619 4534 caeteris

2679 4554 2801 4636 piis
2845 4554 3110 4637 collegis
3170 4575 3245 4619 ac
3302 4554 3684 4637 coniugibus
3737 4557 3997 4621 sanctis.
4090 4555 4431 4621 Nicolaum
4482 4574 4617 4619 cum

2676 4662 2902 4717 uxore,
2949 4641 3221 4704 fratrem
3263 4659 3517 4722 quoque
3560 4650 3753 4705 tuum
3796 4641 4030 4707 saluta.
4116 4641 4343 4706 Nostri
4393 4649 4458 4707 te
4492 4659 4618 4704 om-

2677 4747 2797 4791 nes
2832 4726 3095 4792 salvum
3118 4734 3362 4808 optant,
3401 4727 3749 4809 praecipue
3774 4726 4270 4810 Christophorus,
4306 4728 4413 4793 061
4451 4727 4618 4809 quie-

2677 4813 2762 4878 tis
2806 4812 2908 4877 vel
2956 4811 3119 4875 11016
3174 4833 3309 4876 6116
3360 4832 3493 4876 non
3550 4814 3676 4878 fuit
3729 4833 3769 4877 a
3825 4812 3929 4878 die
3985 4834 4114 4896 quo
4168 4813 4369 4879 venit.
4458 4811 4615 4878 Neo-

2677 4899 2849 4963 comi
2894 4902 2987 4962 13.
3036 4897 3287 4979 Aprilis
3338 4902 3517 4962 1546.
3606 4900 3765 4964 Pios
3801 4908 4131 4965 senatores
4175 4900 4429 4964 salvere
4472 4901 4613 4962 item

2677 4984 2829 5051 iube
2887 4991 2953 5049 et
3011 4982 3324 5066 quidquid
3381 4992 3481 5048 est
3536 4983 4076 5051 Christi'amans.
4177 4984 4507 5050 Existimo
4556 4995 4612 5046 te

2884 5204 2946 5270 4)
2990 5205 3238 5261 Βίτων-66
3273 5213 3387 5261 tum
3423 5208 3740 5277 acyrotabat
3778 5207 3893 5262 Gal.
3929 5207 4072 5278 Aug..
4108 5208 4370 5264 obimus.

2884 5274 2945 5342 5)
2981 5281 3112 5328 tunc
3144 5276 3402 5342 temporis
3438 5276 3792 5332 Constantine
3822 5277 3983 5332 verbo
4015 5278 4351 5333 ministrans.

2885 5344 2939 5413 6)
2988 5342 3139 5399 Talis
3172 5346 3377 5414 aliquis
3411 5346 3744 5402 laudabatur
3779 5345 3857 5402 N.
3896 5345 4012 5400 133.
