4825 6175
233 417 339 481 249
375 426 384 438 '

232 595 449 686 bergae
491 600 780 666 Paulum
824 597 908 664 ad
950 599 1287 665 Romanos
1330 599 1393 665 le
1444 600 1523 665 'tt
1581 601 1876 684 disputat
1917 620 2158 684 magno

231 687 545 772 applausu.
645 683 900 752 Ibidem
974 685 1170 750 etiam
1218 684 1305 751 D.
1362 621 1745 753 {letathius
1772 688 1855 767 15)
1908 686 2164 751 medica

229 774 571 857 profitetur.
639 771 865 852 Quare
909 770 990 836 de
1035 791 1112 836 eo
1151 773 1499 857 gymnasio
1541 780 1611 838 et
1650 772 1955 838 Electore
1996 771 2163 837 bene

227 879 568 944 speramus.

383 994 703 1061 Eusebius
745 992 921 1060 filius
962 1015 1148 1059 meus
1192 1005 1256 1059 te
1301 993 1560 1061 salutat.

1345 1130 1599 1215 Caspar
1640 1131 1859 1232 Hedio

1324 1225 1478 1283 tuus
1518 1238 1601 1282 ex
1645 1238 1880 1283 ammo.

1113 1729 1263 1798 750.

744 1881 1217 1951 OALVINUS
1262 1881 1633 1949 VIRETO.
1701 1876 1709 1885 ⁴

382 2055 488 2122 De
533 2054 756 2121 Roseto
812 2076 889 2120 ex
930 2055 1295 2121 mediatoris
1348 2061 1602 2121 senatus
1656 2055 1987 2120 autoritate
2041 2056 2165 2120 sibi

216 2142 623 2208 reconciliato.
712 2140 816 2206 De
872 2141 1049 2206 bonis
1095 2142 1605 2207 Neocomensium
1646 2140 2075 2207 ecclesiasticis
2108 2147 2166 2205 et

214 2229 504 2293 ministro
544 2227 624 2292 ab
666 2228 755 2292 iis
808 2227 1094 2309 eliyendo.
1189 2226 1390 2293 Porro
1430 2228 1658 2292 iterum
1700 2227 1774 2291 de
1821 2225 2022 2292 Galla
2054 2227 2164 2293 illo

215 2315 573 2395 nuperrime
613 2313 1045 2377 commendato.
1135 2312 1427 2395 Denique
1460 2315 1536 2379 de
1576 2312 1844 2378 Perrino
1886 2317 1940 2378 et
1981 2311 2162 2378 rebus

216 2399 601 2465 militaribus
620 2397 975 2465 Beruenses
1017 2399 1179 2464 inter
1221 2404 1279 2463 et
1303 2400 1688 2464 Genevenses
1719 2399 2159 2482 transiyendis.

214 2571 325 2635 (Ex
361 2566 703 2693 autograffl
739 2570 867 2624 Cod.
905 2569 1110 2624 Genev.
1147 2568 1248 2623 106
1322 2570 1411 2623 fol.
1452 2566 1568 2623 153.
1618 2597 1680 2606 -
1723 2569 1962 2622 Exstant
2005 2586 2161 2639 prae-

213 2644 360 2693 terea
396 2657 657 2761 exemp?
683 2640 733 2692 'a
765 2638 1048 2692 Ionvillaei
1083 2638 1215 2693 Ood.
1253 2612 1392 2690 ina.
1443 2638 1534 2691 fol.
1573 2635 1668 2706 34,
1717 2637 1997 2719 Turretini
2032 2638 2160 2692 Cod.

243 2707 359 2776 111,
393 2709 489 2762 sol.
527 2708 557 2760 1
646 2747 659 2770 ,
697 2708 975 2762 Beruense
1010 2708 1149 2778 Epp.
1187 2707 1307 2761 VII.
1342 2726 1395 2777 p.
1433 2704 1552 2774 745,
1589 2707 1806 2760 Simlen
1843 2707 1967 2760 Vol.
2005 2706 2114 2774 59.)

209 2879 477 2945 Eximio
522 2878 791 2945 Domini
836 2879 1046 2945 nostri
1087 2878 1243 2944 Iesu
1290 2872 1541 2944 Christi
1585 2900 1773 2944 servo
1795 2878 1996 2943 Petro
2039 2878 2161 2943 Vi-

209 2972 342 3032 reto
386 2965 890 3031 Lausannensis
946 2965 1256 3030 ecelesiae
1307 2964 1549 3047 pastori
1606 2964 1791 3028 fratri
1856 2971 1924 3028 et
1981 2985 2160 3049 sym-

857 3058 1113 3136 mystae
1157 3051 1507 3117 carissimo.

370 3187 447 3255 S.
509 3188 839 3270 Quoniam
885 3188 968 3254 ad
1002 3190 1216 3254 multa
1247 3208 1429 3253 nunc
1472 3187 1589 3252 tibi
1631 3186 2158 3269 respondendum

207 3284 317 3354 est,
363 3274 536 3340 dabo
578 3296 842 3358 operam
878 3283 957 3339 ut
988 3276 1060 3339 in
1083 3274 1362 3358 singulis
1396 3273 1716 3357 capitibus
1754 3272 1880 3338 sim
1916 3274 2156 3339 brevis.

203 3361 303 3426 De
349 3361 581 3427 Roseto
608 3365 657 3443 ⁸)
699 3362 794 3425 ita
835 3382 942 3426 res
986 3359 1198 3425 habet.
1289 3358 1515 3440 Quum
1557 3359 1728 3424 bona
1769 3379 1923 3441 pars
1967 3380 2155 3424 sena-

203 3454 305 3511 tus
349 3446 433 3512 de
476 3444 977 3513 reconciliandis
1018 3445 1207 3511 nobis
1249 3454 1489 3530 ageret,
1534 3466 1642 3509 me
1674 3444 1878 3510 libere
1910 3445 1984 3509 in
2017 3466 2156 3511 me-

206 3531 383 3597 dium
406 3532 702 3616 proferre
745 3532 1038 3614 oportuit
1077 3552 1273 3615 quam
1309 3530 1557 3614 perfide
1590 3549 1662 3597 se
1698 3531 2026 3614 gessisset,
2071 3551 2157 3596 ex

202 3638 322 3699 quo
363 3618 574 3684 semel
616 3628 885 3683 senatus
927 3618 1279 3683 autoritate
1322 3636 1580 3682 mecum
1623 3616 1695 3680 in
1728 3617 2009 3700 gratiam
2055 3638 2154 3681 re-

204 3700 424 3769 dierat.
502 3703 727 3784 Quum
770 3705 993 3768 omnia
1031 3701 1451 3787 impudenter
1491 3710 1780 3787 negaret,
1825 3702 1958 3767 hue
2000 3723 2152 3767 con-

203 3790 494 3855 tentione
536 3809 922 3873 progressus
981 3807 1161 3854 sum:
1220 3787 1447 3869 Quid?
1493 3799 1651 3853 tunc
1707 3787 1904 3852 etiam
1950 3808 2151 3871 nega-

201 3872 293 3939 bis
333 3883 400 3940 te
445 3895 601 3942 eum
650 3874 857 3941 Via-eto
898 3875 991 3938 ita
1032 3874 1374 3957 loquutum
1419 3885 1493 3938 ut
1535 3880 1800 3957 propter
1838 3873 2153 3939 Sebastia-

199 3980 343 4025 num
397 3968 468 4027 et
528 3959 1024 4042 Ghamperelbum
1040 3958 1097 4044 ²)
1154 3981 1260 4025 me
1315 3959 1570 4025 invidia
1623 3978 1935 4043 gravares
1948 3959 1981 4022 ‘2
2070 3957 2149 4025 si

200 4165 329 4236 berg
357 4168 474 4222 lass
509 4184 637 4220 man
671 4168 746 4219 im
781 4165 1318 4235 Augustinercloster
1352 4165 1441 4218 die
1476 4164 1830 4219 Communion
1864 4163 2001 4218 auch
2033 4164 2149 4217 hal-

202 4239 304 4288 ten.
373 4237 490 4289 Der
533 4235 757 4303 ln'inigin
793 4235 1003 4289 Marion
1047 4233 1302 4304 prediger
1347 4250 1408 4288 so
1452 4234 1529 4286 im
1575 4233 1877 4287 Niderland
1921 4235 2010 4287 fur
2054 4233 2144 4287 ein

201 4301 381 4359 ketfler
415 4303 643 4358 verdam
681 4311 706 4359 t
741 4302 850 4357 vnd
884 4320 946 4357 so
982 4320 1043 4357 er
1076 4303 1160 4356 nit
1195 4302 1499 4357 entwichen
1534 4303 1831 4355 verbrannt
1855 4319 1968 4356 wer
2002 4319 2143 4356 wor-

200 4370 314 4437 den,
358 4374 437 4426 ist
484 4389 593 4426 von
673 4410 688 4425 .
723 4371 909 4426 Ohurf.
944 4371 1047 4430 Gn.
1082 4387 1418 4441 angenomen
1463 4372 1521 4423 in
1571 4370 1668 4423 das
1717 4372 1992 4440 obgemelt
2027 4372 2141 4424 Au-

200 4442 641 4507 gustinercloster
674 4445 910 4509 gesetzt,
946 4442 1072 4495 liset
1106 4441 1213 4495 den
1248 4440 1476 4494 Paulum
1510 4458 1577 4492 zu
1611 4440 1718 4493 den
1737 4440 1993 4506 Romern,
2031 4440 2142 4492 vnd

199 4525 317 4579 mag
348 4511 407 4564 in
443 4511 536 4564 die
569 4509 768 4563 furstin
807 4510 913 4563 wol
945 4510 1139 4580 leyden
1174 4510 1338 4564 dweil
1382 4525 1444 4561 er
1486 4508 1546 4561 in
1580 4509 1770 4577 Beyen
1805 4507 1875 4576 (ῗ)
1912 4509 2011 4562 der
2043 4508 2140 4561 ko-

200 4577 340 4647 nigin
373 4579 553 4632 Maris
585 4579 696 4632 lieb
730 4594 982 4647 gewesen
1016 4579 1127 4632 vnd
1172 4580 1270 4633 der
1304 4577 1704 4630 framosisehen
1738 4576 1936 4646 spraeh
1969 4576 2142 4630 khun-

202 4646 301 4716 dig.
371 4648 647 4703 Electum
679 4663 824 4701 asor
865 4648 987 4712 tilia
1022 4655 1137 4702 erat
1178 4647 1484 4702 Christiani
1516 4645 1607 4701 11.
1642 4643 1867 4700 Daniae
1914 4647 2059 4715 ’τρία
2092 4652 2145 4700 et

203 4714 481 4784 leubellae,
520 4715 713 4771 Caroli
752 4716 813 4771 V.
845 4721 896 4770 et
932 4715 1157 4770 Mariae
1190 4716 1550 4785 Hnnqarieae
1581 4715 1805 4768 sororis

364 4783 459 4850 15)
504 4784 579 4839 N.
614 4783 737 4851 671,
769 4791 883 4838 not.
920 4783 965 4836 l.
1000 4813 1068 4824 —
1108 4784 1191 4850 Of.
1226 4784 1389 4839 etiam
1427 4783 1502 4838 N.
1536 4780 1653 4837 729.
1691 4782 1809 4836 736.

226 4849 363 4909 ¹750.
399 4854 458 4922 1)
500 4852 767 4907 anuclius
805 4853 975 4907 Boset
1017 4860 1131 4908 tum
1165 4855 1418 4921 temporis
1462 4853 1525 4907 in
1559 4867 1620 4905 re
1649 4853 1873 4920 publiea
1901 4850 2143 4920 gerenda

206 4920 338 4975 inter
365 4937 580 4990 paucos
611 4923 865 4988 minens,
899 4921 1032 4976 clar.
1072 4921 1363 4976 Michaelis
1408 4921 1605 4975 Roseti
1638 4927 1829 4989 pater,
1875 4920 1975 4975 hoe
2020 4920 2144 4988 ipso

209 5002 346 5045 amo
389 4988 532 5044 1546
579 4988 853 5060 Sys-diem
897 4992 1095 5045 annm
1140 4996 1380 5058 creatus,
1436 4990 1657 5057 saepius
1712 4988 2145 5052 contentionibus

208 5071 318 5112 eun
343 5058 576 5114 Calvino
606 5060 902 5128 implicitus
931 5060 1106 5124 fuisse
1141 5059 1370 5126 videtur,
1367 5074 1642 5182 azanim
1674 5059 1904 5128 vestiqia
1929 5057 2145 5126 passim

210 5125 266 5180 in
297 5128 439 5250 ααίξ
465 5127 899 5264 ”qul’msgssz‘ffi
1134 5133 1171 5182 t.
1245 5128 1325 5195 Cf.
1478 5123 1588 5208 iffe,
1617 5140 1777 5182 noue.
1809 5141 1982 5197 panes
2012 5123 2098 5179 37.

439 5203 465 5265 )
562 5213 659 5254 aee
774 5213 899 5252 eren

213 5265 394 5389 w
573 5268 584 5279 '
679 5268 742 5320 in
774 5266 874 5321 hoe
907 5265 1163 5320 thesauro
1197 5266 1397 5319 mentio
1469 5271 1594 5320 acta
1640 5270 1733 5320 est.
1815 5263 1907 5319 De
1945 5263 2147 5319 Castel-

242 5334 252 5344 '
374 5350 427 5390 v.
533 5373 546 5387 .
579 5333 687 5390 530
717 5350 843 5405 seq„
875 5334 942 5390 de
975 5332 1345 5404 Ohanperello
1443 5373 1455 5386 .
1491 5332 1595 5387 716
1629 5348 1734 5404 seq.

1021 5196 1101 5251 acl
1144 5198 1362 5266 negotia
1562 5212 1737 5250 iorum
1773 5211 2044 5251 annorum
2080 5193 2148 5248 de

1942 413 2104 475 1546
2148 408 2528 476 IANUAR.

4093 414 4221 477 250

2263 595 2441 679 apud
2482 595 2683 662 talem
2726 595 2969 675 virum,
3011 616 3205 678 quem
3240 595 3403 661 mihi
3437 616 3576 661 non
3609 596 3831 662 minus
3867 618 4063 680 quam
4099 599 4220 667 tibi

2265 683 2550 748 amicum
2593 703 2901 758 noveras,
2960 682 3084 748 tibi
3139 702 3273 747 non
3328 682 3598 765 potuisti
3654 689 4020 765 temperare
4059 686 4219 767 quin

2266 788 2606 833 evomeres
2646 766 2911 849 aliquod
2954 768 3170 846 virus,
3227 766 3383 851 quid
3439 766 3615 851 apud
3668 768 3831 834 alios
3892 777 3957 833 te
4000 770 4218 837 effuti-

2267 855 2438 919 visse
2483 852 2790 919 credibile
2844 852 2991 919 est?
3081 853 3304 934 Quum
3358 853 3466 918 hic
3519 873 3773 937 quoque
3827 856 4218 938 tergiversa-

2268 948 2471 1017 retur,
2516 940 2757 1004 iterum
2800 940 3059 1023 excepi:
3106 937 3285 1020 Quid
3326 938 3720 1022 respondeas
3761 959 3884 1022 pro
3919 950 4004 1017 te,
4049 943 4220 1009 nihil

2269 1045 2509 1090 moror.
2598 1025 2773 1089 Mihi
2830 1026 2989 1091 satis
3044 1034 3145 1090 est
3197 1025 3368 1107 quod
3424 1025 3674 1091 Virebus
3732 1027 4217 1108 animadvertit,

2270 1119 2334 1175 te
2376 1109 2701 1175 malevolo
2748 1131 2891 1175 esse
2933 1112 3003 1176 in
3046 1130 3155 1175 me
3190 1112 3428 1189 animo,
3475 1119 3541 1175 et
3574 1110 3863 1194 maligne
3903 1112 4068 1177 mihi
4103 1114 4217 1181 ob-

2268 1194 2613 1278 loquutum
2658 1197 3021 1262 testabitur.
3111 1197 3282 1261 Tum
3337 1198 3430 1260 ita
3478 1196 3645 1260 mihi
3700 1197 4056 1281 respondit,
4107 1221 4219 1267 eos

2268 1284 2379 1364 qui
2425 1280 2509 1346 ad
2552 1303 2659 1347 me
2703 1281 3094 1347 detulissent
3135 1302 3301 1366 quae
3335 1284 3703 1361 narrabam,
3746 1283 4036 1350 fortassis
4078 1287 4217 1369 pri-

2267 1389 2408 1432 mos
2451 1388 2592 1434 esse
2635 1375 2915 1434 autores.
3005 1368 3137 1434 Hie
3181 1390 3250 1433 se
3293 1368 3688 1451 interposuit
3731 1377 4023 1448 senatus,
4078 1393 4218 1436 me-

2269 1474 2392 1536 que
2436 1455 2864 1519 vehementer
2916 1452 3276 1519 obtestatus
3330 1462 3431 1520 est
3485 1464 3561 1519 ut
3603 1455 3904 1520 omnibus
3948 1457 4215 1525 offensis

2268 1539 2488 1604 valere
2531 1540 2725 1606 iussis
2767 1540 2865 1604 illi
2902 1540 3371 1605 reconciliarer.
3439 1540 3586 1623 Ego
3631 1561 3786 1605 vero
3819 1562 3927 1606 me
3968 1544 4218 1625 optima

2267 1624 2396 1689 fide
2439 1625 2508 1689 id
2551 1624 2877 1690 facturum
2920 1624 3254 1709 respondi,
3314 1647 3437 1692 nec
3480 1646 3597 1708 per
3652 1647 3760 1691 me
3815 1628 4015 1693 stabit
4059 1630 4218 1711 quin

2267 1709 2627 1777 liberaliter
2683 1718 3010 1794 praestem
3066 1711 3238 1794 quod
3290 1711 3523 1795 recepi.
3624 1712 3731 1777 Ita
3794 1712 3962 1778 alter
4025 1714 4219 1781 alteri

2267 1798 2559 1861 omnium
2621 1795 2945 1877 ἀμνηστίαν
2984 1798 3436 1879 promisimus.
3524 1798 3619 1863 ΤΘ
3668 1796 3830 1862 mihi
3884 1799 4056 1881 quod
4100 1822 4217 1866 au-

2267 1881 2485 1948 dieras
2525 1883 2878 1959 indioasse‚
2937 1883 3083 1965 quis
3128 1882 3289 1948 vitio
3332 1882 3452 1949 tibi
3494 1882 3754 1949 vertet?
3843 1885 4012 1950 Tum
4057 1906 4217 1954 vero

2266 1967 2410 2032 iure
2448 1976 2515 2034 te
2549 1989 2777 2034 omnes
2810 1968 3023 2035 malae
3058 1968 3208 2034 fidei
3247 1967 3637 2034 damnarent
3681 1969 3738 2034 si
3771 1991 3880 2034 me
3914 1971 4214 2039 celasses.

2267 2052 2494 2135 Quare
2537 2075 2670 2119 non
2714 2062 2816 2120 est
2859 2054 3029 2138 quod
3074 2055 3361 2120 verearis
3404 2055 3603 2120 ullius
3637 2055 3969 2122 iudicium.
4035 2056 4218 2138 Quin

2265 2160 2350 2204 ne
2394 2140 2453 2205 is
2496 2140 2777 2222 quidem,
2823 2140 2935 2222 qui
2970 2140 3251 2206 tacuisse
3292 2148 3360 2205 te
3395 2140 3638 2217 mallet,
3684 2145 4057 2226 vituperare
4101 2163 4217 2209 au-

2266 2225 2371 2289 sit.
2460 2224 2812 2291 Caeterum
2855 2227 3273 2291 contentione
3329 2226 3589 2309 sepulta
3640 2226 3763 2292 hoc
3807 2235 4016 2293 totum
4064 2250 4217 2295 eva-

2264 2311 2428 2375 nuit.
2519 2310 2712 2392 Quod
2758 2312 2813 2377 si
2858 2312 3015 2392 quid
3058 2318 3397 2396 peceatum
3442 2321 3545 2376 est
3586 2312 3866 2396 ignosce.

2437 2395 2632 2477 Quod
2678 2397 2975 2463 Fareuus
3014 2399 3212 2481 petit,
3271 2408 3345 2462 ut
3401 2398 3589 2479 quasi
3626 2399 3959 2481 privatum
4005 2398 4216 2464 homi-

2264 2502 2419 2546 nem
2463 2482 2888 2548 admonentes
2930 2482 3291 2549 scribamus
3347 2482 3427 2548 de
3477 2482 3666 2548 bonis
3725 2484 4050 2561 ecclesiae,
4099 2484 4214 2550 ab·

2265 2567 2540 2632 surdum
2582 2580 2699 2634 est.
2721 2572 2780 2644 ⁸)
2848 2568 3054 2634 Cuius
3098 2571 3275 2633 enim
3311 2568 3700 2651 prudentiae
3742 2570 3941 2634 fuerit
3983 2578 4214 2653 sponte

2263 2654 2734 2752 prorumpere?
2780 2676 2900 2719 nos
2943 2656 3245 2739 ingerere
3289 2656 3360 2718 in
3404 2656 3735 2738 negotium
3783 2656 3969 2722 nobis
4012 2675 4214 2739 prope

2262 2739 2609 2821 ignotum?
2654 2761 3040 2824 responsum
3087 2742 3147 2805 ei
3190 2739 3348 2805 dare
3384 2740 3498 2821 qui
3532 2761 3866 2823 nunquam
3911 2761 4030 2806 nos
4065 2761 4214 2806 eon-

2264 2824 2587 2890 suluerit‘l
2677 2825 2754 2891 Si
2820 2828 2958 2891 eius
3021 2834 3256 2910 rogatu
3318 2825 3667 2891 fecerimus
3684 2878 3700 2902 ,
3776 2825 4068 2891 fabulam
4132 2826 4214 2892 de

2263 2910 2620 2992 composito
2640 2912 2814 2977 inter
2836 2932 2957 2976 nos
2979 2912 3087 2996 agi
3122 2911 3338 2977 dicent
3371 2910 3747 2976 adversarii.
3816 2912 3969 2976 Erit
3989 2920 4213 2977 tamen

2262 2996 2598 3061 tolerabile
2662 3018 2873 3080 neque
2950 2998 3269 3079 ineptum.
3380 2998 3577 3062 Petat
3640 3017 3796 3081 ergo
3870 2998 4212 3064 eonsilium

2262 3083 2450 3149 euius
2493 3104 2600 3150 res
2642 3083 2880 3168 agitur.
2971 3084 3142 3149 Tum
3199 3106 3317 3150 nos
3376 3081 3456 3148 de
3499 3091 3639 3152 tota
3680 3105 3754 3149 re
3797 3081 4211 3150 disseremus.

2261 3167 2650 3251 Importune
2693 3168 3048 3254 satagendo
3105 3177 3183 3235 ut
3232 3191 3340 3235 me
3395 3169 3640 3234 derisui
3682 3190 4008 3253 exponam
4051 3191 4214 3236 non-

2261 3252 2419 3318 dum
2463 3254 2767 3321 adducor.

2433 3340 2581 3407 Tibi
2623 3339 2703 3406 de
2744 3342 3024 3424 pastoris
3067 3341 3381 3407 electione
3394 3344 3452 3426 ⁴)
3490 3341 3571 3407 ad
3608 3341 3863 3424 plebem
3886 3341 4213 3408 scribendi

2259 3447 2393 3491 non
2440 3425 2622 3492 deest
2664 3427 2939 3492 honesta
2981 3428 3249 3493 occasio.
3338 3427 3512 3492 Nam
3572 3428 3705 3491 illie
3762 3448 3963 3511 quum
4008 3429 4213 3493 fueris

2254 3519 2499 3594 pastor,
2517 3518 2571 3590 ὁ)
2618 3511 3066 3578 demonstrare
3107 3514 3352 3597 poteris
3395 3513 3565 3579 hanc
3611 3533 3833 3578 curam
3877 3514 3957 3578 ab
4001 3514 4213 3579 officio

2257 3608 2373 3662 tuo
2418 3598 2690 3663 minime
2733 3619 2877 3664 esse
2920 3599 3219 3664 alienam.
3308 3598 3390 3663 In
3447 3597 3743 3682 eligendo
3799 3598 4016 3665 adhue
4060 3600 4213 3665 hae-

2257 3704 2388 3748 reO.
2480 3682 2690 3749 Video
2732 3684 2972 3750 fratres
3016 3706 3056 3749 a
3095 3685 3335 3751 Thomu
3360 3686 3414 3764 ⁶)
3471 3684 3823 3750 abhorrere
3838 3737 3852 3760 ,
3913 3705 3988 3750 ac
4030 3706 4209 3763 sane,

2256 3769 2309 3834 si
2369 3769 2578 3834 libera
2643 3768 2909 3835 daretur
2966 3771 3172 3853 optio,
3239 3770 3426 3835 illum
3491 3770 3750 3836 nollem.
3838 3770 4093 3835 ‘Verum
4151 3770 4211 3835 si

2255 3862 2594 3937 nequeunt
2637 3855 2827 3921 aliter
2866 3855 3112 3938 placari
3154 3856 3367 3940 impii,
3429 3857 3689 3921 mallem
3731 3856 4012 3920 fratrum
4056 3876 4209 3922 con-

2253 3961 2454 4005 sensu
2500 3940 2790 4020 admitti,
2850 3961 3048 4024 quam
3105 3941 3350 4025 aliquid
3410 3940 3744 4026 designari
3801 3961 3919 4023 per
3962 3940 4209 4006 tumul-

2252 4033 2415 4092 tum.
2506 4026 2908 4093 Marourtius
2926 4029 2981 4106 7)
3035 4027 3260 4094 nuncii
3314 4026 3508 4093 odore
3566 4025 3805 4093 dicitur
3862 4027 4209 4105 excitatus,

2248 4133 2405 4177 nam
2450 4112 2532 4177 ad
2578 4113 2932 4178 fenestram
2968 4134 3172 4196 usque
3207 4113 3339 4178 iam
3374 4112 3637 4197 prodire
3670 4113 3920 4196 incipit.
3994 4111 4213 4180 Chris-

2247 4198 2571 4278 tophomm
2614 4219 2733 4264 cur
2772 4198 3216 4282 improbemus
3259 4221 3389 4265 non
3434 4199 3655 4276 viden,
3715 4197 4034 4281 siquidem
4079 4200 4212 4265 im-

2246 4283 2606 4366 petrabunt
2646 4285 2883 4350 fratres
2926 4291 3002 4350 ut
3045 4286 3417 4368 recipiatur.
3433 4286 3493 4371 8)
3584 4284 3933 4350 Ferronius
3949 4288 4006 4368 ⁹)
4050 4307 4208 4350 nos-

2245 4504 2348 4560 712
2450 4436 2729 4560 {pffiPlura
2764 4437 2831 4492 de
2863 4438 2962 4493 hoc
2993 4440 3208 4506 montio
3242 4439 3303 4492 in
3339 4438 3566 4492 eundem
3602 4452 3817 4493 sensnm
3850 4437 4095 4492 habuisti
4127 4436 4213 4494 N.

2452 4573 2512 4640 4)
2550 4577 2614 4629 in
2646 4575 2820 4630 locum
2855 4574 3099 4642 defuncti
3136 4573 3457 4642 Capaneuli.

2453 4643 2514 4708 5)
2556 4645 2719 4698 Anno
2756 4641 2892 4697 1534
2923 4644 3137 4698 Vir-etus
3167 4660 3266 4711 per
3299 4643 3527 4714 aliquod
3559 4647 3767 4711 tempus
3793 4640 4057 4696 Neocomi
4090 4657 4205 4696 ver-

2245 4712 2372 4768 bum
2405 4713 2841 4780 praedicaverat.

2455 4780 2514 4849 6)
2550 4780 2641 4834 De
2674 4781 2772 4837 hoc
2806 4781 2945 4835 nihil
2979 4781 3116 4835 certi
3155 4780 3425 4835 habemns.
3496 4779 3851 4836 Barbarinus
3970 4777 4112 4833 idem
4145 4794 4207 4833 eo

2248 4849 2372 4918 ipso
2407 4854 2642 4916 tempore
2676 4865 2872 4904 novam
2907 4850 3017 4905 eibi
3050 4850 3407 4905 conditionem
3540 4849 3721 4903 erebat
3742 4845 3843 4914 (N.
3869 4845 3899 4898 7
3972 4847 4011 4915 ).
4072 4847 4208 4902 Fuit

2249 4923 2433 5041 Ἐωεη
2477 4919 2641 5000 etiarn
2693 4920 2839 4973 alius
2897 4917 3133 4974 Romae
3178 4918 3243 4973 de
3287 4919 3344 4973 la
3539 4918 3633 4976 che
3677 4918 3927 4971 minister
3971 4918 4035 4969 in
4071 4932 4208 4985 αρν-ο

2317 5003 2629 5042 eocomensi.

2461 5055 2514 5119 7)
2555 5055 2677 5109 Iam
2712 5055 2839 5110 olim
2875 5054 3439 5124 apameno-umes
3470 5054 3733 5122 enini-ster,
3766 5054 3836 5108 ab
3871 5052 4210 5108 &versariis

2256 5124 2476 5178 Far-elli
2505 5130 2559 5180 et
2591 5126 2885 5179 severioris
2917 5124 3243 5192 disciplinae
3276 5123 3452 5177 denuo
3486 5123 3832 5190 expetebatur
3846 5140 3862 5171 ε
3905 5123 4005 5192 qui
4046 5120 4211 5177 simul

2247 5192 2396 5263 plebi
2429 5195 2520 5248 ius
2556 5193 2922 5261 eliyendornm
2950 5199 3241 5261 pastorum
3276 5192 3560 5247 vindicare
3594 5191 3898 5246 studebant.

2460 5261 2522 5385 ξ)
2557 5263 2639 5385 113²
2703 5262 2885 5384 gelent
2921 5263 3284 5331 impetrarunt
3315 5275 3497 5315 mense
3532 5259 3761 5315 Martio.
