4825 6175
723 448 846 511 123

1027 631 1145 697 (Ex
1179 631 1519 703 autographo
1553 631 1686 686 Ood.
1723 632 1927 687 Gener.
1965 630 2086 701 110,
2123 633 2215 689 fol.
2249 632 2367 700 48.)

888 823 953 888 A
995 821 1340 888 Monsieur
1381 821 1722 887 Monsieur
1764 821 2146 904 Despeville
2367 907 2431 973 L

2282 929 2324 972 a
2434 930 2588 994 yon.

890 1044 963 1111 S.
1024 1044 1099 1111 P.
1207 1043 1533 1127 Equidem
1600 1041 1909 1120 verebar,
1992 1043 2364 1111 doctissime
2437 1043 2673 1125 carole,

714 1131 1016 1217 pluribus
1051 1130 1345 1215 epistolis
1376 1137 1444 1194 te
1478 1127 1840 1193 obtundere
1874 1137 1990 1194 aut
2024 1131 2359 1208 remorari,
2405 1152 2491 1195 ne
2524 1152 2675 1213 pec-

715 1238 938 1286 carem
981 1218 1049 1282 in
1093 1215 1356 1301 publica
1396 1213 1766 1281 commoda:
1827 1213 1943 1280 sed
1985 1215 2235 1282 amicus
2279 1216 2387 1282 his
2430 1225 2673 1294 noster,

715 1305 829 1389 qui
906 1322 1130 1368 morae
1206 1309 1471 1366 nostrae
1534 1300 1889 1384 impatiens
1952 1321 2376 1383 praecurrere
2442 1301 2671 1380 voluit,

716 1389 988 1456 omnino
1066 1387 1459 1471 efflagitavit
1532 1386 1950 1452 circumferre
2035 1407 2309 1453 manum
2375 1397 2671 1452 nostram

714 1477 1040 1544 comitem.
1116 1472 1300 1539 Civis
1335 1481 1440 1538 est
1480 1481 1549 1537 et
1583 1473 1831 1537 amicus
1866 1471 2212 1539 familiaris
2236 1474 2319 1538 D.
2344 1472 2673 1538 Eusthatii

720 1582 919 1647 quem
973 1560 1165 1625 nosti.
1196 1561 1246 1629 ¹)
1334 1558 1443 1623 Ex
1498 1578 1627 1640 quo
1672 1558 1839 1622 scire
1882 1559 2127 1640 poteris
2163 1558 2320 1641 quid
2364 1558 2475 1625 hic
2517 1579 2670 1642 aga—

713 1656 846 1713 tur.
934 1645 1176 1711 Noster
1216 1644 1328 1709 ille
1372 1642 1748 1708 F'laminius
1760 1644 1818 1719 ²)
1863 1645 2000 1709 sive
2036 1644 2408 1710 Antiochus
2453 1644 2671 1709 nescio

713 1732 873 1818 quid
916 1737 1170 1797 mussat
1209 1730 1633 1795 Wormatiae.
1721 1728 2052 1794 Veremur
2105 1752 2189 1795 ne
2244 1751 2407 1812 quos
2459 1731 2672 1813 primo

713 1820 965 1902 inipetu
1008 1816 1316 1900 frangere
1361 1836 1494 1879 non
1535 1815 1755 1897 potuit
1795 1816 2213 1880 cunctatione
2250 1816 2453 1880 fallat.
2549 1817 2672 1881 Est

714 1906 894 1971 enim
957 1911 1216 1968 astutus
1269 1907 1612 1968 cunctator
1676 1909 1743 1964 et
1798 1898 2248 1966 dissimulator
2312 1901 2670 1985 improbus,

713 1999 783 2057 et
824 1988 1024 2054 habet
1060 1984 1446 2072 praestigias
1485 1985 1722 2070 quibus
1766 1985 2044 2052 fascinet
2076 2008 2154 2052 ac
2197 1988 2674 2053 circumveniat

714 2074 997 2143 candida
1048 2089 1116 2139 et
1169 2072 1432 2138 heroica
1492 2080 1776 2154 pectora.
1891 2071 2027 2138 Sed
2086 2073 2254 2137 vivit
2310 2082 2379 2138 et
2434 2073 2674 2157 vigilat

712 2161 1046 2226 Dominus
1100 2160 1212 2242 qui
1268 2157 1611 2241 dissipabit
1661 2157 1933 2223 consilia
1984 2159 2354 2241 impiorum,
2411 2166 2478 2223 et
2539 2159 2671 2223 dis-

716 2247 1060 2332 persiones
1080 2239 1347 2310 Israelis
1389 2242 1742 2325 aliquando
1783 2242 2210 2328 congregabit
2252 2263 2320 2308 et
2364 2243 2669 2322 tuebitur,

713 2335 955 2399 fremat
997 2331 1153 2397 licet
1183 2351 1261 2395 ac
1294 2328 1745 2394 tumultuetur
1784 2329 2061 2394 insanus
2103 2331 2296 2396 orbis.
2378 2331 2673 2413 Exspec-

712 2426 816 2484 tat
836 2426 1061 2483 noster
1082 2415 1478 2500 Bur-quadus
1493 2414 1550 2497 ⁸)
1574 2435 1765 2480 suam
1786 2415 2188 2480 uxorculam.
2255 2416 2321 2480 N
2321 2438 2394 2480 os
2419 2429 2671 2480 utrum·

715 2526 860 2589 que.
947 2503 1215 2568 Interea
1255 2500 1423 2566 mihi
1455 2499 1648 2565 tarda
1678 2502 1897 2565 fluunt
1932 2500 2322 2585 ing-rataque
2357 2513 2673 2585 tempora,

714 2609 884 2674 quae
927 2610 1110 2672 spem
1169 2586 1646 2669 consiliumque
1700 2595 2045 2651 morantur
2084 2587 2323 2671 agendi
2365 2589 2673 2670 gnaviter

712 2675 781 2742 id
837 2674 1012 2759 quod
1076 2681 1197 2740 etc.
1217 2674 1277 2754 ⁴)
1390 2671 1589 2737 Certe
1643 2672 1892 2736 amanti
1957 2671 2063 2740 vel
2131 2676 2277 2757 ipsa
2336 2672 2670 2739 festinatio

712 2783 903 2827 mora
954 2768 1070 2826 est.
1171 2756 1464 2825 Omnino
1518 2758 1698 2822 enim
1754 2758 1906 2823 istic
1920 2808 1938 2837 ,
1992 2779 2125 2822 non
2182 2758 2308 2836 hic,
2364 2767 2673 2824 versatur

712 2850 978 2914 animus
1034 2845 1181 2911 sine
1237 2863 1509 2926 corpore
1562 2842 1778 2921 velox,
1833 2854 1904 2908 et
1946 2853 2137 2909 nocte
2180 2843 2413 2927 dieque
2457 2845 2671 2928 suspi-

712 2941 820 2999 rat
862 2939 1116 2997 vestros
1158 2939 1381 2995 coetus
1423 2949 1700 3012 quorum
1964 2949 2004 2994 o
2068 2930 2408 3012 perculsus
2451 2952 2672 2996 amore

712 3028 973 3084 tantum
1018 3039 1153 3082 non
1197 3013 1612 3081 contabescit.
1701 2949 1896 3096 Qu}
1930 3016 1987 3078 si
2021 3036 2128 3080 me
2169 3014 2507 3081 Dominus
2550 3016 2670 3081 ali-

713 3104 973 3190 quando
1016 3103 1121 3168 his
1165 3102 1432 3167 tandem
1475 3102 1766 3167 coetibus
1810 3103 2076 3179 inserat,
2139 3102 2395 3167 sublimi
2435 3104 2672 3184 feriam

710 3192 927 3258 sidera
980 3191 1221 3255 vertice.
1322 3188 1594 3252 Vicinos
1639 3208 1865 3252 omnes
1929 3197 2095 3264 tuos,
2141 3189 2339 3252 etiam
2384 3187 2465 3253 de
2509 3190 2671 3253 facie

710 3280 934 3342 minus
976 3288 1185 3349 notos,
1244 3275 1589 3356 ipsumque
1646 3273 1809 3338 adeo
1866 3273 2168 3355 inprimis
2212 3286 2401 3339 tuum
2446 3274 2669 3338 'Pimo-

2264 445 2796 516 EPISJPOLAE
2841 452 3184 518 671—673

711 3364 946 3428 theum
1008 3360 1340 3442 Salyoeum
1360 3360 1418 3433 ⁵)
1478 3380 1597 3423 nec
1650 3379 1782 3423 non
1850 3368 2055 3423 totam
2120 3359 2461 3425 ecclesiam
2522 3360 2669 3442 plu-

710 3450 956 3517 rimum
992 3446 1247 3512 salvere
1280 3445 1491 3513 iubeo,
1574 3445 1892 3509 Vestrum
1929 3456 2153 3508 autem
2197 3457 2503 3509 sanctum
2545 3446 2669 3508 mi-

710 3535 1059 3599 nisterium
1094 3529 1372 3597 assiduis
1406 3530 1711 3613 precibus
1733 3529 2022 3594 Domino
2048 3528 2668 3607 commendabimus,

710 3630 790 3684 ut
831 3618 1044 3701 magis
1098 3617 1438 3700 magisque
1492 3628 1729 3699 pergat
1782 3617 2019 3680 vestris
2062 3616 2370 3681 manibus
2415 3617 2669 3698 erigere
2717 3630 2723 3711 j

712 3725 911 3770 suum
965 3723 1243 3787 regnum
1310 3711 1378 3765 ot
1441 3700 1730 3766 Satanae
1794 3722 2183 3767 concussam
2250 3702 2668 3785 tyrannidem
2717 3714 2723 3765 Ι

704 3804 1019 3856 evertere.
1106 3788 1312 3853 Furit
1352 3807 1531 3852 nunc
1574 3785 1779 3852 hostis
1795 3790 1854 3866 ⁶)
1887 3789 2079 3870 quasi
2124 3788 2192 3851 in
2228 3809 2490 3853 summa
2524 3808 2664 3854 oer-
2715 3768 2722 3935 Ι

705 3875 974 3940 taminis
1029 3874 1281 3956 epitasi,
1339 3884 1406 3936 et
1461 3871 1789 3937 contrahit
1850 3872 2167 3955 quidquid
2228 3874 2370 3938 sive
2427 3874 2666 3940 animis

706 3962 848 4027 sive
902 3970 1042 4024 arte
1101 3959 1305 4023 valet:
1360 3958 1477 4023 sed
1532 3979 1652 4040 par
1708 3967 1811 4023 est
1864 3979 2006 4040 pios
2060 3966 2289 4023 contra
2346 3959 2556 4025 obniti
2599 3970 2666 4023 et
2715 3960 2720 3977 ¹

707 4045 965 4112 devotis
1008 4046 1244 4110 animis
1289 4043 1473 4110 velut
1508 4046 1770 4127 agmine
1804 4044 1975 4109 facto
2008 4058 2428 4125 prosternere
2461 4045 2666 4109 funda
2713 3990 2722 4093 ι

706 4132 970 4198 coelesti
1028 4131 1384 4212 superbum
1457 4131 1632 4196 hunc
1689 4128 1979 4195 Goliath.
2094 4129 2298 4194 Aliud
2361 4132 2663 4195 fortassis
2713 4124 2719 4199 ἷ

928 4306 1119 4313 ..-——.—

735 4403 870 4458 6¹71.
909 4404 965 4467 l)
1004 4401 1280 4456 Eustache
1314 4403 1391 4455 du
1720 4402 2146 4471 (Quen-celantes)
2190 4404 2276 4455 Sr.
2325 4404 2393 4456 de
2429 4403 2660 4459 Boscbe'·

706 4473 857 4528 κανᾶ
890 4479 939 4525 et
974 4471 1040 4524 de
1074 4472 1129 4524 la
1170 4470 1443 4536 Milan-ie,
1480 4471 1790 4525 Ins-danus
1810 4472 2117 4533 Flamin-us,
2160 4473 2306 4525 Med.
2346 4471 2422 4525 D.
2458 4480 2511 4526 et
2539 4474 2658 4540 pha·-

704 4541 977 4609 looophus‚
1020 4548 1211 4607 postea
1246 4540 1425 4594 Bezae
1468 4546 1527 4593 in
1574 4542 1760 4594 schola
1805 4541 2203 4594 Lamum-si
2243 4542 2461 4608 colleya,
2509 4542 2663 4608 (inde
2709 4592 2714 4607 ,

708 4610 851 4665 aba.
872 4606 1131 4661 15483022.
1162 4608 1345 4676 Haay.
1383 4608 1491 4661 11⁷.
1514 4607 1637 4669 478,
1672 4611 1768 4663 vel.
1812 4608 1962 4670 1551,
1996 4626 2099 4663 sec.
2130 4609 2360 4663 nudant.
2400 4609 2511 4663 IV.
2534 4609 2659 4675 436)
2707 4620 2715 4641 ¹

704 4679 805 4733 ab·
844 4677 1243 4745 philosopham
1286 4678 1509 4731 docebat
1554 4693 1726 4747 mque
1771 4679 1848 4729 aa
1892 4695 1944 4729 a.
1993 4677 2144 4729 1557.
2226 4676 2312 4743 cf.
2364 4679 2432 4731 ae
2475 4679 2659 4732 eoae·-
2707 4660 2714 4753 Ι

708 4747 930 4800 Fabri&
968 4748 1029 4798 ἐκ
1062 4745 1213 4813 Bnya
1250 4761 1391 4815 resp.
1421 4764 1475 4816 p.
1516 4745 1630 4800 145.
1704 4747 1893 4800 Etiam
1930 4746 2157 4800 Pollam·
2180 4747 2489 4811 familiam
2521 4755 2656 4813 erat,
2707 4766 2712 4775 ·

706 4817 775 4879 cf.
816 4815 889 4868 N.
925 4813 1045 4871 620.
1081 4813 1199 4881 ΐ29,
1236 4813 1354 4869 736.
2705 4828 2712 4907 ι

911 4882 968 4947 2)
1010 4882 1084 4936 N.
1120 4883 1223 4937 663
1258 4890 1366 4938 not.
1399 4884 1451 4937 3.

910 4951 972 5015 3)
1014 4952 1159 5005 Iud.
1192 4958 1304 5007 not.
1338 4952 1386 5003 2.
2703 4962 2713 5061 1

2702 5122 2710 5155 Ι

910 5020 967 5085 4)
1006 5020 1095 5073 De
1128 5022 1247 5074 eins
1280 5021 1481 5074 studiis
1514 5028 1565 5073 ct
1599 5023 1829 5087 neyotiis
1862 5022 2057 5090 quibus
2092 5022 2185 5073 nuo
2219 5027 2454 5090 tempore
2489 5023 2655 5077 Lute-

707 5089 1828 5169 ummbepatv.tbid.not.5e17.

911 5156 973 5291 33
1010 5156 1157 5278 Ilv'bdg
1185 5156 1465 5279 sso‘ifiuf'in
1514 5226 1815 5280 Provincia
1868 5227 1963 5278 sed
2010 5230 2173 5280 etiam
2218 5228 2279 5278 in
2340 5226 2515 5289 Urbe,
2563 5229 2656 5282 ubi
2703 5232 2708 5245 '

2785 645 3049 722 tempus
3122 641 3536 723 permitteret
3595 644 3666 708 in
3733 642 4027 711 hibernis
4089 644 4318 712 ludere
4379 653 4449 712 ot
4511 650 4667 718 ofiari

2783 745 2963 790 nuno
3003 732 3108 791 est
3145 746 3414 794 necesse
3448 749 3677 794 omnes
3696 729 4052 797 instructos
4071 731 4194 798 sub
4213 731 4496 815 pellibus
4515 756 4685 819 agere,

2781 818 2851 874 et
2887 810 2957 874 in
2991 812 3332 893 procinctu
3375 823 3552 880 stare
3592 816 3977 882 coniunctos
4032 817 4402 885 arctissimo
4441 819 4553 886 illo
4585 821 4688 889 foo-

2782 893 2938 960 dere
3014 904 3085 960 et
3150 907 3561 966 sacramento
3621 902 3743 965 ταῖν
3805 902 4437 982 συναποθνῃσκόντων.

2782 979 2950 1060 vale,
3015 979 3237 1050 Garole
3287 984 3789 1064 humanissime,
3851 999 3920 1052 et
3961 987 4433 1072 dispersionem
4477 993 4692 1076 piorum

2779 1066 2914 1132 tuis
2969 1069 3217 1135 sanctis
3268 1073 3569 1153 precibus
3611 1073 3897 1138 Domino
3949 1073 4353 1142 commenda.
4439 1077 4545 1142 Ex
4582 1079 4694 1145 Me-

2780 1152 3066 1235 galopoli
3107 1155 3321 1237 pridie
3365 1157 3637 1223 Galend.
3685 1160 3973 1243 Au'gusti
4023 1164 4205 1226 1545.

3629 1278 3812 1343 Tuus
3851 1279 4094 1346 Petrus
4137 1281 4436 1348 Rochius
4481 1283 4556 1349 B.

3683 1789 3830 1860 672.

3271 1924 3745 1995 OALVINUS
3795 1929 4258 1996 FARELLO.

2948 2096 3111 2180 Aqit
3162 2097 3238 2161 de
3295 2098 3435 2163 eius
3489 2100 3806 2165 vocatione
3861 2105 4700 2183 quampaeneiamratam

2771 2179 3008 2261 factam
3047 2183 3217 2262 dicit,
3263 2184 3455 2265 deque
3494 2204 3843 2251 successore
3876 2186 4282 2253 Neocomensi
4313 2190 4604 2256 ecelesiae
4625 2190 4702 2256 do-

2770 2266 3476 2434 mabsolz'zcgterea
3553 2271 3630 2335 de
3703 2270 3909 2337 libello
3966 2293 4083 2338 suo
4159 2277 4371 2340 contra
4437 2275 4701 2343 carolum

2776 2522 2888 2589 (Ex
2922 2524 3260 2593 autographo
3307 2526 3427 2579 cod.
3476 2525 3682 2581 Gener.
3729 2526 3850 2594 106,
3897 2528 3989 2584 fol.
4039 2528 4154 2594 135,
4202 2536 4427 2599 praeter
4463 2532 4607 2602 quod
4635 2548 4703 2586 ex-

2776 2597 2927 2645 stant
2972 2594 3305 2663 exemplaria
3340 2595 3618 2649 anretini
3653 2597 3785 2651 Cod.
3824 2596 3941 2665 111,
3977 2598 4068 2652 fol.
4109 2597 4226 2666 114,
4273 2601 4558 2657 Beruense
4589 2601 4704 2670 Epp-

3290 2663 3407 2717 VII.
3445 2662 3561 2731 709,
3599 2670 3658 2718 et
3691 2666 3912 2720 Simleri
3949 2666 4076 2721 Vol.
4112 2665 4223 2736 57.)

2775 2848 3195 2915 Fidelissimo
3239 2850 3492 2916 Christi
3535 2851 3811 2918 Domini
3854 2856 4066 2920 nostri
4101 2877 4292 2923 servo
4342 2857 4430 2923 G.
4471 2855 4705 2924 Fal-ello

2993 2935 3188 3001 fratri
3227 2935 3395 3000 mihi
3435 2938 3771 3005 carissimo
3813 2949 3881 3005 et
3921 2940 4130 3008 amieo
4173 2943 4523 3027 singulari.

2947 3072 3041 3138 Te
3075 3071 3358 3157 singulis
3393 3074 3575 3141 horis
3612 3077 3740 3142 iam
3778 3087 4099 3161 exspecto.
4166 3076 4520 3160 Quantum
4555 3081 4700 3146 enim

2774 3181 2859 3224 ex
2900 3158 3101 3225 Vireti
3142 3159 3350 3225 literis
3394 3162 3695 3227 intellexi
3733 3185 3838 3230 res
3873 3166 4168 3230 confecta
4201 3180 4361 3233 erat.
4397 3174 4446 3247 ¹)
4515 3174 4701 3249 Atque

2773 3245 2896 3310 hoc
2939 3245 3072 3309 iam
3117 3245 3431 3312 fratribus
3474 3259 3577 3313 est
3619 3270 4024 3331 persuasum.
4083 3251 4164 3315 In
4203 3264 4444 3319 senatu
4481 3253 4704 3337 publioe

2774 3328 3072 3395 nondum
3115 3331 3318 3396 verba
3359 3333 3501 3410 feci,
3546 3334 3718 3416 quod
3758 3333 4029 3401 verebar
4071 3357 4158 3400 ne
4197 3341 4597 3405 temeritatis
4633 3358 4705 3401 ar·

2772 3436 3012 3498 guerer
3054 3416 3112 3480 si
3155 3415 3311 3498 quid
3355 3431 3510 3481 ante
3552 3429 3811 3501 tempus
3845 3441 4224 3489 assererem.
4315 3423 4706 3506 Quibusdam

2774 3500 3097 3565 duntaxat
3147 3523 3329 3584 spem
3373 3503 3583 3569 inieci.
3672 3506 3777 3570 De
3829 3507 4105 3572 Tossano
4157 3509 4420 3576 haereo.
4515 3508 4706 3576 Eccle-

2717 3566 2726 3621 ἕ
2774 3588 2940 3651 siam
2983 3598 3212 3670 sponte
3255 3587 3629 3671 relinquere
3675 3590 3966 3655 alienum
4024 3606 4125 3658 est
4170 3617 4211 3658 a
4254 3597 4395 3661 veri
4445 3593 4705 3662 ministri

2773 3673 3158 3737 constantia.
3181 3674 3241 3756 ²)
3328 3673 3582 3739 Verum
3626 3678 3682 3741 si
3728 3679 4058 3759 proposita
4092 3680 4476 3748 conditione
4521 3679 4704 3765 repul·

2771 3778 2914 3823 sam
2968 3758 3153 3834 ferat,
3212 3780 3342 3823 non
3397 3770 3559 3841 puto
3611 3761 3968 3827 absurdum
4021 3765 4195 3842 fore,
4261 3768 4322 3832 si
4389 3762 4702 3852 tyrannidi

2771 3852 2929 3908 tunc
2973 3845 3260 3909 cesserit.
3352 3845 3606 3910 Verum
3661 3850 4058 3914 sententiam
4116 3872 4332 3917 meam
4395 3876 4487 3918 ex
4535 3852 4701 3918 literis

2770 3928 2854 3993 ad
2889 3950 3040 3993 eum
3076 3929 3340 4011 scriptis
3378 3931 3616 3997 melius
3651 3934 4019 4017 perspicies.
4105 3936 4406 4003 Can-olum
4442 3941 4505 4005 si
4541 3938 4699 4023 probe

2770 4026 3124 4079 tractatum
3171 4015 3370 4080 fuisse
3415 4038 3452 4080 a
3498 4018 3683 4083 nobis
3726 4019 4067 4098 indicabis,
4115 4043 4272 4105 ages
4318 4024 4623 4092 Gallasio
4655 4034 4700 4084 et

2767 4100 2930 4163 mihi
2970 4100 3218 4183 gratias
3261 4101 3402 4167 eius
3446 4106 3729 4168 nomine.
3817 4107 4072 4171 Parum
4114 4109 4326 4173 abfuit
4371 4112 4540 4191 quin
4583 4126 4698 4173 eum

2710 4204 2719 4283 Ι
2766 4187 3038 4266 impune
3083 4185 3322 4250 latrare
3365 4187 3670 4265 sinerem,
3717 4190 3890 4273 quod
3926 4193 4203 4258 verebar
4242 4218 4327 4259 ne
4363 4218 4588 4280 genus
4625 4213 4699 4255 ar·

2711 4302 2718 4355 3
2766 4271 3066 4349 gumenti
3102 4272 3438 4338 nonnullis
3481 4277 3856 4358 suspicandi
3908 4281 4314 4344 occasionem
4359 4283 4697 4365 praeberet.

2765 4357 2961 4421 Nunc
3015 4357 3191 4422 iacta
3242 4366 3345 4422 est
3400 4359 3559 4437 alea,
3619 4361 3794 4444 quod
3848 4363 4032 4430 nobis
4086 4367 4249 4430 bcne
4295 4378 4540 4432 vertat.
4623 4364 4700 4428 Ita

2764 4443 2928 4506 beno
2973 4441 3374 4507 incalueram
3417 4465 3620 4526 quum
3665 4450 3884 4513 exorsi
3930 4471 4180 4527 sumus,
4236 4462 4314 4517 ut
4371 4454 4567 4518 nullo
4611 4469 4699 4513 ne·

2764 4529 2941 4612 gotio
2985 4528 3529 4594 transvolaverim
3577 4554 3780 4615 usque
3816 4535 3898 4598 ad
3937 4550 4196 4601 metam.
4257 4537 4524 4604 Vei-mn
4571 4538 4699 4602 haee

2763 4635 2899 4678 una
2961 4615 3160 4680 etiam
3228 4615 3565 4681 facilitatis
3633 4640 3828 4683 causa
3890 4621 4033 4698 fuit,
4099 4623 4273 4705 quod
4329 4623 4609 4690 liberius
4649 4630 4700 4682 et

2763 4700 2950 4781 quasi
2993 4699 3333 4765 exsultans
3378 4702 3500 4766 sub
3545 4703 3757 4768 alieno
3816 4705 4083 4771 nomine
4128 4707 4462 4775 ludebam.
4556 4704 4698 4771 Vide

2763 4796 2982 4849 tamen
3060 4798 3376 4868 quantum
3455 4788 3621 4852 mihi
3683 4789 3993 4873 placeam.
4104 4792 4364 4875 Operae
4436 4795 4697 4879 pretium

2705 4926 2710 4951 ,
2759 4870 2922 4934 mihi
2970 4871 3198 4935 fecisse
3237 4869 3481 4937 videor.

2932 4956 3162 5021 Unum
3207 4957 3372 5021 mihi
3415 4958 3762 5026 exciderat.
3871 4962 4119 5029 Viretus
4172 4985 4280 5030 me
4340 4969 4607 5052 rogavit
4643 4976 4696 5027 ut

2786 5227 2929 5282 672.
2968 5227 3026 5285 1)
3070 5229 3316 5297 Minime,
3351 5247 3521 5301 neque
3549 5240 3740 5300 postea
3772 5235 3899 5296 fuit.
3975 5238 4254 5292 Caetera·-
4291 5240 4358 5294 de
4379 5238 4602 5296 Far-eun·
4621 5250 4693 5293 σο·

703 5308 882 5348 nense
919 5293 1133 5348 Mart-‘o
1170 5298 1358 5363 plures
1406 5298 1677 5375 supplicio
1724 5299 1905 5360 affecti
1946 5295 2175 5360 fuerant
2222 5304 2271 5347 et
2313 5298 2499 5362 pridie
2537 5296 2653 5351 Gal.
2701 5302 2708 5349 ¹
2755 5300 2968 5352 catione
3002 5299 3126 5350 vide
3160 5302 3318 5352 etiam
3359 5301 3432 5353 N.
3469 5301 3573 5355 668
3607 5309 3658 5357 et
3692 5305 3846 5368 infra
3873 5304 4081 5373 plures

704 5363 845 5431 Apr.
880 5362 1106 5416 edictu·
1138 5365 1463 5433 parlamenti
1498 5371 1689 5420 contra
1724 5365 2174 5433 blasphematores
2203 5365 2506 5432 prodierat.
2699 5370 2708 5421 Ι

2961 5365 3019 5429 2)
3059 5367 3132 5419 Ν.
3169 5367 3274 5420 670
3306 5377 3416 5423 not.
3455 5369 3503 5422 1.

4595 459 4794 530 124‘

4544 906 4690 975 Bm
4793 919 4794 924 .
