<?xml version="1.0" encoding="UTF-8"?>
<!DOCTYPE html PUBLIC "-//W3C//DTD XHTML 1.0 Transitional//EN"
    "http://www.w3.org/TR/xhtml1/DTD/xhtml1-transitional.dtd">
<html xmlns="http://www.w3.org/1999/xhtml" xml:lang="en" lang="en">
 <head>
  <title>
</title>
<meta http-equiv="Content-Type" content="text/html;charset=utf-8" />
  <meta name='ocr-system' content='tesseract 3.04.00' />
  <meta name='ocr-capabilities' content='ocr_page ocr_carea ocr_par ocr_line ocrx_word'/>
</head>
<body>
  <div class='ocr_page' id='page_1' title='image "./ioanniscalvinio10unkngoog_0209.png"; bbox 0 0 4825 6175; ppageno 0'>
   <div class='ocr_carea' id='block_1_1' title="bbox 189 485 288 547">
    <p class='ocr_par' dir='ltr' id='par_1_1' title="bbox 189 485 288 547">
     <span class='ocr_line' id='line_1_1' title="bbox 189 485 288 547; baseline -0.04 0"><span class='ocrx_word' id='word_1_1' title='bbox 189 485 288 547; x_wconf 83' lang='lat'>341</span> 
     </span>
    </p>
   </div>
   <div class='ocr_carea' id='block_1_2' title="bbox 182 664 2110 923">
    <p class='ocr_par' dir='ltr' id='par_1_2' title="bbox 182 664 2110 923">
     <span class='ocr_line' id='line_1_2' title="bbox 182 664 2106 736; baseline -0.004 0"><span class='ocrx_word' id='word_1_2' title='bbox 182 666 374 736; x_wconf 80' lang='lat' dir='ltr'>Fideli</span> <span class='ocrx_word' id='word_1_3' title='bbox 415 666 687 730; x_wconf 81' lang='lat' dir='ltr'><strong>Domini</strong></span> <span class='ocrx_word' id='word_1_4' title='bbox 739 667 955 731; x_wconf 79' lang='lat' dir='ltr'>nostri</span> <span class='ocrx_word' id='word_1_5' title='bbox 996 665 1149 732; x_wconf 90' lang='lat' dir='ltr'>Iesu</span> <span class='ocrx_word' id='word_1_6' title='bbox 1191 665 1447 732; x_wconf 79' lang='lat' dir='ltr'>Christi</span> <span class='ocrx_word' id='word_1_7' title='bbox 1501 684 1694 731; x_wconf 86' lang='lat' dir='ltr'>servo</span> <span class='ocrx_word' id='word_1_8' title='bbox 1736 664 1942 731; x_wconf 87' lang='lat' dir='ltr'>Petro</span> <span class='ocrx_word' id='word_1_9' title='bbox 1982 664 2106 728; x_wconf 85' lang='lat' dir='ltr'>Vi-</span> 
     </span>
     <span class='ocr_line' id='line_1_3' title="bbox 331 749 2110 835; baseline -0.001 -18"><span class='ocrx_word' id='word_1_10' title='bbox 331 761 467 817; x_wconf 89' lang='lat' dir='ltr'>reto</span> <span class='ocrx_word' id='word_1_11' title='bbox 491 752 985 817; x_wconf 81' lang='lat' dir='ltr'>Lausannensis</span> <span class='ocrx_word' id='word_1_12' title='bbox 1018 752 1327 818; x_wconf 87' lang='lat' dir='ltr'>ecclesiae</span> <span class='ocrx_word' id='word_1_13' title='bbox 1360 753 1600 817; x_wconf 89' lang='lat' dir='ltr'>eximio</span> <span class='ocrx_word' id='word_1_14' title='bbox 1633 751 1882 835; x_wconf 88' lang='lat' dir='ltr'>pastori</span> <span class='ocrx_word' id='word_1_15' title='bbox 1917 749 2110 815; x_wconf 84' lang='lat' dir='ltr'>fratri</span> 
     </span>
     <span class='ocr_line' id='line_1_4' title="bbox 332 839 1243 923; baseline 0 -19"><span class='ocrx_word' id='word_1_16' title='bbox 332 848 399 904; x_wconf 89' lang='lat' dir='ltr'>et</span> <span class='ocrx_word' id='word_1_17' title='bbox 437 844 846 923; x_wconf 77' lang='lat' dir='ltr'><strong>symmystae</strong></span> <span class='ocrx_word' id='word_1_18' title='bbox 887 839 1243 904; x_wconf 90' lang='lat' dir='ltr'>carissimo.</span> 
     </span>
    </p>
   </div>
   <div class='ocr_carea' id='block_1_3' title="bbox 172 972 2112 1404">
    <p class='ocr_par' dir='ltr' id='par_1_3' title="bbox 172 972 2112 1404">
     <span class='ocr_line' id='line_1_5' title="bbox 331 972 2108 1061; baseline -0.002 -19"><span class='ocrx_word' id='word_1_19' title='bbox 331 974 400 1042; x_wconf 79' lang='lat' dir='ltr'>S.</span> <span class='ocrx_word' id='word_1_20' title='bbox 445 975 550 1041; x_wconf 91' lang='lat' dir='ltr'>De</span> <span class='ocrx_word' id='word_1_21' title='bbox 591 973 875 1042; x_wconf 70' lang='lat' dir='ltr'>Piocheto</span> <span class='ocrx_word' id='word_1_22' title='bbox 899 973 947 1061; x_wconf 93' lang='lat'>¹)</span> <span class='ocrx_word' id='word_1_23' title='bbox 991 982 1219 1040; x_wconf 87' lang='lat' dir='ltr'>nostro</span> <span class='ocrx_word' id='word_1_24' title='bbox 1256 974 1412 1059; x_wconf 88' lang='lat' dir='ltr'>quid</span> <span class='ocrx_word' id='word_1_25' title='bbox 1446 975 1680 1054; x_wconf 81' lang='lat' dir='ltr'>dicam,</span> <span class='ocrx_word' id='word_1_26' title='bbox 1722 974 1849 1041; x_wconf 90' lang='lat' dir='ltr'>nisi</span> <span class='ocrx_word' id='word_1_27' title='bbox 1894 972 2108 1038; x_wconf 89' lang='lat' dir='ltr'>homi·</span> 
     </span>
     <span class='ocr_line' id='line_1_6' title="bbox 176 1061 2109 1144; baseline -0.002 -14"><span class='ocrx_word' id='word_1_28' title='bbox 176 1085 315 1131; x_wconf 88' lang='lat' dir='ltr'>nem</span> <span class='ocrx_word' id='word_1_29' title='bbox 370 1083 512 1128; x_wconf 90' lang='lat' dir='ltr'>esse</span> <span class='ocrx_word' id='word_1_30' title='bbox 566 1061 737 1126; x_wconf 86' lang='lat' dir='ltr'>male</span> <span class='ocrx_word' id='word_1_31' title='bbox 791 1061 1135 1144; x_wconf 76' lang='lat' dir='ltr'>compositi</span> <span class='ocrx_word' id='word_1_32' title='bbox 1177 1061 1464 1127; x_wconf 81' lang='lat' dir='ltr'>cerebri?</span> <span class='ocrx_word' id='word_1_33' title='bbox 1551 1061 1718 1126; x_wconf 89' lang='lat' dir='ltr'>Plus</span> <span class='ocrx_word' id='word_1_34' title='bbox 1805 1061 2109 1143; x_wconf 89' lang='lat' dir='ltr'>uinquies</span> 
     </span>
     <span class='ocr_line' id='line_1_7' title="bbox 176 1146 2109 1230; baseline -0.004 -13"><span class='ocrx_word' id='word_1_35' title='bbox 176 1174 212 1217; x_wconf 89' lang='lat' dir='ltr'>a</span> <span class='ocrx_word' id='word_1_36' title='bbox 241 1171 340 1215; x_wconf 91' lang='lat' dir='ltr'>me</span> <span class='ocrx_word' id='word_1_37' title='bbox 373 1147 718 1214; x_wconf 90' lang='lat' dir='ltr'>consilium</span> <span class='ocrx_word' id='word_1_38' title='bbox 762 1147 952 1230; x_wconf 91' lang='lat' dir='ltr'>petiit</span> <span class='ocrx_word' id='word_1_39' title='bbox 986 1169 1026 1212; x_wconf 87' lang='lat' dir='ltr'>a</span> <span class='ocrx_word' id='word_1_40' title='bbox 1060 1156 1174 1211; x_wconf 90' lang='lat' dir='ltr'>tuo</span> <span class='ocrx_word' id='word_1_41' title='bbox 1218 1146 1522 1213; x_wconf 88' lang='lat' dir='ltr'>discessu.</span> <span class='ocrx_word' id='word_1_42' title='bbox 1582 1146 1790 1213; x_wconf 84' lang='lat' dir='ltr'>Mavu</span> <span class='ocrx_word' id='word_1_43' title='bbox 1817 1154 1848 1210; x_wconf 90' lang='lat' dir='ltr'>t</span> <span class='ocrx_word' id='word_1_44' title='bbox 1888 1157 2109 1211; x_wconf 91' lang='lat' dir='ltr'>tamen</span> 
     </span>
     <span class='ocr_line' id='line_1_8' title="bbox 172 1231 2112 1317; baseline -0.004 -15"><span class='ocrx_word' id='word_1_45' title='bbox 172 1235 327 1302; x_wconf 88' lang='lat' dir='ltr'>nibil</span> <span class='ocrx_word' id='word_1_46' title='bbox 383 1234 623 1299; x_wconf 88' lang='lat' dir='ltr'>habere</span> <span class='ocrx_word' id='word_1_47' title='bbox 678 1253 875 1317; x_wconf 90' lang='lat' dir='ltr'>quam</span> <span class='ocrx_word' id='word_1_48' title='bbox 933 1255 1163 1298; x_wconf 87' lang='lat' dir='ltr'>aureos</span> <span class='ocrx_word' id='word_1_49' title='bbox 1218 1234 1628 1316; x_wconf 86' lang='lat' dir='ltr'>quingentos.</span> <span class='ocrx_word' id='word_1_50' title='bbox 1716 1231 1848 1298; x_wconf 93' lang='lat' dir='ltr'>Ubi</span> <span class='ocrx_word' id='word_1_51' title='bbox 1892 1231 2112 1296; x_wconf 91' lang='lat' dir='ltr'>omnia</span> 
     </span>
     <span class='ocr_line' id='line_1_9' title="bbox 174 1317 2109 1404; baseline -0.004 -16"><span class='ocrx_word' id='word_1_52' title='bbox 174 1320 615 1404; x_wconf 89' lang='lat' dir='ltr'>disputaveris,</span> <span class='ocrx_word' id='word_1_53' title='bbox 650 1318 783 1385; x_wconf 91' lang='lat' dir='ltr'>huc</span> <span class='ocrx_word' id='word_1_54' title='bbox 805 1319 1082 1384; x_wconf 79' lang='lat' dir='ltr'>subinde</span> <span class='ocrx_word' id='word_1_55' title='bbox 1115 1317 1303 1384; x_wconf 86' lang='lat' dir='ltr'>redit.</span> <span class='ocrx_word' id='word_1_56' title='bbox 1351 1319 1572 1383; x_wconf 81' lang='lat' dir='ltr'><strong>Habet</strong></span> <span class='ocrx_word' id='word_1_57' title='bbox 1606 1319 1780 1382; x_wconf 91' lang='lat' dir='ltr'>enim</span> <span class='ocrx_word' id='word_1_58' title='bbox 1815 1337 2109 1382; x_wconf 91' lang='lat' dir='ltr'>sororem</span> 
     </span>
    </p>
   </div>
   <div class='ocr_carea' id='block_1_4' title="bbox 169 1402 2186 1492">
    <p class='ocr_par' dir='ltr' id='par_1_4' title="bbox 169 1402 2186 1492">
     <span class='ocr_line' id='line_1_10' title="bbox 169 1402 2186 1492; baseline -0.004 -19"><span class='ocrx_word' id='word_1_59' title='bbox 169 1428 324 1492; x_wconf 86' lang='lat' dir='ltr'>quae</span> <span class='ocrx_word' id='word_1_60' title='bbox 363 1426 688 1471; x_wconf 86' lang='lat' dir='ltr'>summam</span> <span class='ocrx_word' id='word_1_61' title='bbox 731 1404 915 1471; x_wconf 91' lang='lat' dir='ltr'>illam</span> <span class='ocrx_word' id='word_1_62' title='bbox 949 1405 1162 1483; x_wconf 86' lang='lat' dir='ltr'>offert,</span> <span class='ocrx_word' id='word_1_63' title='bbox 1208 1405 1265 1468; x_wconf 91' lang='lat' dir='ltr'>si</span> <span class='ocrx_word' id='word_1_64' title='bbox 1308 1404 1775 1486; x_wconf 82' lang='lat' dir='ltr'>patrimonium</span> <span class='ocrx_word' id='word_1_65' title='bbox 1816 1402 1917 1468; x_wconf 90' lang='lat' dir='ltr'>illi</span> <span class='ocrx_word' id='word_1_66' title='bbox 1952 1403 2114 1469; x_wconf 89' lang='lat' dir='ltr'>velit</span> <span class='ocrx_word' id='word_1_67' title='bbox 2171 1436 2186 1455; x_wconf 87' lang='lat'><strong>·</strong></span> 
     </span>
    </p>
   </div>
   <div class='ocr_carea' id='block_1_5' title="bbox 29 1488 2119 2342">
    <p class='ocr_par' dir='ltr' id='par_1_5' title="bbox 29 1488 2119 2342">
     <span class='ocr_line' id='line_1_11' title="bbox 170 1488 2110 1575; baseline -0.004 -16"><span class='ocrx_word' id='word_1_68' title='bbox 170 1493 386 1560; x_wconf 89' lang='lat' dir='ltr'>cedere</span> <span class='ocrx_word' id='word_1_69' title='bbox 453 1513 659 1575; x_wconf 89' lang='lat' dir='ltr'>usque</span> <span class='ocrx_word' id='word_1_70' title='bbox 724 1490 807 1556; x_wconf 91' lang='lat' dir='ltr'>ad</span> <span class='ocrx_word' id='word_1_71' title='bbox 871 1500 1134 1574; x_wconf 91' lang='lat' dir='ltr'>tempus</span> <span class='ocrx_word' id='word_1_72' title='bbox 1198 1489 1555 1556; x_wconf 78' lang='lat' dir='ltr'>solutionis.</span> <span class='ocrx_word' id='word_1_73' title='bbox 1644 1488 1906 1554; x_wconf 82' lang='lat' dir='ltr'>Clamat</span> <span class='ocrx_word' id='word_1_74' title='bbox 1970 1509 2110 1554; x_wconf 87' lang='lat' dir='ltr'>rem</span> 
     </span>
     <span class='ocr_line' id='line_1_12' title="bbox 166 1575 2113 1663; baseline -0.004 -18"><span class='ocrx_word' id='word_1_75' title='bbox 166 1579 503 1663; x_wconf 88' lang='lat' dir='ltr'>indignam</span> <span class='ocrx_word' id='word_1_76' title='bbox 547 1598 707 1654; x_wconf 90' lang='lat' dir='ltr'>csse,</span> <span class='ocrx_word' id='word_1_77' title='bbox 753 1576 925 1660; x_wconf 91' lang='lat' dir='ltr'>quod</span> <span class='ocrx_word' id='word_1_78' title='bbox 968 1576 1232 1640; x_wconf 90' lang='lat' dir='ltr'>nonnisi</span> <span class='ocrx_word' id='word_1_79' title='bbox 1289 1575 1484 1639; x_wconf 90' lang='lat' dir='ltr'>tertia</span> <span class='ocrx_word' id='word_1_80' title='bbox 1526 1596 1681 1659; x_wconf 89' lang='lat' dir='ltr'>pars</span> <span class='ocrx_word' id='word_1_81' title='bbox 1725 1582 1840 1639; x_wconf 89' lang='lat' dir='ltr'>aut</span> <span class='ocrx_word' id='word_1_82' title='bbox 1880 1583 2113 1656; x_wconf 87' lang='lat' dir='ltr'>quarta</span> 
     </span>
     <span class='ocr_line' id='line_1_13' title="bbox 168 1660 2109 1747; baseline -0.004 -16"><span class='ocrx_word' id='word_1_83' title='bbox 168 1666 248 1732; x_wconf 91' lang='lat' dir='ltr'>sit</span> <span class='ocrx_word' id='word_1_84' title='bbox 266 1665 422 1729; x_wconf 86' lang='lat' dir='ltr'>iusti</span> <span class='ocrx_word' id='word_1_85' title='bbox 450 1663 663 1747; x_wconf 89' lang='lat' dir='ltr'>pretii,</span> <span class='ocrx_word' id='word_1_86' title='bbox 707 1663 840 1727; x_wconf 91' lang='lat' dir='ltr'>imo</span> <span class='ocrx_word' id='word_1_87' title='bbox 866 1663 978 1726; x_wconf 86' lang='lat' dir='ltr'>vix</span> <span class='ocrx_word' id='word_1_88' title='bbox 1002 1662 1248 1745; x_wconf 85' lang='lat' dir='ltr'>quinta,</span> <span class='ocrx_word' id='word_1_89' title='bbox 1283 1661 1424 1726; x_wconf 91' lang='lat' dir='ltr'>eius</span> <span class='ocrx_word' id='word_1_90' title='bbox 1448 1660 1915 1727; x_wconf 88' lang='lat' dir='ltr'>aestimatione.</span> <span class='ocrx_word' id='word_1_91' title='bbox 1974 1660 2109 1723; x_wconf 90' lang='lat' dir='ltr'>Re-</span> 
     </span>
     <span class='ocr_line' id='line_1_14' title="bbox 165 1743 2109 1834; baseline -0.006 -16"><span class='ocrx_word' id='word_1_92' title='bbox 165 1750 413 1834; x_wconf 85' lang='lat' dir='ltr'>spondi,</span> <span class='ocrx_word' id='word_1_93' title='bbox 454 1770 588 1814; x_wconf 90' lang='lat' dir='ltr'>non</span> <span class='ocrx_word' id='word_1_94' title='bbox 611 1746 773 1813; x_wconf 89' lang='lat' dir='ltr'>adeo</span> <span class='ocrx_word' id='word_1_95' title='bbox 795 1748 1090 1830; x_wconf 88' lang='lat' dir='ltr'>iniquam</span> <span class='ocrx_word' id='word_1_96' title='bbox 1113 1767 1255 1811; x_wconf 90' lang='lat' dir='ltr'>esse</span> <span class='ocrx_word' id='word_1_97' title='bbox 1290 1746 1747 1824; x_wconf 90' lang='lat' dir='ltr'>conditionem,</span> <span class='ocrx_word' id='word_1_98' title='bbox 1769 1746 1923 1828; x_wconf 90' lang='lat' dir='ltr'>quia</span> <span class='ocrx_word' id='word_1_99' title='bbox 1944 1743 2109 1808; x_wconf 86' lang='lat' dir='ltr'>nihil</span> 
     </span>
     <span class='ocr_line' id='line_1_15' title="bbox 165 1829 2113 1919; baseline -0.005 -16"><span class='ocrx_word' id='word_1_100' title='bbox 165 1837 223 1903; x_wconf 90' lang='lat' dir='ltr'>ei</span> <span class='ocrx_word' id='word_1_101' title='bbox 264 1859 348 1901; x_wconf 83' lang='lat' dir='ltr'>ex</span> <span class='ocrx_word' id='word_1_102' title='bbox 393 1835 749 1919; x_wconf 88' lang='lat' dir='ltr'>praecipuo</span> <span class='ocrx_word' id='word_1_103' title='bbox 804 1836 948 1899; x_wconf 90' lang='lat' dir='ltr'>iure</span> <span class='ocrx_word' id='word_1_104' title='bbox 1005 1832 1327 1915; x_wconf 79' lang='lat' dir='ltr'>depereat.</span> <span class='ocrx_word' id='word_1_105' title='bbox 1427 1833 1743 1898; x_wconf 84' lang='lat' dir='ltr'>Liberum</span> <span class='ocrx_word' id='word_1_106' title='bbox 1799 1831 1975 1895; x_wconf 88' lang='lat' dir='ltr'>enim</span> <span class='ocrx_word' id='word_1_107' title='bbox 2016 1829 2113 1893; x_wconf 90' lang='lat' dir='ltr'>illi</span> 
     </span>
     <span class='ocr_line' id='line_1_16' title="bbox 162 1912 2113 2003; baseline -0.005 -15"><span class='ocrx_word' id='word_1_108' title='bbox 162 1923 284 1988; x_wconf 86' lang='lat' dir='ltr'>erit</span> <span class='ocrx_word' id='word_1_109' title='bbox 327 1922 656 1987; x_wconf 80' lang='lat' dir='ltr'>redimere</span> <span class='ocrx_word' id='word_1_110' title='bbox 700 1921 954 2003; x_wconf 88' lang='lat' dir='ltr'>quoties</span> <span class='ocrx_word' id='word_1_111' title='bbox 1009 1919 1204 1983; x_wconf 86' lang='lat' dir='ltr'>volet.</span> <span class='ocrx_word' id='word_1_112' title='bbox 1295 1917 1548 1983; x_wconf 91' lang='lat' dir='ltr'>Verum</span> <span class='ocrx_word' id='word_1_113' title='bbox 1605 1917 1728 1982; x_wconf 90' lang='lat' dir='ltr'>hoc</span> <span class='ocrx_word' id='word_1_114' title='bbox 1784 1924 1885 1982; x_wconf 90' lang='lat' dir='ltr'>est</span> <span class='ocrx_word' id='word_1_115' title='bbox 1941 1912 2113 1999; x_wconf 92' lang='lat' dir='ltr'>quod</span> 
     </span>
     <span class='ocr_line' id='line_1_17' title="bbox 162 2004 2114 2088; baseline -0.004 -15"><span class='ocrx_word' id='word_1_116' title='bbox 162 2008 322 2074; x_wconf 84' lang='lat' dir='ltr'>dixi:</span> <span class='ocrx_word' id='word_1_117' title='bbox 409 2006 581 2072; x_wconf 87' lang='lat' dir='ltr'>nihil</span> <span class='ocrx_word' id='word_1_118' title='bbox 650 2005 859 2088; x_wconf 90' lang='lat' dir='ltr'>pluris</span> <span class='ocrx_word' id='word_1_119' title='bbox 920 2004 1081 2069; x_wconf 88' lang='lat' dir='ltr'>facit</span> <span class='ocrx_word' id='word_1_120' title='bbox 1143 2024 1337 2086; x_wconf 88' lang='lat' dir='ltr'>quam</span> <span class='ocrx_word' id='word_1_121' title='bbox 1402 2005 1795 2087; x_wconf 89' lang='lat' dir='ltr'>quingentos</span> <span class='ocrx_word' id='word_1_122' title='bbox 1862 2022 2114 2068; x_wconf 89' lang='lat' dir='ltr'>aureos.</span> 
     </span>
     <span class='ocr_line' id='line_1_18' title="bbox 159 2086 2117 2174; baseline -0.005 -14"><span class='ocrx_word' id='word_1_123' title='bbox 159 2095 259 2160; x_wconf 89' lang='lat' dir='ltr'>De</span> <span class='ocrx_word' id='word_1_124' title='bbox 304 2102 372 2159; x_wconf 90' lang='lat' dir='ltr'>te</span> <span class='ocrx_word' id='word_1_125' title='bbox 412 2092 828 2158; x_wconf 85' lang='lat' dir='ltr'>familiariter</span> <span class='ocrx_word' id='word_1_126' title='bbox 873 2090 1047 2174; x_wconf 88' lang='lat' dir='ltr'>apud</span> <span class='ocrx_word' id='word_1_127' title='bbox 1105 2090 1430 2172; x_wconf 81' lang='lat' dir='ltr'>hospitem</span> <span class='ocrx_word' id='word_1_128' title='bbox 1488 2088 1911 2171; x_wconf 83' lang='lat' dir='ltr'>conqueritur</span> <span class='ocrx_word' id='word_1_129' title='bbox 1945 2086 2117 2169; x_wconf 92' lang='lat' dir='ltr'>quod</span> 
     </span>
     <span class='ocr_line' id='line_1_19' title="bbox 29 2173 2115 2262; baseline -0.005 -16"><span class='ocrx_word' id='word_1_130' title='bbox 29 2222 32 2227; x_wconf 66' lang='grc'><strong><em>«</em></strong></span> <span class='ocrx_word' id='word_1_131' title='bbox 158 2180 322 2245; x_wconf 90' lang='lat' dir='ltr'>nihil</span> <span class='ocrx_word' id='word_1_132' title='bbox 369 2179 675 2262; x_wconf 88' lang='lat' dir='ltr'>responsi</span> <span class='ocrx_word' id='word_1_133' title='bbox 718 2178 1068 2259; x_wconf 86' lang='lat' dir='ltr'>acceperit,</span> <span class='ocrx_word' id='word_1_134' title='bbox 1127 2197 1331 2259; x_wconf 92' lang='lat' dir='ltr'>quum</span> <span class='ocrx_word' id='word_1_135' title='bbox 1378 2175 1721 2259; x_wconf 81' lang='lat' dir='ltr'>aliquoties</span> <span class='ocrx_word' id='word_1_136' title='bbox 1764 2173 2115 2256; x_wconf 74' lang='lat' dir='ltr'>scripserit.</span> 
     </span>
     <span class='ocr_line' id='line_1_20' title="bbox 29 2258 2119 2342; baseline -0.005 -10"><span class='ocrx_word' id='word_1_137' title='bbox 29 2266 32 2303; x_wconf 74' lang='lat'><em>³</em></span> <span class='ocrx_word' id='word_1_138' title='bbox 154 2265 510 2332; x_wconf 83' lang='lat' dir='ltr'>Adversus</span> <span class='ocrx_word' id='word_1_139' title='bbox 551 2285 670 2329; x_wconf 88' lang='lat' dir='ltr'>nos</span> <span class='ocrx_word' id='word_1_140' title='bbox 713 2263 921 2328; x_wconf 87' lang='lat' dir='ltr'>multo</span> <span class='ocrx_word' id='word_1_141' title='bbox 978 2270 1081 2328; x_wconf 91' lang='lat' dir='ltr'>est</span> <span class='ocrx_word' id='word_1_142' title='bbox 1120 2261 1404 2327; x_wconf 89' lang='lat' dir='ltr'>liberior.</span> <span class='ocrx_word' id='word_1_143' title='bbox 1506 2260 1728 2326; x_wconf 89' lang='lat' dir='ltr'>Didici</span> <span class='ocrx_word' id='word_1_144' title='bbox 1787 2259 1977 2342; x_wconf 89' lang='lat' dir='ltr'>quale</span> <span class='ocrx_word' id='word_1_145' title='bbox 2032 2258 2119 2323; x_wconf 89' lang='lat' dir='ltr'>sit</span> 
     </span>
    </p>
   </div>
   <div class='ocr_carea' id='block_1_6' title="bbox 29 2347 1387 2435">
    <p class='ocr_par' dir='ltr' id='par_1_6' title="bbox 29 2347 1387 2435">
     <span class='ocr_line' id='line_1_21' title="bbox 29 2347 1387 2435; baseline -0.001 -20"><span class='ocrx_word' id='word_1_146' title='bbox 29 2374 32 2403; x_wconf 42' lang='grc' dir='ltr'><strong>ὲ</strong></span> <span class='ocrx_word' id='word_1_147' title='bbox 152 2350 579 2435; x_wconf 84' lang='lat' dir='ltr'>arrogantiae</span> <span class='ocrx_word' id='word_1_148' title='bbox 623 2350 988 2414; x_wconf 85' lang='lat' dir='ltr'>fomentum</span> <span class='ocrx_word' id='word_1_149' title='bbox 1032 2357 1178 2413; x_wconf 87' lang='lat' dir='ltr'>atra</span> <span class='ocrx_word' id='word_1_150' title='bbox 1220 2347 1387 2412; x_wconf 83' lang='lat' dir='ltr'>bilis.</span> 
     </span>
    </p>
   </div>
   <div class='ocr_carea' id='block_1_7' title="bbox 153 2429 2129 3033">
    <p class='ocr_par' dir='ltr' id='par_1_7' title="bbox 153 2429 2129 3033">
     <span class='ocr_line' id='line_1_22' title="bbox 325 2429 2122 2517; baseline -0.004 -15"><span class='ocrx_word' id='word_1_151' title='bbox 325 2438 440 2502; x_wconf 90' lang='lat' dir='ltr'>De</span> <span class='ocrx_word' id='word_1_152' title='bbox 487 2445 571 2515; x_wconf 91' lang='lat' dir='ltr'>te,</span> <span class='ocrx_word' id='word_1_153' title='bbox 612 2436 704 2499; x_wconf 91' lang='lat' dir='ltr'>mi</span> <span class='ocrx_word' id='word_1_154' title='bbox 763 2435 982 2513; x_wconf 80' lang='lat' dir='ltr'>Virete,</span> <span class='ocrx_word' id='word_1_155' title='bbox 1026 2444 1102 2499; x_wconf 89' lang='lat' dir='ltr'>ut</span> <span class='ocrx_word' id='word_1_156' title='bbox 1141 2453 1261 2516; x_wconf 88' lang='lat' dir='ltr'>par</span> <span class='ocrx_word' id='word_1_157' title='bbox 1303 2440 1421 2510; x_wconf 91' lang='lat' dir='ltr'>est,</span> <span class='ocrx_word' id='word_1_158' title='bbox 1466 2432 1699 2517; x_wconf 88' lang='lat' dir='ltr'>cogito.</span> <span class='ocrx_word' id='word_1_159' title='bbox 1766 2429 1901 2497; x_wconf 81' lang='lat' dir='ltr'>Sed</span> <span class='ocrx_word' id='word_1_160' title='bbox 1944 2440 2122 2513; x_wconf 89' lang='lat' dir='ltr'>post-</span> 
     </span>
     <span class='ocr_line' id='line_1_23' title="bbox 157 2515 2122 2607; baseline -0.004 -19"><span class='ocrx_word' id='word_1_161' title='bbox 157 2544 360 2607; x_wconf 86' lang='lat' dir='ltr'>quam</span> <span class='ocrx_word' id='word_1_162' title='bbox 422 2520 782 2605; x_wconf 83' lang='lat' dir='ltr'>diligenter</span> <span class='ocrx_word' id='word_1_163' title='bbox 838 2520 1272 2603; x_wconf 74' lang='lat' dir='ltr'>circumspexi</span> <span class='ocrx_word' id='word_1_164' title='bbox 1326 2517 1576 2583; x_wconf 88' lang='lat' dir='ltr'>nullam</span> <span class='ocrx_word' id='word_1_165' title='bbox 1646 2515 1858 2582; x_wconf 86' lang='lat' dir='ltr'>adhuc</span> <span class='ocrx_word' id='word_1_166' title='bbox 1915 2515 2122 2581; x_wconf 83' lang='lat' dir='ltr'>audeo</span> 
     </span>
     <span class='ocr_line' id='line_1_24' title="bbox 162 2603 2123 2690; baseline -0.004 -17"><span class='ocrx_word' id='word_1_167' title='bbox 162 2610 536 2674; x_wconf 86' lang='lat' dir='ltr'>nominare.</span> <span class='ocrx_word' id='word_1_168' title='bbox 558 2607 616 2690; x_wconf 78' lang='lat'>²)</span> <span class='ocrx_word' id='word_1_169' title='bbox 703 2607 851 2671; x_wconf 88' lang='lat' dir='ltr'>Non</span> <span class='ocrx_word' id='word_1_170' title='bbox 897 2617 1118 2669; x_wconf 89' lang='lat' dir='ltr'>tamen</span> <span class='ocrx_word' id='word_1_171' title='bbox 1165 2605 1410 2670; x_wconf 88' lang='lat' dir='ltr'>desino.</span> <span class='ocrx_word' id='word_1_172' title='bbox 1487 2603 1710 2683; x_wconf 81' lang='lat' dir='ltr'>Quum</span> <span class='ocrx_word' id='word_1_173' title='bbox 1752 2603 1976 2669; x_wconf 90' lang='lat' dir='ltr'>Berna</span> <span class='ocrx_word' id='word_1_174' title='bbox 2018 2621 2123 2665; x_wconf 89' lang='lat' dir='ltr'>re-</span> 
     </span>
     <span class='ocr_line' id='line_1_25' title="bbox 157 2688 2125 2760; baseline -0.005 0"><span class='ocrx_word' id='word_1_175' title='bbox 157 2693 361 2760; x_wconf 88' lang='lat' dir='ltr'>dieris</span> <span class='ocrx_word' id='word_1_176' title='bbox 450 2693 616 2758; x_wconf 86' lang='lat' dir='ltr'>satis</span> <span class='ocrx_word' id='word_1_177' title='bbox 683 2692 813 2757; x_wconf 89' lang='lat' dir='ltr'>erit</span> <span class='ocrx_word' id='word_1_178' title='bbox 896 2712 1018 2755; x_wconf 90' lang='lat' dir='ltr'>nos</span> <span class='ocrx_word' id='word_1_179' title='bbox 1089 2691 1330 2755; x_wconf 88' lang='lat' dir='ltr'>iterum</span> <span class='ocrx_word' id='word_1_180' title='bbox 1397 2710 1616 2755; x_wconf 88' lang='lat' dir='ltr'>coram</span> <span class='ocrx_word' id='word_1_181' title='bbox 1688 2688 1814 2754; x_wconf 91' lang='lat' dir='ltr'>hac</span> <span class='ocrx_word' id='word_1_182' title='bbox 1893 2688 1975 2752; x_wconf 92' lang='lat' dir='ltr'>de</span> <span class='ocrx_word' id='word_1_183' title='bbox 2054 2708 2125 2751; x_wconf 91' lang='lat' dir='ltr'>re</span> 
     </span>
     <span class='ocr_line' id='line_1_26' title="bbox 157 2773 2129 2865; baseline -0.005 -19"><span class='ocrx_word' id='word_1_184' title='bbox 157 2801 373 2865; x_wconf 84' lang='lat' dir='ltr'>agere.</span> <span class='ocrx_word' id='word_1_185' title='bbox 477 2779 684 2845; x_wconf 90' lang='lat' dir='ltr'>Ulcus</span> <span class='ocrx_word' id='word_1_186' title='bbox 727 2798 834 2841; x_wconf 90' lang='lat' dir='ltr'>me</span> <span class='ocrx_word' id='word_1_187' title='bbox 875 2775 1090 2842; x_wconf 88' lang='lat' dir='ltr'>adhuc</span> <span class='ocrx_word' id='word_1_188' title='bbox 1124 2776 1458 2859; x_wconf 88' lang='lat' dir='ltr'>captivum</span> <span class='ocrx_word' id='word_1_189' title='bbox 1498 2782 1697 2839; x_wconf 88' lang='lat' dir='ltr'>tenet.</span> <span class='ocrx_word' id='word_1_190' title='bbox 1785 2774 1957 2839; x_wconf 88' lang='lat' dir='ltr'>Nam</span> <span class='ocrx_word' id='word_1_191' title='bbox 2003 2773 2129 2839; x_wconf 84' lang='lat' dir='ltr'>etsi</span> 
     </span>
     <span class='ocr_line' id='line_1_27' title="bbox 153 2858 2125 2951; baseline -0.004 -20"><span class='ocrx_word' id='word_1_192' title='bbox 153 2887 408 2951; x_wconf 87' lang='lat' dir='ltr'>magna</span> <span class='ocrx_word' id='word_1_193' title='bbox 458 2887 546 2929; x_wconf 88' lang='lat' dir='ltr'>ex</span> <span class='ocrx_word' id='word_1_194' title='bbox 601 2872 787 2946; x_wconf 88' lang='lat' dir='ltr'>parte</span> <span class='ocrx_word' id='word_1_195' title='bbox 840 2862 1106 2928; x_wconf 85' lang='lat' dir='ltr'>sedatus</span> <span class='ocrx_word' id='word_1_196' title='bbox 1150 2870 1253 2927; x_wconf 90' lang='lat' dir='ltr'>est</span> <span class='ocrx_word' id='word_1_197' title='bbox 1295 2859 1507 2940; x_wconf 87' lang='lat' dir='ltr'>dolor,</span> <span class='ocrx_word' id='word_1_198' title='bbox 1566 2880 1700 2924; x_wconf 91' lang='lat' dir='ltr'>non</span> <span class='ocrx_word' id='word_1_199' title='bbox 1759 2858 1970 2925; x_wconf 89' lang='lat' dir='ltr'>audeo</span> <span class='ocrx_word' id='word_1_200' title='bbox 2025 2869 2125 2923; x_wconf 89' lang='lat' dir='ltr'>ta-</span> 
     </span>
     <span class='ocr_line' id='line_1_28' title="bbox 153 2944 2126 3033; baseline -0.003 -18"><span class='ocrx_word' id='word_1_201' title='bbox 153 2974 308 3017; x_wconf 87' lang='lat' dir='ltr'>men</span> <span class='ocrx_word' id='word_1_202' title='bbox 355 2950 770 3033; x_wconf 89' lang='lat' dir='ltr'>equitatione</span> <span class='ocrx_word' id='word_1_203' title='bbox 836 2949 1114 3013; x_wconf 89' lang='lat' dir='ltr'>irritare.</span> <span class='ocrx_word' id='word_1_204' title='bbox 1201 2947 1449 3012; x_wconf 84' lang='lat' dir='ltr'>Venies</span> <span class='ocrx_word' id='word_1_205' title='bbox 1504 2946 1711 3029; x_wconf 85' lang='lat' dir='ltr'>igitur</span> <span class='ocrx_word' id='word_1_206' title='bbox 1776 2953 1844 3009; x_wconf 91' lang='lat' dir='ltr'>et</span> <span class='ocrx_word' id='word_1_207' title='bbox 1907 2944 2126 3010; x_wconf 91' lang='lat' dir='ltr'>uobis-</span> 
     </span>
    </p>
   </div>
   <div class='ocr_carea' id='block_1_8' title="bbox 29 3031 2127 3120">
    <p class='ocr_par' dir='ltr' id='par_1_8' title="bbox 29 3031 2127 3120">
     <span class='ocr_line' id='line_1_29' title="bbox 29 3031 2127 3120; baseline -0.006 -13"><span class='ocrx_word' id='word_1_208' title='bbox 29 3103 30 3108; x_wconf 75' lang='grc'>,</span> <span class='ocrx_word' id='word_1_209' title='bbox 151 3059 303 3105; x_wconf 90' lang='lat' dir='ltr'>cum</span> <span class='ocrx_word' id='word_1_210' title='bbox 352 3038 519 3116; x_wconf 90' lang='lat' dir='ltr'>eris,</span> <span class='ocrx_word' id='word_1_211' title='bbox 567 3057 768 3120; x_wconf 89' lang='lat' dir='ltr'>usque</span> <span class='ocrx_word' id='word_1_212' title='bbox 813 3033 972 3101; x_wconf 91' lang='lat' dir='ltr'>dum</span> <span class='ocrx_word' id='word_1_213' title='bbox 1009 3034 1229 3118; x_wconf 87' lang='lat' dir='ltr'>aliqua</span> <span class='ocrx_word' id='word_1_214' title='bbox 1273 3031 1459 3100; x_wconf 89' lang='lat' dir='ltr'>nobis</span> <span class='ocrx_word' id='word_1_215' title='bbox 1504 3032 1721 3098; x_wconf 87' lang='lat' dir='ltr'>oblata</span> <span class='ocrx_word' id='word_1_216' title='bbox 1765 3053 1804 3098; x_wconf 88' lang='lat' dir='ltr'>a</span> <span class='ocrx_word' id='word_1_217' title='bbox 1841 3031 2127 3097; x_wconf 91' lang='lat' dir='ltr'>Domino</span> 
     </span>
    </p>
   </div>
   <div class='ocr_carea' id='block_1_9' title="bbox 150 3124 2128 3289">
    <p class='ocr_par' dir='ltr' id='par_1_9' title="bbox 150 3124 2128 3289">
     <span class='ocr_line' id='line_1_30' title="bbox 150 3124 2128 3289; baseline -0.006 -12"><span class='ocrx_word' id='word_1_218' title='bbox 150 3124 612 3276; x_wconf 46' lang='lat' dir='ltr'>fuelaldernae</span> <span class='ocrx_word' id='word_1_219' title='bbox 654 3205 970 3273; x_wconf 90' lang='lat' dir='ltr'>salutabis</span> <span class='ocrx_word' id='word_1_220' title='bbox 1014 3205 1365 3289; x_wconf 82' lang='lat' dir='ltr'>diligenter</span> <span class='ocrx_word' id='word_1_221' title='bbox 1408 3204 1650 3270; x_wconf 92' lang='lat' dir='ltr'>amicos</span> <span class='ocrx_word' id='word_1_222' title='bbox 1695 3223 1941 3269; x_wconf 90' lang='lat' dir='ltr'>omnes.</span> <span class='ocrx_word' id='word_1_223' title='bbox 2007 3203 2128 3267; x_wconf 88' lang='lat' dir='ltr'>Ni-</span> 
     </span>
    </p>
   </div>
   <div class='ocr_carea' id='block_1_10' title="bbox 27 3288 2136 3627">
    <p class='ocr_par' dir='ltr' id='par_1_10' title="bbox 27 3288 2136 3554">
     <span class='ocr_line' id='line_1_31' title="bbox 29 3288 2130 3377; baseline -0.004 -16"><span class='ocrx_word' id='word_1_224' title='bbox 29 3317 30 3344; x_wconf 58' lang='lat'><em>*</em></span> <span class='ocrx_word' id='word_1_225' title='bbox 150 3295 248 3360; x_wconf 87' lang='lat' dir='ltr'>hil</span> <span class='ocrx_word' id='word_1_226' title='bbox 288 3295 522 3360; x_wconf 87' lang='lat' dir='ltr'>habeo</span> <span class='ocrx_word' id='word_1_227' title='bbox 567 3292 742 3376; x_wconf 89' lang='lat' dir='ltr'>quod</span> <span class='ocrx_word' id='word_1_228' title='bbox 785 3299 1127 3377; x_wconf 85' lang='lat' dir='ltr'>praeterea</span> <span class='ocrx_word' id='word_1_229' title='bbox 1169 3288 1481 3354; x_wconf 91' lang='lat' dir='ltr'>mandare</span> <span class='ocrx_word' id='word_1_230' title='bbox 1526 3290 1744 3369; x_wconf 86' lang='lat' dir='ltr'>velim,</span> <span class='ocrx_word' id='word_1_231' title='bbox 1788 3290 1922 3355; x_wconf 89' lang='lat' dir='ltr'>nisi</span> <span class='ocrx_word' id='word_1_232' title='bbox 1963 3289 2130 3353; x_wconf 88' lang='lat' dir='ltr'>forte</span> 
     </span>
     <span class='ocr_line' id='line_1_32' title="bbox 27 3361 2136 3461; baseline -0.003 -15"><span class='ocrx_word' id='word_1_233' title='bbox 27 3361 30 3400; x_wconf 33' lang='grc' dir='ltr'><em>Ὗ</em></span> <span class='ocrx_word' id='word_1_234' title='bbox 149 3389 225 3446; x_wconf 90' lang='lat' dir='ltr'>ut</span> <span class='ocrx_word' id='word_1_235' title='bbox 249 3380 582 3447; x_wconf 82' lang='lat' dir='ltr'>Henrichi</span> <span class='ocrx_word' id='word_1_236' title='bbox 600 3378 658 3461; x_wconf 79' lang='lat'>⁸)</span> <span class='ocrx_word' id='word_1_237' title='bbox 681 3377 1023 3444; x_wconf 91' lang='lat' dir='ltr'>mendacia</span> <span class='ocrx_word' id='word_1_238' title='bbox 1057 3376 1447 3459; x_wconf 89' lang='lat' dir='ltr'>tempestive</span> <span class='ocrx_word' id='word_1_239' title='bbox 1483 3376 1890 3459; x_wconf 87' lang='lat' dir='ltr'>praevenias.</span> <span class='ocrx_word' id='word_1_240' title='bbox 1959 3373 2136 3454; x_wconf 60' lang='lat' dir='ltr'>Vale,</span> 
     </span>
     <span class='ocr_line' id='line_1_33' title="bbox 27 3460 2129 3554; baseline -0.002 -24"><span class='ocrx_word' id='word_1_241' title='bbox 27 3499 30 3554; x_wconf 40' lang='grc' dir='ltr'>ζ</span> <span class='ocrx_word' id='word_1_242' title='bbox 149 3466 408 3532; x_wconf 85' lang='lat' dir='ltr'>iterum</span> <span class='ocrx_word' id='word_1_243' title='bbox 473 3475 673 3548; x_wconf 87' lang='lat' dir='ltr'>atque</span> <span class='ocrx_word' id='word_1_244' title='bbox 726 3465 996 3541; x_wconf 89' lang='lat' dir='ltr'>iterum,</span> <span class='ocrx_word' id='word_1_245' title='bbox 1049 3463 1251 3527; x_wconf 83' lang='lat' dir='ltr'>frater</span> <span class='ocrx_word' id='word_1_246' title='bbox 1304 3470 1371 3525; x_wconf 90' lang='lat' dir='ltr'>et</span> <span class='ocrx_word' id='word_1_247' title='bbox 1425 3461 1631 3527; x_wconf 89' lang='lat' dir='ltr'>amice</span> <span class='ocrx_word' id='word_1_248' title='bbox 1684 3460 2129 3543; x_wconf 82' lang='lat' dir='ltr'>integerrime,</span> 
     </span>
    </p>

    <p class='ocr_par' dir='ltr' id='par_1_11' title="bbox 148 3545 2130 3627">
     <span class='ocr_line' id='line_1_34' title="bbox 148 3545 2130 3627; baseline -0.004 -9"><span class='ocrx_word' id='word_1_249' title='bbox 148 3572 303 3617; x_wconf 90' lang='lat' dir='ltr'>cum</span> <span class='ocrx_word' id='word_1_250' title='bbox 355 3559 515 3618; x_wconf 87' lang='lat' dir='ltr'>tota</span> <span class='ocrx_word' id='word_1_251' title='bbox 565 3550 834 3615; x_wconf 85' lang='lat' dir='ltr'>familia.</span> <span class='ocrx_word' id='word_1_252' title='bbox 936 3547 1174 3614; x_wconf 81' lang='lat' dir='ltr'>Saluta</span> <span class='ocrx_word' id='word_1_253' title='bbox 1232 3546 1546 3627; x_wconf 78' lang='lat' dir='ltr'>Iacobum,</span> <span class='ocrx_word' id='word_1_254' title='bbox 1602 3546 1964 3627; x_wconf 82' lang='lat' dir='ltr'>Imbertum,</span> <span class='ocrx_word' id='word_1_255' title='bbox 2011 3545 2130 3611; x_wconf 84' lang='lat' dir='ltr'>Ri-</span> 
     </span>
    </p>
   </div>
   <div class='ocr_carea' id='block_1_11' title="bbox 147 3632 2127 3802">
    <p class='ocr_par' dir='ltr' id='par_1_12' title="bbox 147 3632 2127 3802">
     <span class='ocr_line' id='line_1_35' title="bbox 147 3632 2127 3718; baseline -0.004 -14"><span class='ocrx_word' id='word_1_256' title='bbox 147 3638 392 3718; x_wconf 59' lang='lat' dir='ltr'>baum,</span> <span class='ocrx_word' id='word_1_257' title='bbox 449 3636 843 3716; x_wconf 81' lang='lat' dir='ltr'>Corderium,</span> <span class='ocrx_word' id='word_1_258' title='bbox 891 3633 1170 3700; x_wconf 81' lang='lat' dir='ltr'>Coelium</span> <span class='ocrx_word' id='word_1_259' title='bbox 1222 3641 1288 3698; x_wconf 91' lang='lat' dir='ltr'>et</span> <span class='ocrx_word' id='word_1_260' title='bbox 1331 3633 1617 3715; x_wconf 90' lang='lat' dir='ltr'>reliquos</span> <span class='ocrx_word' id='word_1_261' title='bbox 1661 3653 1806 3698; x_wconf 92' lang='lat' dir='ltr'>meo</span> <span class='ocrx_word' id='word_1_262' title='bbox 1850 3632 2127 3697; x_wconf 90' lang='lat' dir='ltr'>nomine.</span> 
     </span>
     <span class='ocr_line' id='line_1_36' title="bbox 148 3718 1800 3802; baseline -0.004 -13"><span class='ocrx_word' id='word_1_263' title='bbox 148 3724 507 3790; x_wconf 88' lang='lat' dir='ltr'>Dominus</span> <span class='ocrx_word' id='word_1_264' title='bbox 549 3744 665 3789; x_wconf 92' lang='lat' dir='ltr'>vos</span> <span class='ocrx_word' id='word_1_265' title='bbox 707 3741 939 3787; x_wconf 89' lang='lat' dir='ltr'>omnes</span> <span class='ocrx_word' id='word_1_266' title='bbox 985 3729 1268 3786; x_wconf 89' lang='lat' dir='ltr'>tueatur.</span> <span class='ocrx_word' id='word_1_267' title='bbox 1362 3723 1463 3784; x_wconf 82' lang='lat'>28.</span> <span class='ocrx_word' id='word_1_268' title='bbox 1509 3718 1720 3802; x_wconf 90' lang='lat' dir='ltr'>April.</span> <span class='ocrx_word' id='word_1_269' title='bbox 1742 3721 1800 3794; x_wconf 84' lang='lat'>⁴)</span> 
     </span>
    </p>
   </div>
   <div class='ocr_carea' id='block_1_12' title="bbox 1104 3854 1966 3922">
    <p class='ocr_par' dir='ltr' id='par_1_13' title="bbox 1104 3854 1966 3922">
     <span class='ocr_line' id='line_1_37' title="bbox 1104 3854 1966 3922; baseline -0.002 -1"><span class='ocrx_word' id='word_1_270' title='bbox 1104 3855 1387 3921; x_wconf 88' lang='lat' dir='ltr'>Ioannes</span> <span class='ocrx_word' id='word_1_271' title='bbox 1431 3854 1749 3922; x_wconf 81' lang='lat' dir='ltr'>Calvinus</span> <span class='ocrx_word' id='word_1_272' title='bbox 1795 3866 1966 3919; x_wconf 85' lang='lat' dir='ltr'>tuus.</span> 
     </span>
    </p>
   </div>
   <div class='ocr_carea' id='block_1_13' title="bbox 145 4033 591 4047">
    <p class='ocr_par' dir='ltr' id='par_1_14' title="bbox 145 4033 591 4047">
     <span class='ocr_line' id='line_1_38' title="bbox 145 4033 591 4047; baseline 0 2128"><span class='ocrx_word' id='word_1_273' title='bbox 145 4033 591 4047; x_wconf 95' lang='lat' dir='ltr'> </span> 
     </span>
    </p>
   </div>
   <div class='ocr_carea' id='block_1_14' title="bbox 141 4148 2152 4769">
    <p class='ocr_par' dir='ltr' id='par_1_15' title="bbox 141 4148 2152 4769">
     <span class='ocr_line' id='line_1_39' title="bbox 168 4148 2132 4300; baseline -0.004 -25"><span class='ocrx_word' id='word_1_274' title='bbox 168 4150 319 4300; x_wconf 40' lang='grc' dir='ltr'>Ἴθι</span> <span class='ocrx_word' id='word_1_275' title='bbox 358 4153 430 4282; x_wconf 52' lang='grc' dir='ltr'>ἓ)</span> <span class='ocrx_word' id='word_1_276' title='bbox 472 4148 632 4274; x_wconf 56' lang='lat' dir='ltr'>Nm.</span> <span class='ocrx_word' id='word_1_277' title='bbox 597 4148 794 4273; x_wconf 59' lang='lat' dir='ltr'>wwl.</span> <span class='ocrx_word' id='word_1_278' title='bbox 826 4217 992 4272; x_wconf 65' lang='lat' dir='ltr'>initio</span> <span class='ocrx_word' id='word_1_279' title='bbox 947 4216 960 4229; x_wconf 74' lang='lat'><em>⁶</em></span> <span class='ocrx_word' id='word_1_280' title='bbox 1027 4214 1235 4270; x_wconf 77' lang='lat' dir='ltr'>Martii</span> <span class='ocrx_word' id='word_1_281' title='bbox 1267 4215 1417 4270; x_wconf 65' lang='lat' dir='ltr'>obser·</span> <span class='ocrx_word' id='word_1_282' title='bbox 1417 4219 1489 4269; x_wconf 82' lang='lat' dir='ltr'>at.</span> <span class='ocrx_word' id='word_1_283' title='bbox 1560 4213 1707 4269; x_wconf 77' lang='lat' dir='ltr'>Ecce</span> <span class='ocrx_word' id='word_1_284' title='bbox 1740 4185 1909 4295; x_wconf 70' lang='lat' dir='ltr'>quam</span> <span class='ocrx_word' id='word_1_285' title='bbox 1940 4227 2132 4295; x_wconf 46' lang='lat' dir='ltr'>vm·</span> 
     </span>
     <span class='ocr_line' id='line_1_40' title="bbox 144 4282 2132 4359; baseline -0.005 -15"><span class='ocrx_word' id='word_1_286' title='bbox 144 4293 236 4357; x_wconf 63' lang='lat' dir='ltr'>m,</span> <span class='ocrx_word' id='word_1_287' title='bbox 274 4289 437 4344; x_wconf 61' lang='lat' dir='ltr'>nih-”l</span> <span class='ocrx_word' id='word_1_288' title='bbox 474 4289 910 4359; x_wconf 62' lang='lat' dir='ltr'>lacrymantum</span> <span class='ocrx_word' id='word_1_289' title='bbox 942 4299 1204 4340; x_wconf 78' lang='lat' dir='ltr'>arescere.</span> <span class='ocrx_word' id='word_1_290' title='bbox 1276 4284 1389 4340; x_wconf 76' lang='lat' dir='ltr'>Sed</span> <span class='ocrx_word' id='word_1_291' title='bbox 1421 4282 2132 4340; x_wconf 63' lang='lat' dir='ltr'>tamazem-maeatae</span> 
     </span>
     <span class='ocr_line' id='line_1_41' title="bbox 142 4352 2130 4425; baseline -0.004 -11"><span class='ocrx_word' id='word_1_292' title='bbox 142 4353 1726 4425; x_wconf 60' lang='lat' dir='ltr'>vfflaeiudicoequimaioribasourisdistmtirm</span> <span class='ocrx_word' id='word_1_293' title='bbox 1776 4352 2130 4407; x_wconf 69' lang='lat' dir='ltr'>domesticam</span> 
     </span>
     <span class='ocr_line' id='line_1_42' title="bbox 142 4422 2152 4492; baseline -0.004 -10"><span class='ocrx_word' id='word_1_294' title='bbox 142 4427 496 4484; x_wconf 58' lang='lat' dir='ltr'>nauem-ubas</span> <span class='ocrx_word' id='word_1_295' title='bbox 574 4426 844 4480; x_wconf 60' lang='lat' dir='ltr'>ammittere</span> <span class='ocrx_word' id='word_1_296' title='bbox 876 4424 1100 4480; x_wconf 61' lang='lat' dir='ltr'>onmium</span> <span class='ocrx_word' id='word_1_297' title='bbox 1132 4422 1481 4492; x_wconf 67' lang='lat' dir='ltr'>coactantur.</span> <span class='ocrx_word' id='word_1_298' title='bbox 2145 4479 2152 4486; x_wconf 59' lang='lat'>‚</span> 
     </span>
     <span class='ocr_line' id='line_1_43' title="bbox 188 4442 2129 4577; baseline -0.004 -25"><span class='ocrx_word' id='word_1_299' title='bbox 188 4566 201 4577; x_wconf 48' lang='lat'><strong>·</strong></span> <span class='ocrx_word' id='word_1_300' title='bbox 358 4497 428 4562; x_wconf 90' lang='lat'>3)</span> <span class='ocrx_word' id='word_1_301' title='bbox 475 4442 575 4550; x_wconf 53' lang='grc' dir='ltr'><em>ἆ</em></span> <span class='ocrx_word' id='word_1_302' title='bbox 606 4494 665 4549; x_wconf 80' lang='lat' dir='ltr'>la</span> <span class='ocrx_word' id='word_1_303' title='bbox 688 4495 875 4576; x_wconf 48' lang='lat' dir='ltr'>Mare,</span> <span class='ocrx_word' id='word_1_304' title='bbox 909 4508 1090 4575; x_wconf 61' lang='lat' dir='ltr'>uapor</span> <span class='ocrx_word' id='word_1_305' title='bbox 1123 4508 1349 4547; x_wconf 76' lang='lat' dir='ltr'>mwnere</span> <span class='ocrx_word' id='word_1_306' title='bbox 1383 4490 1628 4546; x_wconf 71' lang='lat' dir='ltr'>abdicati</span> <span class='ocrx_word' id='word_1_307' title='bbox 1663 4495 1714 4545; x_wconf 74' lang='lat' dir='ltr'>ct</span> <span class='ocrx_word' id='word_1_308' title='bbox 1747 4489 1880 4545; x_wconf 72' lang='lat' dir='ltr'>hinc</span> <span class='ocrx_word' id='word_1_309' title='bbox 1914 4490 1979 4545; x_wconf 73' lang='lat' dir='ltr'>in</span> <span class='ocrx_word' id='word_1_310' title='bbox 2001 4488 2129 4544; x_wconf 76' lang='lat' dir='ltr'>Gal-</span> 
     </span>
     <span class='ocr_line' id='line_1_44' title="bbox 141 4564 1023 4622; baseline -0.007 -1"><span class='ocrx_word' id='word_1_311' title='bbox 141 4582 345 4621; x_wconf 73' lang='lat' dir='ltr'>mmm</span> <span class='ocrx_word' id='word_1_312' title='bbox 381 4564 719 4622; x_wconf 60' lang='lat' dir='ltr'>caumate</span> <span class='ocrx_word' id='word_1_313' title='bbox 912 4568 1023 4617; x_wconf 59' lang='lat' dir='ltr'>suti.</span> 
     </span>
     <span class='ocr_line' id='line_1_45' title="bbox 359 4627 2134 4769; baseline -0.004 -80"><span class='ocrx_word' id='word_1_314' title='bbox 359 4637 402 4689; x_wconf 83' lang='lat'>4</span> <span class='ocrx_word' id='word_1_315' title='bbox 472 4633 902 4714; x_wconf 38' lang='lat' dir='ltr'>Amanum</span> <span class='ocrx_word' id='word_1_316' title='bbox 953 4627 2134 4769; x_wconf 53' lang='lat' dir='ltr'>Wd‘m’flm’d</span> 
     </span>
     <span class='ocr_line' id='line_1_46' title="bbox 142 4697 1893 4763; baseline -0.007 0"><span class='ocrx_word' id='word_1_317' title='bbox 142 4720 297 4763; x_wconf 69' lang='lat' dir='ltr'>nova</span> <span class='ocrx_word' id='word_1_318' title='bbox 395 4704 755 4761; x_wconf 53' lang='lat' dir='ltr'>&amp;dimon</span> <span class='ocrx_word' id='word_1_319' title='bbox 926 4742 941 4756; x_wconf 95' lang='lat'>.</span> <span class='ocrx_word' id='word_1_320' title='bbox 1213 4715 1330 4754; x_wconf 69' lang='lat' dir='ltr'>sam</span> <span class='ocrx_word' id='word_1_321' title='bbox 1369 4698 1702 4755; x_wconf 56' lang='lat' dir='ltr'>Tum-eamn</span> <span class='ocrx_word' id='word_1_322' title='bbox 1733 4697 1893 4753; x_wconf 63' lang='lat' dir='ltr'>ondit.</span> 
     </span>
    </p>
   </div>
   <div class='ocr_carea' id='block_1_15' title="bbox 1764 476 2565 545">
    <p class='ocr_par' dir='ltr' id='par_1_16' title="bbox 1764 476 2565 545">
     <span class='ocr_line' id='line_1_47' title="bbox 1764 476 2565 545; baseline 0.002 -3"><span class='ocrx_word' id='word_1_323' title='bbox 1764 480 1925 542; x_wconf 80' lang='lat'>1546</span> <span class='ocrx_word' id='word_1_324' title='bbox 1969 476 2565 545; x_wconf 63' lang='lat' dir='ltr'>Anah—MAI.</span> 
     </span>
    </p>
   </div>
   <div class='ocr_carea' id='block_1_16' title="bbox 2161 663 2203 5436">
    <p class='ocr_par' dir='ltr' id='par_1_17' title="bbox 2161 663 2203 5436">
     <span class='ocr_line' id='line_1_48' title="bbox 2161 663 2203 5436; baseline 0 0"><span class='ocrx_word' id='word_1_325' title='bbox 2161 663 2203 5436; x_wconf 95' lang='lat' dir='ltr'> </span> 
     </span>
    </p>
   </div>
   <div class='ocr_carea' id='block_1_17' title="bbox 4040 484 4170 548">
    <p class='ocr_par' dir='ltr' id='par_1_18' title="bbox 4040 484 4170 548">
     <span class='ocr_line' id='line_1_49' title="bbox 4040 484 4170 548; baseline 0.015 -2"><span class='ocrx_word' id='word_1_326' title='bbox 4040 484 4170 548; x_wconf 85' lang='lat'>342</span> 
     </span>
    </p>
   </div>
   <div class='ocr_carea' id='block_1_18' title="bbox 2418 665 3958 891">
    <p class='ocr_par' dir='ltr' id='par_1_19' title="bbox 2418 665 3958 891">
     <span class='ocr_line' id='line_1_50' title="bbox 3120 665 3273 736; baseline 0.013 -2"><span class='ocrx_word' id='word_1_327' title='bbox 3120 665 3273 736; x_wconf 71' lang='lat'>795.</span> 
     </span>
     <span class='ocr_line' id='line_1_51' title="bbox 2418 817 3958 891; baseline 0.004 -6"><span class='ocrx_word' id='word_1_328' title='bbox 2418 817 2891 887; x_wconf 82' lang='lat' dir='ltr'>GALVINUS</span> <span class='ocrx_word' id='word_1_329' title='bbox 2934 818 3380 887; x_wconf 76' lang='lat' dir='ltr'>FARELLO</span> <span class='ocrx_word' id='word_1_330' title='bbox 3423 821 3544 888; x_wconf 74' lang='lat' dir='ltr'>ET</span> <span class='ocrx_word' id='word_1_331' title='bbox 3586 822 3958 891; x_wconf 71' lang='lat' dir='ltr'>VIRETO.</span> 
     </span>
    </p>
   </div>
   <div class='ocr_carea' id='block_1_19' title="bbox 2209 990 4171 1401">
    <p class='ocr_par' dir='ltr' id='par_1_20' title="bbox 2209 990 4171 1401">
     <span class='ocr_line' id='line_1_52' title="bbox 2387 990 4171 1075; baseline 0.006 -21"><span class='ocrx_word' id='word_1_332' title='bbox 2387 990 2593 1075; x_wconf 74' lang='lat' dir='ltr'>Royat</span> <span class='ocrx_word' id='word_1_333' title='bbox 2644 995 2716 1055; x_wconf 75' lang='lat' dir='ltr'>ut</span> <span class='ocrx_word' id='word_1_334' title='bbox 2768 990 2926 1055; x_wconf 77' lang='lat' dir='ltr'>alter</span> <span class='ocrx_word' id='word_1_335' title='bbox 2978 1011 3190 1057; x_wconf 74' lang='lat' dir='ltr'>comm</span> <span class='ocrx_word' id='word_1_336' title='bbox 3206 1042 3221 1072; x_wconf 92' lang='lat'>,</span> <span class='ocrx_word' id='word_1_337' title='bbox 3281 1014 3474 1074; x_wconf 79' lang='lat' dir='ltr'>quum</span> <span class='ocrx_word' id='word_1_338' title='bbox 3524 995 3662 1075; x_wconf 75' lang='lat' dir='ltr'>ipse</span> <span class='ocrx_word' id='word_1_339' title='bbox 3714 995 3917 1062; x_wconf 78' lang='lat' dir='ltr'>adhuc</span> <span class='ocrx_word' id='word_1_340' title='bbox 3957 998 4171 1064; x_wconf 83' lang='lat' dir='ltr'>morbo</span> 
     </span>
     <span class='ocr_line' id='line_1_53' title="bbox 2212 1076 4169 1163; baseline 0.003 -20"><span class='ocrx_word' id='word_1_341' title='bbox 2212 1077 2510 1143; x_wconf 71' lang='lat' dir='ltr'>taboram</span> <span class='ocrx_word' id='word_1_342' title='bbox 2557 1076 2954 1157; x_wconf 75' lang='lat' dir='ltr'>impediatur,</span> <span class='ocrx_word' id='word_1_343' title='bbox 3012 1078 3084 1141; x_wconf 75' lang='lat' dir='ltr'>in</span> <span class='ocrx_word' id='word_1_344' title='bbox 3134 1077 3543 1144; x_wconf 80' lang='lat' dir='ltr'>Germaniam</span> <span class='ocrx_word' id='word_1_345' title='bbox 3584 1082 3707 1146; x_wconf 80' lang='lat' dir='ltr'>iter</span> <span class='ocrx_word' id='word_1_346' title='bbox 3746 1083 4057 1163; x_wconf 68' lang='lat' dir='ltr'>suscipiat</span> <span class='ocrx_word' id='word_1_347' title='bbox 4096 1089 4169 1163; x_wconf 68' lang='lat' dir='ltr'>ut</span> 
     </span>
     <span class='ocr_line' id='line_1_54' title="bbox 2209 1162 4171 1262; baseline 0.004 -35"><span class='ocrx_word' id='word_1_348' title='bbox 2209 1163 2451 1262; x_wconf 73' lang='lat' dir='ltr'>foedere</span> <span class='ocrx_word' id='word_1_349' title='bbox 2480 1163 2853 1243; x_wconf 76' lang='lat' dir='ltr'>principum</span> <span class='ocrx_word' id='word_1_350' title='bbox 2892 1162 3351 1230; x_wconf 79' lang='lat' dir='ltr'>Germanorum</span> <span class='ocrx_word' id='word_1_351' title='bbox 3382 1185 3523 1231; x_wconf 80' lang='lat' dir='ltr'>oum</span> <span class='ocrx_word' id='word_1_352' title='bbox 3554 1187 3694 1250; x_wconf 70' lang='lat' dir='ltr'>reye</span> <span class='ocrx_word' id='word_1_353' title='bbox 3733 1167 3989 1233; x_wconf 77' lang='lat' dir='ltr'>Galliae</span> <span class='ocrx_word' id='word_1_354' title='bbox 4020 1189 4171 1235; x_wconf 77' lang='lat' dir='ltr'>san-</span> 
     </span>
     <span class='ocr_line' id='line_1_55' title="bbox 2213 1248 4170 1401; baseline 0.004 -88"><span class='ocrx_word' id='word_1_355' title='bbox 2213 1254 2330 1401; x_wconf 57' lang='lat' dir='ltr'>ctet?</span> <span class='ocrx_word' id='word_1_356' title='bbox 2370 1249 2595 1314; x_wconf 75' lang='lat' dir='ltr'>levatio</span> <span class='ocrx_word' id='word_1_357' title='bbox 2651 1248 2872 1330; x_wconf 79' lang='lat' dir='ltr'>aliqua</span> <span class='ocrx_word' id='word_1_358' title='bbox 2914 1250 3402 1331; x_wconf 70' lang='lat' dir='ltr'>protestantibus</span> <span class='ocrx_word' id='word_1_359' title='bbox 3458 1253 3596 1318; x_wconf 79' lang='lat' dir='ltr'>eius</span> <span class='ocrx_word' id='word_1_360' title='bbox 3638 1253 3910 1319; x_wconf 76' lang='lat' dir='ltr'>subditis</span> <span class='ocrx_word' id='word_1_361' title='bbox 3944 1275 4170 1337; x_wconf 81' lang='lat' dir='ltr'>procu-</span> 
     </span>
     <span class='ocr_line' id='line_1_56' title="bbox 2213 1355 2406 1401; baseline 0.01 -2"><span class='ocrx_word' id='word_1_362' title='bbox 2213 1355 2253 1399; x_wconf 80' lang='lat' dir='ltr'>r</span> <span class='ocrx_word' id='word_1_363' title='bbox 2311 1356 2406 1401; x_wconf 77' lang='lat' dir='ltr'>ur.</span> 
     </span>
    </p>
   </div>
   <div class='ocr_carea' id='block_1_20' title="bbox 2213 1504 4169 1715">
    <p class='ocr_par' dir='ltr' id='par_1_21' title="bbox 2213 1504 4169 1715">
     <span class='ocr_line' id='line_1_57' title="bbox 2213 1504 4168 1626; baseline 0.004 -69"><span class='ocrx_word' id='word_1_364' title='bbox 2213 1505 2324 1572; x_wconf 82' lang='lat' dir='ltr'>(Ex</span> <span class='ocrx_word' id='word_1_365' title='bbox 2360 1504 2697 1626; x_wconf 58' lang='lat' dir='ltr'>autographo</span> <span class='ocrx_word' id='word_1_366' title='bbox 2733 1504 2863 1559; x_wconf 85' lang='lat' dir='ltr'>Cod.</span> <span class='ocrx_word' id='word_1_367' title='bbox 2902 1504 3104 1559; x_wconf 83' lang='lat' dir='ltr'>Genev.</span> <span class='ocrx_word' id='word_1_368' title='bbox 3143 1505 3271 1573; x_wconf 84' lang='lat'>106,</span> <span class='ocrx_word' id='word_1_369' title='bbox 3318 1506 3407 1560; x_wconf 81' lang='lat' dir='ltr'>fol.</span> <span class='ocrx_word' id='word_1_370' title='bbox 3448 1505 3577 1570; x_wconf 79' lang='lat'>162,</span> <span class='ocrx_word' id='word_1_371' title='bbox 3625 1509 3824 1561; x_wconf 88' lang='lat' dir='ltr'>collato</span> <span class='ocrx_word' id='word_1_372' title='bbox 3871 1526 3993 1563; x_wconf 90' lang='lat' dir='ltr'>cum</span> <span class='ocrx_word' id='word_1_373' title='bbox 4039 1528 4168 1580; x_wconf 87' lang='lat' dir='ltr'>apo·</span> 
     </span>
     <span class='ocr_line' id='line_1_58' title="bbox 2214 1572 4169 1715; baseline 0.003 -21"><span class='ocrx_word' id='word_1_374' title='bbox 2214 1572 3480 1714; x_wconf 42' lang='lat' dir='ltr'>ffsssslffflufingsstfitssssssdvlst¹30f⁰¹i13³213s</span> <span class='ocrx_word' id='word_1_375' title='bbox 3514 1576 3832 1701; x_wconf 52' lang='grc' dir='ltr'>..ἒωὲῗιῗῗέ</span> <span class='ocrx_word' id='word_1_376' title='bbox 3866 1578 4169 1715; x_wconf 42' lang='lat' dir='ltr'>&amp;hist</span> 
     </span>
    </p>
   </div>
   <div class='ocr_carea' id='block_1_21' title="bbox 2215 1810 4169 1966">
    <p class='ocr_par' dir='ltr' id='par_1_22' title="bbox 2215 1810 4169 1966">
     <span class='ocr_line' id='line_1_59' title="bbox 2215 1810 4169 1885; baseline 0.003 -6"><span class='ocrx_word' id='word_1_377' title='bbox 2215 1810 2650 1879; x_wconf 82' lang='lat' dir='ltr'>Fidelissimis</span> <span class='ocrx_word' id='word_1_378' title='bbox 2693 1812 3000 1880; x_wconf 91' lang='lat' dir='ltr'>ecclesiae</span> <span class='ocrx_word' id='word_1_379' title='bbox 3044 1813 3364 1880; x_wconf 88' lang='lat' dir='ltr'>ministris</span> <span class='ocrx_word' id='word_1_380' title='bbox 3405 1814 3488 1880; x_wconf 78' lang='lat' dir='ltr'>G.</span> <span class='ocrx_word' id='word_1_381' title='bbox 3527 1814 3791 1880; x_wconf 83' lang='lat' dir='ltr'>Farello</span> <span class='ocrx_word' id='word_1_382' title='bbox 3835 1824 3903 1881; x_wconf 93' lang='lat' dir='ltr'>et</span> <span class='ocrx_word' id='word_1_383' title='bbox 3943 1818 4019 1885; x_wconf 92' lang='lat' dir='ltr'>P.</span> <span class='ocrx_word' id='word_1_384' title='bbox 4044 1818 4169 1884; x_wconf 85' lang='lat' dir='ltr'>Vi-</span> 
     </span>
     <span class='ocr_line' id='line_1_60' title="bbox 2389 1898 3515 1966; baseline 0.002 -3"><span class='ocrx_word' id='word_1_385' title='bbox 2389 1907 2532 1963; x_wconf 88' lang='lat' dir='ltr'>reto</span> <span class='ocrx_word' id='word_1_386' title='bbox 2575 1899 2890 1965; x_wconf 88' lang='lat' dir='ltr'>fratribus</span> <span class='ocrx_word' id='word_1_387' title='bbox 2933 1899 3100 1964; x_wconf 91' lang='lat' dir='ltr'>mihi</span> <span class='ocrx_word' id='word_1_388' title='bbox 3143 1898 3515 1966; x_wconf 88' lang='lat' dir='ltr'>carissimis.</span> 
     </span>
    </p>
   </div>
   <div class='ocr_carea' id='block_1_22' title="bbox 2221 2035 4191 4606">
    <p class='ocr_par' dir='ltr' id='par_1_23' title="bbox 2221 2035 4191 4606">
     <span class='ocr_line' id='line_1_61' title="bbox 2390 2035 4180 2125; baseline 0.005 -26"><span class='ocrx_word' id='word_1_389' title='bbox 2390 2035 2524 2101; x_wconf 92' lang='lat' dir='ltr'>Hic</span> <span class='ocrx_word' id='word_1_390' title='bbox 2579 2036 2729 2118; x_wconf 91' lang='lat' dir='ltr'>pius</span> <span class='ocrx_word' id='word_1_391' title='bbox 2792 2036 2997 2101; x_wconf 86' lang='lat' dir='ltr'>frater</span> <span class='ocrx_word' id='word_1_392' title='bbox 3063 2036 3228 2102; x_wconf 87' lang='lat' dir='ltr'>civis</span> <span class='ocrx_word' id='word_1_393' title='bbox 3288 2044 3387 2102; x_wconf 87' lang='lat' dir='ltr'>est</span> <span class='ocrx_word' id='word_1_394' title='bbox 3440 2037 3773 2104; x_wconf 83' lang='lat' dir='ltr'>Uticensis</span> <span class='ocrx_word' id='word_1_395' title='bbox 3802 2040 3852 2124; x_wconf 92' lang='lat'>¹)</span> <span class='ocrx_word' id='word_1_396' title='bbox 3908 2061 3991 2106; x_wconf 89' lang='lat' dir='ltr'>ex</span> <span class='ocrx_word' id='word_1_397' title='bbox 4049 2064 4180 2125; x_wconf 90' lang='lat' dir='ltr'>qua</span> 
     </span>
     <span class='ocr_line' id='line_1_62' title="bbox 2221 2120 4179 2205; baseline 0.005 -20"><span class='ocrx_word' id='word_1_398' title='bbox 2221 2120 2386 2185; x_wconf 90' lang='lat' dir='ltr'>urbe</span> <span class='ocrx_word' id='word_1_399' title='bbox 2429 2121 2672 2185; x_wconf 85' lang='lat' dir='ltr'>multos</span> <span class='ocrx_word' id='word_1_400' title='bbox 2716 2121 3090 2205; x_wconf 85' lang='lat' dir='ltr'>profligavit</span> <span class='ocrx_word' id='word_1_401' title='bbox 3131 2121 3226 2185; x_wconf 85' lang='lat' dir='ltr'>im</span> <span class='ocrx_word' id='word_1_402' title='bbox 3271 2122 3483 2187; x_wconf 90' lang='lat' dir='ltr'>iorum</span> <span class='ocrx_word' id='word_1_403' title='bbox 3532 2125 3822 2190; x_wconf 88' lang='lat' dir='ltr'>saevitia.</span> <span class='ocrx_word' id='word_1_404' title='bbox 3892 2127 4179 2194; x_wconf 72' lang='lat' dir='ltr'>Tentare</span> 
     </span>
     <span class='ocr_line' id='line_1_63' title="bbox 2223 2205 4174 2290; baseline 0.005 -20"><span class='ocrx_word' id='word_1_405' title='bbox 2223 2205 2471 2290; x_wconf 90' lang='lat' dir='ltr'>placuit</span> <span class='ocrx_word' id='word_1_406' title='bbox 2528 2205 2831 2272; x_wconf 90' lang='lat' dir='ltr'>omnibus</span> <span class='ocrx_word' id='word_1_407' title='bbox 2887 2227 3046 2272; x_wconf 91' lang='lat' dir='ltr'>num</span> <span class='ocrx_word' id='word_1_408' title='bbox 3103 2208 3210 2290; x_wconf 91' lang='lat' dir='ltr'>qui</span> <span class='ocrx_word' id='word_1_409' title='bbox 3316 2208 3546 2272; x_wconf 77' lang='lat' dir='ltr'>auxilii</span> <span class='ocrx_word' id='word_1_410' title='bbox 3607 2209 3906 2275; x_wconf 88' lang='lat' dir='ltr'>futurum</span> <span class='ocrx_word' id='word_1_411' title='bbox 3965 2213 4051 2278; x_wconf 87' lang='lat' dir='ltr'>sit</span> <span class='ocrx_word' id='word_1_412' title='bbox 4106 2215 4174 2279; x_wconf 91' lang='lat' dir='ltr'>in</span> 
     </span>
     <span class='ocr_line' id='line_1_64' title="bbox 2223 2291 4176 2382; baseline 0.003 -24"><span class='ocrx_word' id='word_1_413' title='bbox 2223 2291 2595 2358; x_wconf 83' lang='lat' dir='ltr'>Germanis.</span> <span class='ocrx_word' id='word_1_414' title='bbox 2680 2292 3038 2373; x_wconf 85' lang='lat' dir='ltr'>Respondi,</span> <span class='ocrx_word' id='word_1_415' title='bbox 3081 2313 3187 2357; x_wconf 91' lang='lat' dir='ltr'>me</span> <span class='ocrx_word' id='word_1_416' title='bbox 3229 2292 3563 2374; x_wconf 87' lang='lat' dir='ltr'>aliquanto</span> <span class='ocrx_word' id='word_1_417' title='bbox 3603 2295 3752 2377; x_wconf 92' lang='lat' dir='ltr'>plus</span> <span class='ocrx_word' id='word_1_418' title='bbox 3794 2294 3990 2362; x_wconf 90' lang='lat' dir='ltr'>hodie</span> <span class='ocrx_word' id='word_1_419' title='bbox 4033 2320 4176 2382; x_wconf 89' lang='lat' dir='ltr'>spe·</span> 
     </span>
     <span class='ocr_line' id='line_1_65' title="bbox 2224 2376 4176 2465; baseline 0.004 -23"><span class='ocrx_word' id='word_1_420' title='bbox 2224 2399 2393 2455; x_wconf 88' lang='lat' dir='ltr'>rare,</span> <span class='ocrx_word' id='word_1_421' title='bbox 2439 2376 2610 2460; x_wconf 90' lang='lat' dir='ltr'>quod</span> <span class='ocrx_word' id='word_1_422' title='bbox 2645 2377 2970 2459; x_wconf 87' lang='lat' dir='ltr'>principes</span> <span class='ocrx_word' id='word_1_423' title='bbox 3006 2378 3216 2443; x_wconf 87' lang='lat' dir='ltr'>nostri</span> <span class='ocrx_word' id='word_1_424' title='bbox 3251 2400 3385 2443; x_wconf 90' lang='lat' dir='ltr'>non</span> <span class='ocrx_word' id='word_1_425' title='bbox 3420 2378 3712 2445; x_wconf 89' lang='lat' dir='ltr'>obscuris</span> <span class='ocrx_word' id='word_1_426' title='bbox 3747 2383 3954 2465; x_wconf 85' lang='lat' dir='ltr'>signis</span> <span class='ocrx_word' id='word_1_427' title='bbox 3991 2406 4176 2450; x_wconf 87' lang='lat' dir='ltr'>suam</span> 
     </span>
     <span class='ocr_line' id='line_1_66' title="bbox 2227 2461 4183 2537; baseline 0.004 -8"><span class='ocrx_word' id='word_1_428' title='bbox 2227 2484 2268 2529; x_wconf 92' lang='lat' dir='ltr'>a</span> <span class='ocrx_word' id='word_1_429' title='bbox 2288 2461 2571 2529; x_wconf 82' lang='lat' dir='ltr'>Caesare</span> <span class='ocrx_word' id='word_1_430' title='bbox 2584 2464 2642 2537; x_wconf 73' lang='grc'>2)</span> <span class='ocrx_word' id='word_1_431' title='bbox 2681 2461 3138 2527; x_wconf 88' lang='lat' dir='ltr'>alienationem</span> <span class='ocrx_word' id='word_1_432' title='bbox 3164 2462 3783 2533; x_wconf 85' lang='lat' dir='ltr'>demonstraverint.</span> <span class='ocrx_word' id='word_1_433' title='bbox 3827 2468 4183 2536; x_wconf 89' lang='lat' dir='ltr'>Praeterea</span> 
     </span>
     <span class='ocr_line' id='line_1_67' title="bbox 2227 2548 4182 2635; baseline 0.005 -22"><span class='ocrx_word' id='word_1_434' title='bbox 2227 2549 2602 2613; x_wconf 89' lang='lat' dir='ltr'>admonitus</span> <span class='ocrx_word' id='word_1_435' title='bbox 2637 2568 2836 2626; x_wconf 91' lang='lat' dir='ltr'>eram,</span> <span class='ocrx_word' id='word_1_436' title='bbox 2884 2570 3026 2613; x_wconf 90' lang='lat' dir='ltr'>esse</span> <span class='ocrx_word' id='word_1_437' title='bbox 3050 2548 3468 2615; x_wconf 84' lang='lat' dir='ltr'>Wormaciae</span> <span class='ocrx_word' id='word_1_438' title='bbox 3488 2549 3544 2635; x_wconf 79' lang='lat'>⁸)</span> <span class='ocrx_word' id='word_1_439' title='bbox 3579 2552 3910 2634; x_wconf 86' lang='lat' dir='ltr'>quendam</span> <span class='ocrx_word' id='word_1_440' title='bbox 3945 2575 3985 2618; x_wconf 90' lang='lat' dir='ltr'>a</span> <span class='ocrx_word' id='word_1_441' title='bbox 4018 2556 4182 2622; x_wconf 90' lang='lat' dir='ltr'>Del-</span> 
     </span>
     <span class='ocr_line' id='line_1_68' title="bbox 2228 2633 4179 2723; baseline 0.004 -25"><span class='ocrx_word' id='word_1_442' title='bbox 2228 2634 2435 2719; x_wconf 89' lang='lat' dir='ltr'>phino</span> <span class='ocrx_word' id='word_1_443' title='bbox 2490 2634 2766 2698; x_wconf 91' lang='lat' dir='ltr'>missum</span> <span class='ocrx_word' id='word_1_444' title='bbox 2824 2634 2937 2715; x_wconf 87' lang='lat' dir='ltr'>qui</span> <span class='ocrx_word' id='word_1_445' title='bbox 2994 2633 3205 2698; x_wconf 88' lang='lat' dir='ltr'>multa</span> <span class='ocrx_word' id='word_1_446' title='bbox 3259 2636 3615 2716; x_wconf 87' lang='lat' dir='ltr'>promittat.</span> <span class='ocrx_word' id='word_1_447' title='bbox 3698 2638 3871 2703; x_wconf 94' lang='lat' dir='ltr'>Novi</span> <span class='ocrx_word' id='word_1_448' title='bbox 3916 2639 4179 2723; x_wconf 90' lang='lat' dir='ltr'>quidem</span> 
     </span>
     <span class='ocr_line' id='line_1_69' title="bbox 2230 2716 4181 2803; baseline 0.003 -17"><span class='ocrx_word' id='word_1_449' title='bbox 2230 2720 2512 2786; x_wconf 86' lang='lat' dir='ltr'>aulicam</span> <span class='ocrx_word' id='word_1_450' title='bbox 2559 2720 2937 2784; x_wconf 89' lang='lat' dir='ltr'>vanitatem.</span> <span class='ocrx_word' id='word_1_451' title='bbox 3018 2716 3153 2784; x_wconf 82' lang='lat' dir='ltr'>Sed</span> <span class='ocrx_word' id='word_1_452' title='bbox 3195 2720 3407 2784; x_wconf 88' lang='lat' dir='ltr'>facere</span> <span class='ocrx_word' id='word_1_453' title='bbox 3451 2722 3817 2803; x_wconf 87' lang='lat' dir='ltr'>periculum</span> <span class='ocrx_word' id='word_1_454' title='bbox 3863 2724 4028 2789; x_wconf 89' lang='lat' dir='ltr'>nihil</span> <span class='ocrx_word' id='word_1_455' title='bbox 4072 2749 4181 2791; x_wconf 86' lang='lat' dir='ltr'>no·</span> 
     </span>
     <span class='ocr_line' id='line_1_70' title="bbox 2230 2803 4183 2894; baseline 0.003 -21"><span class='ocrx_word' id='word_1_456' title='bbox 2230 2807 2416 2873; x_wconf 88' lang='lat' dir='ltr'>cebit.</span> <span class='ocrx_word' id='word_1_457' title='bbox 2462 2806 2613 2869; x_wconf 88' lang='lat' dir='ltr'>Non</span> <span class='ocrx_word' id='word_1_458' title='bbox 2655 2824 3001 2889; x_wconf 86' lang='lat' dir='ltr'>negassem</span> <span class='ocrx_word' id='word_1_459' title='bbox 3044 2803 3220 2887; x_wconf 91' lang='lat' dir='ltr'>quod</span> <span class='ocrx_word' id='word_1_460' title='bbox 3262 2826 3301 2869; x_wconf 90' lang='lat' dir='ltr'>a</span> <span class='ocrx_word' id='word_1_461' title='bbox 3345 2826 3450 2870; x_wconf 92' lang='lat' dir='ltr'>me</span> <span class='ocrx_word' id='word_1_462' title='bbox 3494 2808 3917 2875; x_wconf 88' lang='lat' dir='ltr'>vehementer</span> <span class='ocrx_word' id='word_1_463' title='bbox 3959 2821 4183 2894; x_wconf 88' lang='lat' dir='ltr'>postu-</span> 
     </span>
     <span class='ocr_line' id='line_1_71' title="bbox 2229 2890 4184 2982; baseline 0.003 -24"><span class='ocrx_word' id='word_1_464' title='bbox 2229 2892 2460 2958; x_wconf 89' lang='lat' dir='ltr'>labant</span> <span class='ocrx_word' id='word_1_465' title='bbox 2475 2941 2492 2972; x_wconf 90' lang='lat'>,</span> <span class='ocrx_word' id='word_1_466' title='bbox 2537 2901 2613 2956; x_wconf 91' lang='lat' dir='ltr'>ut</span> <span class='ocrx_word' id='word_1_467' title='bbox 2656 2891 2828 2956; x_wconf 91' lang='lat' dir='ltr'>hanc</span> <span class='ocrx_word' id='word_1_468' title='bbox 2868 2890 3335 2973; x_wconf 86' lang='lat' dir='ltr'>profectionem</span> <span class='ocrx_word' id='word_1_469' title='bbox 3381 2891 3776 2975; x_wconf 88' lang='lat' dir='ltr'>susciperem</span> <span class='ocrx_word' id='word_1_470' title='bbox 3794 2945 3812 2972; x_wconf 89' lang='lat'>,</span> <span class='ocrx_word' id='word_1_471' title='bbox 3858 2896 3987 2961; x_wconf 90' lang='lat' dir='ltr'>nisi</span> <span class='ocrx_word' id='word_1_472' title='bbox 4032 2920 4184 2982; x_wconf 89' lang='lat' dir='ltr'>cap-</span> 
     </span>
     <span class='ocr_line' id='line_1_72' title="bbox 2232 2975 4180 3052; baseline 0.005 -10"><span class='ocrx_word' id='word_1_473' title='bbox 2232 2979 2408 3051; x_wconf 77' lang='lat' dir='ltr'>tivus</span> <span class='ocrx_word' id='word_1_474' title='bbox 2467 2975 2680 3042; x_wconf 86' lang='lat' dir='ltr'>adhuc</span> <span class='ocrx_word' id='word_1_475' title='bbox 2729 2986 3008 3042; x_wconf 88' lang='lat' dir='ltr'>tenerer.</span> <span class='ocrx_word' id='word_1_476' title='bbox 3097 2976 3199 3040; x_wconf 86' lang='lat' dir='ltr'>Ita</span> <span class='ocrx_word' id='word_1_477' title='bbox 3251 2975 3431 3041; x_wconf 83' lang='lat' dir='ltr'>lenta</span> <span class='ocrx_word' id='word_1_478' title='bbox 3485 2990 3586 3041; x_wconf 91' lang='lat' dir='ltr'>est</span> <span class='ocrx_word' id='word_1_479' title='bbox 3640 2981 3852 3045; x_wconf 89' lang='lat' dir='ltr'>morbi</span> <span class='ocrx_word' id='word_1_480' title='bbox 3910 2987 4180 3052; x_wconf 82' lang='lat' dir='ltr'>curatio,</span> 
     </span>
     <span class='ocr_line' id='line_1_73' title="bbox 2231 3060 4186 3150; baseline 0.004 -22"><span class='ocrx_word' id='word_1_481' title='bbox 2231 3063 2373 3130; x_wconf 81' lang='lat' dir='ltr'>Vix</span> <span class='ocrx_word' id='word_1_482' title='bbox 2416 3065 2548 3131; x_wconf 91' lang='lat' dir='ltr'>scio</span> <span class='ocrx_word' id='word_1_483' title='bbox 2592 3060 2747 3148; x_wconf 91' lang='lat' dir='ltr'>quid</span> <span class='ocrx_word' id='word_1_484' title='bbox 2792 3061 3113 3129; x_wconf 89' lang='lat' dir='ltr'>hactenus</span> <span class='ocrx_word' id='word_1_485' title='bbox 3169 3062 3605 3146; x_wconf 85' lang='lat' dir='ltr'>promoverim</span> <span class='ocrx_word' id='word_1_486' title='bbox 3625 3115 3641 3142; x_wconf 93' lang='lat'>‚</span> <span class='ocrx_word' id='word_1_487' title='bbox 3696 3064 3825 3130; x_wconf 89' lang='lat' dir='ltr'>nisi</span> <span class='ocrx_word' id='word_1_488' title='bbox 3867 3068 4040 3150; x_wconf 91' lang='lat' dir='ltr'>quod</span> <span class='ocrx_word' id='word_1_489' title='bbox 4084 3091 4186 3136; x_wconf 90' lang='lat' dir='ltr'>se-</span> 
     </span>
     <span class='ocr_line' id='line_1_74' title="bbox 2234 3148 4186 3233; baseline 0.002 -17"><span class='ocrx_word' id='word_1_490' title='bbox 2234 3150 2371 3216; x_wconf 88' lang='lat' dir='ltr'>dati</span> <span class='ocrx_word' id='word_1_491' title='bbox 2434 3157 2594 3215; x_wconf 91' lang='lat' dir='ltr'>sunt</span> <span class='ocrx_word' id='word_1_492' title='bbox 2658 3149 2929 3215; x_wconf 89' lang='lat' dir='ltr'>dolores.</span> <span class='ocrx_word' id='word_1_493' title='bbox 3014 3148 3161 3214; x_wconf 88' lang='lat' dir='ltr'>Has</span> <span class='ocrx_word' id='word_1_494' title='bbox 3220 3148 3428 3233; x_wconf 82' lang='lat' dir='ltr'>igitur</span> <span class='ocrx_word' id='word_1_495' title='bbox 3489 3158 3712 3232; x_wconf 90' lang='lat' dir='ltr'>partes</span> <span class='ocrx_word' id='word_1_496' title='bbox 3780 3151 3851 3216; x_wconf 90' lang='lat' dir='ltr'>iu</span> <span class='ocrx_word' id='word_1_497' title='bbox 3906 3153 4186 3220; x_wconf 87' lang='lat' dir='ltr'>alterum</span> 
     </span>
     <span class='ocr_line' id='line_1_75' title="bbox 2233 3234 4187 3323; baseline 0.002 -21"><span class='ocrx_word' id='word_1_498' title='bbox 2233 3245 2530 3302; x_wconf 90' lang='lat' dir='ltr'>vestrum</span> <span class='ocrx_word' id='word_1_499' title='bbox 2573 3236 2787 3314; x_wconf 91' lang='lat' dir='ltr'>reieci,</span> <span class='ocrx_word' id='word_1_500' title='bbox 2834 3235 2965 3300; x_wconf 86' lang='lat' dir='ltr'>utri</span> <span class='ocrx_word' id='word_1_501' title='bbox 3009 3234 3259 3300; x_wconf 90' lang='lat' dir='ltr'>scilicet</span> <span class='ocrx_word' id='word_1_502' title='bbox 3292 3235 3419 3300; x_wconf 88' lang='lat' dir='ltr'>erit</span> <span class='ocrx_word' id='word_1_503' title='bbox 3452 3235 3871 3302; x_wconf 88' lang='lat' dir='ltr'>commodius.</span> <span class='ocrx_word' id='word_1_504' title='bbox 3940 3237 4187 3323; x_wconf 83' lang='lat' dir='ltr'>Sump-</span> 
     </span>
     <span class='ocr_line' id='line_1_76' title="bbox 2234 3317 4186 3405; baseline 0.003 -18"><span class='ocrx_word' id='word_1_505' title='bbox 2234 3331 2344 3387; x_wconf 92' lang='lat' dir='ltr'>tus</span> <span class='ocrx_word' id='word_1_506' title='bbox 2386 3322 2496 3387; x_wconf 89' lang='lat' dir='ltr'>hic</span> <span class='ocrx_word' id='word_1_507' title='bbox 2538 3321 2958 3388; x_wconf 88' lang='lat' dir='ltr'>ministrabit.</span> <span class='ocrx_word' id='word_1_508' title='bbox 3050 3320 3380 3401; x_wconf 75' lang='lat' dir='ltr'>Quoniam</span> <span class='ocrx_word' id='word_1_509' title='bbox 3431 3317 3725 3386; x_wconf 84' lang='lat' dir='ltr'>Bernam</span> <span class='ocrx_word' id='word_1_510' title='bbox 3778 3326 4186 3405; x_wconf 89' lang='lat' dir='ltr'>profecturus</span> 
     </span>
     <span class='ocr_line' id='line_1_77' title="bbox 2234 3407 4190 3494; baseline 0.002 -21"><span class='ocrx_word' id='word_1_511' title='bbox 2234 3429 2324 3486; x_wconf 89' lang='lat' dir='ltr'>es,</span> <span class='ocrx_word' id='word_1_512' title='bbox 2342 3411 2403 3484; x_wconf 85' lang='lat'>⁴)</span> <span class='ocrx_word' id='word_1_513' title='bbox 2444 3408 2667 3484; x_wconf 79' lang='lat' dir='ltr'>Virete,</span> <span class='ocrx_word' id='word_1_514' title='bbox 2706 3408 2764 3473; x_wconf 93' lang='lat' dir='ltr'>si</span> <span class='ocrx_word' id='word_1_515' title='bbox 2799 3407 2916 3473; x_wconf 90' lang='lat' dir='ltr'>tibi</span> <span class='ocrx_word' id='word_1_516' title='bbox 2952 3413 3221 3471; x_wconf 89' lang='lat' dir='ltr'>senatus</span> <span class='ocrx_word' id='word_1_517' title='bbox 3255 3408 3641 3490; x_wconf 87' lang='lat' dir='ltr'>permiserit,</span> <span class='ocrx_word' id='word_1_518' title='bbox 3680 3408 3887 3474; x_wconf 90' lang='lat' dir='ltr'>levari</span> <span class='ocrx_word' id='word_1_519' title='bbox 3906 3431 4190 3494; x_wconf 89' lang='lat' dir='ltr'>aequum</span> 
     </span>
     <span class='ocr_line' id='line_1_78' title="bbox 2235 3492 4190 3575; baseline 0.003 -17"><span class='ocrx_word' id='word_1_520' title='bbox 2235 3500 2337 3558; x_wconf 92' lang='lat' dir='ltr'>est</span> <span class='ocrx_word' id='word_1_521' title='bbox 2356 3492 2473 3558; x_wconf 89' lang='lat' dir='ltr'>abs</span> <span class='ocrx_word' id='word_1_522' title='bbox 2494 3500 2561 3557; x_wconf 90' lang='lat' dir='ltr'>te</span> <span class='ocrx_word' id='word_1_523' title='bbox 2583 3492 2918 3559; x_wconf 79' lang='lat' dir='ltr'>Farellum</span> <span class='ocrx_word' id='word_1_524' title='bbox 2940 3500 3238 3558; x_wconf 91' lang='lat' dir='ltr'>nostrum</span> <span class='ocrx_word' id='word_1_525' title='bbox 3263 3492 3387 3558; x_wconf 89' lang='lat' dir='ltr'>hac</span> <span class='ocrx_word' id='word_1_526' title='bbox 3408 3493 3724 3559; x_wconf 90' lang='lat' dir='ltr'>molestia.</span> <span class='ocrx_word' id='word_1_527' title='bbox 3772 3493 3966 3575; x_wconf 78' lang='lat' dir='ltr'>Quod</span> <span class='ocrx_word' id='word_1_528' title='bbox 3988 3497 4046 3562; x_wconf 92' lang='lat' dir='ltr'>si</span> <span class='ocrx_word' id='word_1_529' title='bbox 4070 3498 4190 3563; x_wconf 90' lang='lat' dir='ltr'>tibi</span> 
     </span>
     <span class='ocr_line' id='line_1_79' title="bbox 2237 3577 4190 3667; baseline 0.003 -24"><span class='ocrx_word' id='word_1_530' title='bbox 2237 3599 2368 3643; x_wconf 89' lang='lat' dir='ltr'>non</span> <span class='ocrx_word' id='word_1_531' title='bbox 2388 3578 2518 3642; x_wconf 90' lang='lat' dir='ltr'>erit</span> <span class='ocrx_word' id='word_1_532' title='bbox 2538 3578 2837 3656; x_wconf 88' lang='lat' dir='ltr'>liberum,</span> <span class='ocrx_word' id='word_1_533' title='bbox 2876 3577 3175 3643; x_wconf 79' lang='lat' dir='ltr'>Farellus</span> <span class='ocrx_word' id='word_1_534' title='bbox 3194 3578 3355 3660; x_wconf 90' lang='lat' dir='ltr'>ipse,</span> <span class='ocrx_word' id='word_1_535' title='bbox 3393 3579 3546 3658; x_wconf 90' lang='lat' dir='ltr'>scio,</span> <span class='ocrx_word' id='word_1_536' title='bbox 3583 3599 3798 3662; x_wconf 88' lang='lat' dir='ltr'>neque</span> <span class='ocrx_word' id='word_1_537' title='bbox 3821 3580 3944 3646; x_wconf 92' lang='lat' dir='ltr'>sibi</span> <span class='ocrx_word' id='word_1_538' title='bbox 3978 3604 4190 3667; x_wconf 89' lang='lat' dir='ltr'>neque</span> 
     </span>
     <span class='ocr_line' id='line_1_80' title="bbox 2238 3662 4187 3748; baseline 0.003 -19"><span class='ocrx_word' id='word_1_539' title='bbox 2238 3664 2438 3729; x_wconf 85' lang='lat' dir='ltr'>aetati</span> <span class='ocrx_word' id='word_1_540' title='bbox 2472 3684 2629 3730; x_wconf 88' lang='lat' dir='ltr'>suae</span> <span class='ocrx_word' id='word_1_541' title='bbox 2663 3672 2904 3748; x_wconf 90' lang='lat' dir='ltr'>parcet.</span> <span class='ocrx_word' id='word_1_542' title='bbox 2964 3663 3164 3729; x_wconf 81' lang='lat' dir='ltr'>Certe</span> <span class='ocrx_word' id='word_1_543' title='bbox 3198 3662 3366 3727; x_wconf 88' lang='lat' dir='ltr'>alter</span> <span class='ocrx_word' id='word_1_544' title='bbox 3407 3665 3673 3728; x_wconf 91' lang='lat' dir='ltr'>omnino</span> <span class='ocrx_word' id='word_1_545' title='bbox 3718 3667 3842 3730; x_wconf 87' lang='lat' dir='ltr'>erit</span> <span class='ocrx_word' id='word_1_546' title='bbox 3886 3688 4187 3735; x_wconf 89' lang='lat' dir='ltr'>necessa-</span> 
     </span>
     <span class='ocr_line' id='line_1_81' title="bbox 2236 3748 4189 3833; baseline 0.002 -17"><span class='ocrx_word' id='word_1_547' title='bbox 2236 3751 2396 3816; x_wconf 86' lang='lat' dir='ltr'>rius.</span> <span class='ocrx_word' id='word_1_548' title='bbox 2489 3748 2967 3829; x_wconf 80' lang='lat' dir='ltr'>Quamobrem,</span> <span class='ocrx_word' id='word_1_549' title='bbox 3027 3750 3082 3814; x_wconf 93' lang='lat' dir='ltr'>si</span> <span class='ocrx_word' id='word_1_550' title='bbox 3131 3749 3335 3814; x_wconf 71' lang='lat' dir='ltr'>Vireto</span> <span class='ocrx_word' id='word_1_551' title='bbox 3378 3750 3727 3833; x_wconf 82' lang='lat' dir='ltr'>negabitur</span> <span class='ocrx_word' id='word_1_552' title='bbox 3768 3765 4189 3833; x_wconf 87' lang='lat' dir='ltr'>commeatus,</span> 
     </span>
     <span class='ocr_line' id='line_1_82' title="bbox 2237 3834 4190 3921; baseline 0.003 -21"><span class='ocrx_word' id='word_1_553' title='bbox 2237 3856 2396 3901; x_wconf 90' lang='lat' dir='ltr'>cave</span> <span class='ocrx_word' id='word_1_554' title='bbox 2441 3835 2629 3913; x_wconf 88' lang='lat' dir='ltr'>desis,</span> <span class='ocrx_word' id='word_1_555' title='bbox 2677 3834 2943 3901; x_wconf 81' lang='lat' dir='ltr'>Farelle.</span> <span class='ocrx_word' id='word_1_556' title='bbox 3032 3834 3250 3917; x_wconf 91' lang='lat' dir='ltr'>Prope</span> <span class='ocrx_word' id='word_1_557' title='bbox 3294 3836 3472 3899; x_wconf 90' lang='lat' dir='ltr'>enim</span> <span class='ocrx_word' id='word_1_558' title='bbox 3514 3835 3827 3902; x_wconf 86' lang='lat' dir='ltr'>fratribus</span> <span class='ocrx_word' id='word_1_559' title='bbox 3870 3840 4190 3921; x_wconf 92' lang='lat' dir='ltr'>spopondi</span> 
     </span>
     <span class='ocr_line' id='line_1_83' title="bbox 2239 3919 4189 4004; baseline 0.003 -17"><span class='ocrx_word' id='word_1_560' title='bbox 2239 3928 2460 3987; x_wconf 86' lang='lat' dir='ltr'>vestro</span> <span class='ocrx_word' id='word_1_561' title='bbox 2504 3922 2786 3987; x_wconf 90' lang='lat' dir='ltr'>nomine.</span> <span class='ocrx_word' id='word_1_562' title='bbox 2875 3919 3111 3986; x_wconf 85' lang='lat' dir='ltr'>Fidem</span> <span class='ocrx_word' id='word_1_563' title='bbox 3155 3921 3358 4004; x_wconf 85' lang='lat' dir='ltr'>igitur</span> <span class='ocrx_word' id='word_1_564' title='bbox 3401 3943 3441 3986; x_wconf 91' lang='lat' dir='ltr'>a</span> <span class='ocrx_word' id='word_1_565' title='bbox 3484 3942 3589 3986; x_wconf 89' lang='lat' dir='ltr'>me</span> <span class='ocrx_word' id='word_1_566' title='bbox 3633 3921 3886 3999; x_wconf 87' lang='lat' dir='ltr'>datam,</span> <span class='ocrx_word' id='word_1_567' title='bbox 3930 3927 4189 3993; x_wconf 90' lang='lat' dir='ltr'>etiamsi</span> 
     </span>
     <span class='ocr_line' id='line_1_84' title="bbox 2238 4008 4188 4090; baseline 0.002 -17"><span class='ocrx_word' id='word_1_568' title='bbox 2238 4018 2502 4085; x_wconf 88' lang='lat' dir='ltr'>temere,</span> <span class='ocrx_word' id='word_1_569' title='bbox 2547 4015 2883 4090; x_wconf 80' lang='lat' dir='ltr'>praestare</span> <span class='ocrx_word' id='word_1_570' title='bbox 2927 4014 3219 4073; x_wconf 90' lang='lat' dir='ltr'>vestrum</span> <span class='ocrx_word' id='word_1_571' title='bbox 3264 4016 3383 4071; x_wconf 90' lang='lat' dir='ltr'>est.</span> <span class='ocrx_word' id='word_1_572' title='bbox 3469 4008 3678 4072; x_wconf 86' lang='lat' dir='ltr'>Porro</span> <span class='ocrx_word' id='word_1_573' title='bbox 3721 4009 3876 4090; x_wconf 88' lang='lat' dir='ltr'>quia</span> <span class='ocrx_word' id='word_1_574' title='bbox 3917 4010 4188 4084; x_wconf 82' lang='lat' dir='ltr'>frustra,</span> 
     </span>
     <span class='ocr_line' id='line_1_85' title="bbox 2237 4092 4191 4180; baseline 0.003 -21"><span class='ocrx_word' id='word_1_575' title='bbox 2237 4102 2313 4159; x_wconf 92' lang='lat' dir='ltr'>ut</span> <span class='ocrx_word' id='word_1_576' title='bbox 2356 4092 2549 4158; x_wconf 90' lang='lat' dir='ltr'>hodie</span> <span class='ocrx_word' id='word_1_577' title='bbox 2591 4101 2803 4157; x_wconf 85' lang='lat' dir='ltr'>status</span> <span class='ocrx_word' id='word_1_578' title='bbox 2845 4099 2946 4156; x_wconf 91' lang='lat' dir='ltr'>est</span> <span class='ocrx_word' id='word_1_579' title='bbox 2988 4093 3196 4176; x_wconf 89' lang='lat' dir='ltr'>regni,</span> <span class='ocrx_word' id='word_1_580' title='bbox 3244 4113 3282 4156; x_wconf 87' lang='lat' dir='ltr'>a</span> <span class='ocrx_word' id='word_1_581' title='bbox 3315 4092 3503 4175; x_wconf 85' lang='lat' dir='ltr'>Rege</span> <span class='ocrx_word' id='word_1_582' title='bbox 3538 4093 3986 4174; x_wconf 88' lang='lat' dir='ltr'>postularetur</span> <span class='ocrx_word' id='word_1_583' title='bbox 4018 4100 4191 4180; x_wconf 92' lang='lat' dir='ltr'>quod</span> 
     </span>
     <span class='ocr_line' id='line_1_86' title="bbox 2238 4178 4191 4262; baseline 0.003 -18"><span class='ocrx_word' id='word_1_584' title='bbox 2238 4187 2472 4262; x_wconf 91' lang='lat' dir='ltr'>sponte</span> <span class='ocrx_word' id='word_1_585' title='bbox 2526 4178 2740 4243; x_wconf 88' lang='lat' dir='ltr'>facere</span> <span class='ocrx_word' id='word_1_586' title='bbox 2785 4178 3134 4256; x_wconf 90' lang='lat' dir='ltr'>debuerat,</span> <span class='ocrx_word' id='word_1_587' title='bbox 3194 4178 3316 4243; x_wconf 90' lang='lat' dir='ltr'>hoc</span> <span class='ocrx_word' id='word_1_588' title='bbox 3370 4178 3603 4243; x_wconf 88' lang='lat' dir='ltr'>saltem</span> <span class='ocrx_word' id='word_1_589' title='bbox 3650 4181 4001 4262; x_wconf 88' lang='lat' dir='ltr'>petendum</span> <span class='ocrx_word' id='word_1_590' title='bbox 4045 4203 4191 4250; x_wconf 84' lang='lat' dir='ltr'>ceu-</span> 
     </span>
     <span class='ocr_line' id='line_1_87' title="bbox 2237 4264 4190 4352; baseline 0.003 -21"><span class='ocrx_word' id='word_1_591' title='bbox 2237 4266 2487 4331; x_wconf 89' lang='lat' dir='ltr'>suimus</span> <span class='ocrx_word' id='word_1_592' title='bbox 2545 4272 2622 4329; x_wconf 89' lang='lat' dir='ltr'>ut</span> <span class='ocrx_word' id='word_1_593' title='bbox 2676 4264 3117 4348; x_wconf 83' lang='lat' dir='ltr'>cognitionem</span> <span class='ocrx_word' id='word_1_594' title='bbox 3175 4264 3315 4347; x_wconf 88' lang='lat' dir='ltr'>ipse</span> <span class='ocrx_word' id='word_1_595' title='bbox 3372 4264 3698 4347; x_wconf 89' lang='lat' dir='ltr'>suscipiat.</span> <span class='ocrx_word' id='word_1_596' title='bbox 3790 4266 3936 4333; x_wconf 90' lang='lat' dir='ltr'>Hoc</span> <span class='ocrx_word' id='word_1_597' title='bbox 3993 4290 4190 4352; x_wconf 86' lang='lat' dir='ltr'>porro</span> 
     </span>
     <span class='ocr_line' id='line_1_88' title="bbox 2238 4349 4189 4436; baseline 0.003 -21"><span class='ocrx_word' id='word_1_598' title='bbox 2238 4351 2365 4415; x_wconf 88' lang='lat' dir='ltr'>erit</span> <span class='ocrx_word' id='word_1_599' title='bbox 2385 4350 2583 4416; x_wconf 90' lang='lat' dir='ltr'>curiis</span> <span class='ocrx_word' id='word_1_600' title='bbox 2607 4349 3001 4414; x_wconf 89' lang='lat' dir='ltr'>interdicere</span> <span class='ocrx_word' id='word_1_601' title='bbox 3023 4371 3107 4414; x_wconf 91' lang='lat' dir='ltr'>ne</span> <span class='ocrx_word' id='word_1_602' title='bbox 3131 4359 3542 4433; x_wconf 88' lang='lat' dir='ltr'>cognoscant,</span> <span class='ocrx_word' id='word_1_603' title='bbox 3579 4349 3815 4415; x_wconf 86' lang='lat' dir='ltr'>deinde</span> <span class='ocrx_word' id='word_1_604' title='bbox 3852 4363 3926 4416; x_wconf 92' lang='lat' dir='ltr'>ut</span> <span class='ocrx_word' id='word_1_605' title='bbox 3949 4374 4189 4436; x_wconf 87' lang='lat' dir='ltr'>aequos</span> 
     </span>
     <span class='ocr_line' id='line_1_89' title="bbox 2233 4433 4187 4518; baseline 0.002 -17"><span class='ocrx_word' id='word_1_606' title='bbox 2233 4436 2486 4501; x_wconf 88' lang='lat' dir='ltr'>iudices</span> <span class='ocrx_word' id='word_1_607' title='bbox 2530 4443 2720 4501; x_wconf 89' lang='lat' dir='ltr'>extra</span> <span class='ocrx_word' id='word_1_608' title='bbox 2761 4435 3054 4501; x_wconf 88' lang='lat' dir='ltr'>ordinem</span> <span class='ocrx_word' id='word_1_609' title='bbox 3101 4436 3412 4499; x_wconf 88' lang='lat' dir='ltr'>nominet.</span> <span class='ocrx_word' id='word_1_610' title='bbox 3477 4433 3554 4500; x_wconf 78' lang='lat' dir='ltr'>Si</span> <span class='ocrx_word' id='word_1_611' title='bbox 3600 4435 3723 4501; x_wconf 90' lang='lat' dir='ltr'>hoc</span> <span class='ocrx_word' id='word_1_612' title='bbox 3768 4437 4187 4518; x_wconf 89' lang='lat' dir='ltr'>obtinebitur,</span> 
     </span>
     <span class='ocr_line' id='line_1_90' title="bbox 2234 4519 4188 4606; baseline 0.002 -19"><span class='ocrx_word' id='word_1_613' title='bbox 2234 4521 2521 4587; x_wconf 90' lang='lat' dir='ltr'>multum</span> <span class='ocrx_word' id='word_1_614' title='bbox 2565 4520 2765 4585; x_wconf 88' lang='lat' dir='ltr'>fuerit</span> <span class='ocrx_word' id='word_1_615' title='bbox 2805 4522 3187 4605; x_wconf 88' lang='lat' dir='ltr'>profectum.</span> <span class='ocrx_word' id='word_1_616' title='bbox 3275 4519 3573 4587; x_wconf 88' lang='lat' dir='ltr'>Ulterius</span> <span class='ocrx_word' id='word_1_617' title='bbox 3616 4523 3737 4585; x_wconf 89' lang='lat' dir='ltr'>niti</span> <span class='ocrx_word' id='word_1_618' title='bbox 3757 4573 3773 4600; x_wconf 99' lang='lat'>,</span> <span class='ocrx_word' id='word_1_619' title='bbox 3816 4524 3983 4588; x_wconf 91' lang='lat' dir='ltr'>sicut</span> <span class='ocrx_word' id='word_1_620' title='bbox 4025 4525 4188 4606; x_wconf 89' lang='lat' dir='ltr'>dixi,</span> 
     </span>
    </p>
   </div>
   <div class='ocr_carea' id='block_1_23' title="bbox 2237 4679 2648 4689">
    <p class='ocr_par' dir='ltr' id='par_1_24' title="bbox 2237 4679 2648 4689">
     <span class='ocr_line' id='line_1_91' title="bbox 2237 4679 2648 4689; baseline 0 1486"><span class='ocrx_word' id='word_1_621' title='bbox 2237 4679 2648 4689; x_wconf 95' lang='lat' dir='ltr'> </span> 
     </span>
    </p>
   </div>
   <div class='ocr_carea' id='block_1_24' title="bbox 2258 4774 4190 4985">
    <p class='ocr_par' dir='ltr' id='par_1_25' title="bbox 2258 4774 4190 4985">
     <span class='ocr_line' id='line_1_92' title="bbox 2258 4774 4190 4846; baseline -0.002 -11"><span class='ocrx_word' id='word_1_622' title='bbox 2258 4781 2399 4836; x_wconf 75' lang='lat'>¹795.</span> <span class='ocrx_word' id='word_1_623' title='bbox 2441 4780 2495 4844; x_wconf 92' lang='lat' dir='ltr'>l)</span> <span class='ocrx_word' id='word_1_624' title='bbox 2532 4779 2824 4834; x_wconf 71' lang='grc' dir='ltr'><strong><em>Βοηησῠιιε</em></strong></span> <span class='ocrx_word' id='word_1_625' title='bbox 2866 4776 3008 4832; x_wconf 74' lang='lat' dir='ltr'>satis</span> <span class='ocrx_word' id='word_1_626' title='bbox 3045 4774 3409 4845; x_wconf 58' lang='lat' dir='ltr'>probabam,-</span> <span class='ocrx_word' id='word_1_627' title='bbox 3458 4776 3682 4831; x_wconf 75' lang='lat' dir='ltr'>com&#39;icit</span> <span class='ocrx_word' id='word_1_628' title='bbox 3725 4776 3999 4846; x_wconf 77' lang='lat' dir='ltr'>oppidum</span> <span class='ocrx_word' id='word_1_629' title='bbox 4051 4779 4190 4838; x_wconf 63' lang='lat' dir='ltr'>Um</span> 
     </span>
     <span class='ocr_line' id='line_1_93' title="bbox 2444 4914 4188 4985; baseline -0.006 -14"><span class='ocrx_word' id='word_1_630' title='bbox 2444 4917 2503 4985; x_wconf 84' lang='lat'>2)</span> <span class='ocrx_word' id='word_1_631' title='bbox 2552 4918 2591 4970; x_wconf 82' lang='grc' dir='ltr'><em>Δ</em></span> <span class='ocrx_word' id='word_1_632' title='bbox 2670 4915 2761 4970; x_wconf 70' lang='lat' dir='ltr'>lus</span> <span class='ocrx_word' id='word_1_633' title='bbox 2801 4914 2989 4970; x_wconf 50' lang='lat' dir='ltr'>vadit:</span> <span class='ocrx_word' id='word_1_634' title='bbox 3036 4914 3173 4968; x_wconf 82' lang='lat' dir='ltr'>from</span> <span class='ocrx_word' id='word_1_635' title='bbox 3209 4914 3594 4984; x_wconf 80' lang='lat' dir='ltr'>imprisoning‚</span> <span class='ocrx_word' id='word_1_636' title='bbox 3641 4914 3828 4970; x_wconf 72' lang='lat' dir='ltr'>nescio</span> <span class='ocrx_word' id='word_1_637' title='bbox 3862 4932 3970 4985; x_wconf 70' lang='lat' dir='ltr'>quo</span> <span class='ocrx_word' id='word_1_638' title='bbox 4002 4920 4188 4976; x_wconf 62' lang='lat' dir='ltr'>oculo..</span> 
     </span>
    </p>
   </div>
   <div class='ocr_carea' id='block_1_25' title="bbox 2235 5002 4190 5469">
    <p class='ocr_par' dir='ltr' id='par_1_26' title="bbox 2398 5002 2893 5042">
     <span class='ocr_line' id='line_1_94' title="bbox 2398 5002 2893 5042; baseline -0.008 0"><span class='ocrx_word' id='word_1_639' title='bbox 2398 5002 2586 5042; x_wconf 73' lang='lat' dir='ltr'>more</span> <span class='ocrx_word' id='word_1_640' title='bbox 2878 5024 2893 5038; x_wconf 95' lang='lat'>.</span> 
     </span>
    </p>

    <p class='ocr_par' dir='ltr' id='par_1_27' title="bbox 2235 5050 4190 5469">
     <span class='ocr_line' id='line_1_95' title="bbox 2447 5050 4188 5123; baseline 0.001 -12"><span class='ocrx_word' id='word_1_641' title='bbox 2447 5056 2507 5122; x_wconf 84' lang='lat'>3)</span> <span class='ocrx_word' id='word_1_642' title='bbox 2547 5056 2654 5110; x_wconf 86' lang='lat' dir='ltr'>Ad.</span> <span class='ocrx_word' id='word_1_643' title='bbox 2688 5056 2802 5108; x_wconf 81' lang='lat' dir='ltr'>Cal.</span> <span class='ocrx_word' id='word_1_644' title='bbox 2838 5056 2976 5123; x_wconf 82' lang='lat' dir='ltr'>Apr.</span> <span class='ocrx_word' id='word_1_645' title='bbox 3022 5052 3187 5121; x_wconf 79' lang='lat' dir='ltr'>legati</span> <span class='ocrx_word' id='word_1_646' title='bbox 3234 5052 3657 5121; x_wconf 83' lang='lat' dir='ltr'>protestantium</span> <span class='ocrx_word' id='word_1_647' title='bbox 3692 5050 4031 5109; x_wconf 84' lang='lat' dir='ltr'>Wormaciae</span> <span class='ocrx_word' id='word_1_648' title='bbox 4065 5074 4188 5112; x_wconf 89' lang='lat' dir='ltr'>con·</span> 
     </span>
     <span class='ocr_line' id='line_1_96' title="bbox 2239 5118 4190 5182; baseline 0.001 -2"><span class='ocrx_word' id='word_1_649' title='bbox 2239 5128 2469 5182; x_wconf 83' lang='lat' dir='ltr'>veniunt</span> <span class='ocrx_word' id='word_1_650' title='bbox 2506 5127 2575 5179; x_wconf 91' lang='lat' dir='ltr'>de</span> <span class='ocrx_word' id='word_1_651' title='bbox 2609 5141 2819 5178; x_wconf 85' lang='lat' dir='ltr'>summa</span> <span class='ocrx_word' id='word_1_652' title='bbox 2852 5124 2931 5176; x_wconf 87' lang='lat' dir='ltr'>rei</span> <span class='ocrx_word' id='word_1_653' title='bbox 2967 5121 3280 5175; x_wconf 86' lang='lat' dir='ltr'>consulturi.</span> <span class='ocrx_word' id='word_1_654' title='bbox 3351 5124 3401 5173; x_wconf 84' lang='lat' dir='ltr'>A</span> <span class='ocrx_word' id='word_1_655' title='bbox 3444 5121 3560 5174; x_wconf 82' lang='lat' dir='ltr'>rilis</span> <span class='ocrx_word' id='word_1_656' title='bbox 3596 5120 3646 5173; x_wconf 86' lang='lat' dir='ltr'>d.</span> <span class='ocrx_word' id='word_1_657' title='bbox 3682 5118 3771 5174; x_wconf 81' lang='lat'>23.</span> <span class='ocrx_word' id='word_1_658' title='bbox 3808 5122 4093 5180; x_wconf 86' lang='lat' dir='ltr'>discedunt</span> <span class='ocrx_word' id='word_1_659' title='bbox 4129 5139 4190 5181; x_wconf 89' lang='lat' dir='ltr'>ut</span> 
     </span>
     <span class='ocr_line' id='line_1_97' title="bbox 2241 5188 4189 5262; baseline 0 -12"><span class='ocrx_word' id='word_1_660' title='bbox 2241 5198 2592 5261; x_wconf 83' lang='lat' dir='ltr'>Ratisbonae,</span> <span class='ocrx_word' id='word_1_661' title='bbox 2626 5209 2734 5262; x_wconf 90' lang='lat' dir='ltr'>quo</span> <span class='ocrx_word' id='word_1_662' title='bbox 2769 5190 3210 5262; x_wconf 82' lang='lat' dir='ltr'>proficiscendum</span> <span class='ocrx_word' id='word_1_663' title='bbox 3230 5194 3397 5242; x_wconf 82' lang='lat' dir='ltr'>erata</span> <span class='ocrx_word' id='word_1_664' title='bbox 3419 5188 3691 5258; x_wconf 77' lang='lat' dir='ltr'>ioquinsd</span> <span class='ocrx_word' id='word_1_665' title='bbox 3726 5193 3961 5260; x_wconf 80' lang='lat' dir='ltr'>comitia,</span> <span class='ocrx_word' id='word_1_666' title='bbox 4000 5195 4067 5248; x_wconf 89' lang='lat' dir='ltr'>de</span> <span class='ocrx_word' id='word_1_667' title='bbox 4103 5197 4189 5250; x_wconf 86' lang='lat' dir='ltr'>his</span> 
     </span>
     <span class='ocr_line' id='line_1_98' title="bbox 2244 5255 4187 5336; baseline 0 -17"><span class='ocrx_word' id='word_1_668' title='bbox 2244 5267 2377 5336; x_wconf 90' lang='lat' dir='ltr'>ipsis</span> <span class='ocrx_word' id='word_1_669' title='bbox 2410 5264 2576 5317; x_wconf 88' lang='lat' dir='ltr'>rebus</span> <span class='ocrx_word' id='word_1_670' title='bbox 2611 5262 2917 5316; x_wconf 86' lang='lat' dir='ltr'>deliberent</span> <span class='ocrx_word' id='word_1_671' title='bbox 2953 5257 3150 5325; x_wconf 75' lang='lat' dir='ltr'>(Sleid.</span> <span class='ocrx_word' id='word_1_672' title='bbox 3183 5257 3254 5310; x_wconf 90' lang='lat'>11.</span> <span class='ocrx_word' id='word_1_673' title='bbox 3286 5255 3478 5323; x_wconf 66' lang='lat'>45507‘.</span> <span class='ocrx_word' id='word_1_674' title='bbox 3533 5256 3796 5314; x_wconf 72' lang='lat' dir='ltr'>Seckend.</span> <span class='ocrx_word' id='word_1_675' title='bbox 3817 5277 3874 5329; x_wconf 83' lang='lat' dir='ltr'>p.</span> <span class='ocrx_word' id='word_1_676' title='bbox 3896 5262 4012 5317; x_wconf 89' lang='grc'>616.</span> <span class='ocrx_word' id='word_1_677' title='bbox 4038 5264 4187 5328; x_wconf 87' lang='grc'><strong>619).</strong></span> 
     </span>
     <span class='ocr_line' id='line_1_99' title="bbox 2235 5325 4190 5469; baseline 0.002 -82"><span class='ocrx_word' id='word_1_678' title='bbox 2235 5406 2292 5461; x_wconf 70' lang='lat' dir='ltr'><strong>V</strong></span> <span class='ocrx_word' id='word_1_679' title='bbox 2339 5330 2510 5469; x_wconf 56' lang='lat'><strong>2983)</strong></span> <span class='ocrx_word' id='word_1_680' title='bbox 2545 5330 2623 5387; x_wconf 77' lang='lat' dir='ltr'>ad</span> <span class='ocrx_word' id='word_1_681' title='bbox 2652 5328 3002 5386; x_wconf 70' lang='lat' dir='ltr'>discutienda</span> <span class='ocrx_word' id='word_1_682' title='bbox 3018 5325 3289 5397; x_wconf 68' lang='lat' dir='ltr'>quaedam</span> <span class='ocrx_word' id='word_1_683' title='bbox 3308 5326 3676 5382; x_wconf 74' lang='lat' dir='ltr'>ecclesiactica</span> <span class='ocrx_word' id='word_1_684' title='bbox 3696 5331 3917 5397; x_wconf 65' lang='lat' dir='ltr'>myotia</span> <span class='ocrx_word' id='word_1_685' title='bbox 3940 5331 4190 5399; x_wconf 64' lang='lat' dir='ltr'>(Rudsat</span> 
     </span>
    </p>
   </div>
   <div class='ocr_carea' id='block_1_26' title="bbox 4797 9 4810 1149">
    <p class='ocr_par' dir='ltr' id='par_1_28' title="bbox 4797 9 4810 1149">
     <span class='ocr_line' id='line_1_100' title="bbox 4797 9 4810 1149; baseline 0 0"><span class='ocrx_word' id='word_1_686' title='bbox 4797 9 4810 1149; x_wconf 95' lang='lat' dir='ltr'> </span> 
     </span>
    </p>
   </div>
  </div>
 </body>
</html>
