4825 6175
1522 583 1677 654 886.

1150 735 1581 805 BUCERUS
1626 736 2062 805 CALVINO.

814 909 1071 976 Laudat
1121 929 1263 974 eum
1312 910 1475 991 quod
1526 909 1801 975 visitatis
1848 908 2159 991 fratribus
2199 910 2589 975 concordiam

621 1016 992 1081 promovere
1035 996 1293 1060 studeat.
1385 993 1873 1061 Protestantium
1927 1014 2029 1060 res
2079 996 2362 1077 ipsorum
2399 996 2586 1077 culpa

641 1084 711 1147 in
761 1081 1111 1147 Germania
1168 1081 1373 1147 indies
1429 1082 1499 1145 in
1531 1082 1721 1164 peius
1762 1101 1964 1160 ruere,
2001 1081 2125 1145 imo
2157 1083 2431 1163 pessime
2472 1080 2585 1147 ha-

638 1167 775 1233 bere
816 1166 1117 1249 queritur.

639 1337 868 1460 &Exstat
908 1353 1010 1419 per
1053 1351 1433 1390 amanuensem
1471 1335 1781 1459 Hottingleri
1828 1337 2102 1409 descripta
2145 1340 2203 1393 in
2238 1339 2377 1394 Bibl.
2413 1340 2585 1392 civica

688 1406 921 1459 uricenm
955 1404 1109 1459 MSS.
1147 1405 1207 1457 F.
1243 1401 1313 1457 46
1347 1405 1474 1457 011111
1512 1406 1651 1474 Ερρ.
1733 1442 1747 1456 .
1782 1406 1879 1460 XI.
1915 1425 1987 1477 pa
2024 1447 2036 1458 .
2060 1405 2179 1462 632.
2232 1409 2421 1461 Edidit
2438 1409 2585 1462 Beza

639 1473 775 1529 Gen.
814 1493 864 1544 p.
903 1472 986 1540 74,
1024 1474 1181 1527 Laus.
1217 1490 1271 1543 p.
1311 1471 1424 1539 145,
1461 1474 1671 1527 Hanov.
1707 1491 1763 1556 p.
1799 1473 1919 1538 163,
1954 1426 2163 1530 Chouet
2196 1494 2248 1547 p.
2284 1476 2368 1542 99,
2407 1480 2582 1533 Amet.

637 1560 693 1613 p.
727 1541 813 1597 45.
884 1542 1081 1597 Omisit
1125 1552 1306 1595 tamen
1343 1558 1530 1596 versus
1574 1559 1856 1613 pauciores
1892 1561 2028 1613 quos
2063 1545 2326 1599 Simlerus
2359 1546 2478 1601 Vol.
2513 1543 2583 1598 63

1050 1629 1116 1664 ex
1155 1610 1340 1664 codice
1374 1610 1689 1681 desumptos
1723 1614 1867 1667 solos
1904 1613 2172 1680 exhibet.)

807 1779 977 1845 Mihi
1037 1802 1192 1847 vero
1250 1780 1438 1846 valde
1495 1782 1839 1864 probatur,
1897 1784 2141 1867 optime
2195 1795 2263 1849 et
2315 1785 2583 1851 colende

636 1872 833 1949 atque
867 1866 1198 1932 carissime
1227 1863 1495 1945 Calvine,
1534 1867 1706 1949 quod
1742 1867 1975 1934 fratres
2009 1870 2261 1935 invisis.
2290 1873 2339 1953 ¹)
2393 1870 2584 1936 Nosti

636 1953 814 2016 enim
842 1972 1038 2033 quam
1073 1952 1369 2036 graviter
1402 1952 1752 2035 deplorem,
1796 1953 1976 2019 istud
2011 1958 2303 2021 caritatis
2337 1964 2405 2021 et
2446 1958 2583 2039 pie·-

635 2037 791 2102 tatis
834 2036 1139 2116 officium,
1183 2047 1257 2102 ut
1295 2040 1532 2103 fratres
1566 2050 1635 2102 et
1671 2049 2076 2124 symmystae
2119 2062 2264 2108 sese
2298 2042 2583 2108 invicem

635 2121 1016 2198 inviserent,
1056 2133 1431 2202 monerent,
1491 2124 1998 2202 consolarentur,
2047 2126 2206 2192 adeo
2250 2128 2373 2194 hoc
2418 2136 2580 2194 tem-

634 2228 794 2290 pore
834 2219 1057 2273 nostro
1101 2209 1366 2293 negligi,
1411 2209 1544 2274 imo
1580 2212 1776 2275 etiam
1823 2233 1862 2276 a
1897 2213 2221 2295 plerisque
2265 2213 2578 2281 damnari.

635 2291 899 2374 Quanto
942 2294 1116 2358 enim
1161 2295 1308 2376 plus
1366 2295 1508 2377 piae
1564 2303 1632 2360 et
1671 2291 1980 2362 salutaris
2022 2299 2472 2365 consensionis
2515 2309 2583 2364 et

634 2387 905 2443 mutuae
948 2379 1442 2445 instaurationis
1484 2382 1757 2447 retineri
1801 2384 1974 2447 inter
2019 2404 2135 2448 nos
2181 2394 2460 2467 poterat,
2522 2386 2577 2451 si

632 2463 930 2529 libuisset
973 2466 1375 2546 frequentius
1420 2469 1788 2546 convenire,
1837 2478 1902 2534 et
1945 2469 2016 2532 in
2061 2470 2346 2536 Domino
2405 2472 2579 2536 inter

633 2569 754 2614 nos
812 2551 1030 2614 onmia
1091 2551 1590 2617 communicare.
1706 2554 2030 2619 Dominus
2087 2554 2202 2620 tibi
2249 2556 2450 2636 adsit,
2506 2565 2581 2622 ut

633 2633 808 2718 quod
851 2636 955 2717 pie
997 2636 1370 2712 instituisti,
1429 2638 1516 2702 sit
1561 2638 1756 2702 etiam
1802 2640 2110 2706 fratribus
2153 2641 2577 2708 fructuosum.

631 2720 851 2785 Multa
893 2728 996 2786 est
1038 2722 1360 2786 lentitudo
1417 2724 1591 2787 vitae
1636 2723 1884 2790 Christi
1928 2727 1999 2788 in
2043 2728 2354 2793 membris
2416 2729 2577 2806 eius,

630 2826 1065 2889 magnamque
1108 2808 1248 2889 ipse
1282 2810 1349 2871 in
1386 2807 1519 2874 illis
1562 2828 1755 2893 saepe
1789 2811 2240 2876 infirmitatem
2277 2814 2575 2878 sustinet.

633 2888 826 2971 Quod
867 2892 1054 2956 initio
1096 2892 1246 2957 belli
1292 2903 1425 2958 tam
1460 2895 1674 2972 multi,
1720 2904 1787 2961 et
1830 2918 1979 2962 cum
2026 2897 2129 2962 his
2172 2899 2366 2963 etiam
2414 2919 2578 2983 gens

633 2986 882 3055 vestra,
937 2978 1275 3042 finxerunt
1332 2999 1403 3043 se
1455 2979 1718 3045 credere
1768 2982 2011 3047 bellum
2069 2983 2191 3048 hoc
2249 3004 2383 3048 non
2436 3005 2579 3050 esse

631 3069 883 3127 motum
928 3062 1249 3147 religioni,
1295 3063 1853 3150 prodideruntque
1889 3067 2049 3135 adeo
2088 3069 2323 3135 fratres
2366 3077 2431 3135 et
2474 3091 2577 3137 so-

632 3148 797 3214 cios:
867 3157 933 3212 et
987 3149 1158 3230 quod
1215 3170 1391 3215 nunc
1447 3161 1633 3235 gesto
1687 3151 1889 3233 bello,
1945 3166 2019 3219 ut
2076 3155 2215 3240 geri
2262 3157 2491 3240 potuit,
2539 3178 2579 3221 a

632 3234 1012 3316 gerentibus
1056 3235 1197 3299 sine
1252 3237 1539 3318 auspicio
1583 3239 1850 3304 Domini
1906 3241 2182 3323 quisquc
2226 3262 2341 3323 pro
2395 3264 2467 3308 se
2510 3249 2579 3308 et

630 3319 846 3384 nescio
904 3338 1097 3402 quam
1156 3341 1379 3402 pacem
1434 3332 1662 3389 contra
1714 3325 2139 3390 iurisiurandi
2191 3326 2310 3391 reli
2362 3329 2575 3393 'onem

631 3405 794 3488 petit
837 3410 902 3468 et
942 3405 1191 3488 accipit,
1238 3406 1500 3489 quidam
1544 3410 1744 3474 etiam
1781 3432 1850 3475 se
1891 3411 2113 3477 hostes
2149 3408 2298 3477 dein
2350 3434 2386 3478 e
2427 3434 2575 3498 pro-

629 3490 901 3553 fitentur
943 3492 1289 3556 sociorum:
1336 3493 1491 3559 hinc
1525 3496 1715 3579 regni
1738 3496 1987 3561 Christi
2026 3496 2199 3580 apud
2232 3520 2352 3563 nos
2386 3499 2575 3583 (quid

631 3573 841 3639 dicam
887 3575 1216 3661 intelligis,
1260 3578 1413 3660 quid
1460 3579 1587 3645 dici
1643 3603 1748 3645 res
1790 3584 1934 3664 ipsa
1978 3583 2172 3663 ferat)
2216 3584 2573 3668 neglectus.

631 3657 976 3740 Quantum
1034 3672 1229 3744 putas
1296 3663 1550 3730 dedisse
1614 3687 1876 3732 causam
1956 3667 2129 3751 quod
2205 3671 2576 3736 communio

631 3744 908 3824 Christi,
969 3755 1036 3810 et
1086 3747 1260 3813 vitae
1315 3770 1390 3815 ac
1444 3754 1711 3833 spiritus
1766 3755 1906 3817 eius
1949 3763 2180 3819 mutua
2222 3755 2575 3821 subminis-

632 3830 825 3895 tratio
862 3832 1033 3895 inter
1076 3833 1238 3899 alios
1293 3835 1487 3917 plane
1531 3838 1804 3903 rescissa
1859 3848 1925 3903 et
1987 3839 2341 3922 prohibita,
2399 3842 2577 3907 inter

630 3914 791 3981 alios
834 3918 1137 3999 ignorata
1180 3928 1246 3983 et
1288 3922 1614 4003 neglecta,
1671 3925 1844 3989 inter
1902 3925 2115 3991 nullos
2171 3934 2247 3990 ut
2288 3928 2578 4009 oportuit

628 4001 914 4066 excitata
936 4010 1003 4066 et
1025 4005 1276 4087 agitata
1296 4007 1421 4070 fuit
1435 4007 1465 4069 ‘?
1532 4008 1731 4073 Modo
1750 4010 1859 4075 hic
1879 4012 2195 4093 peranxie
2220 4011 2573 4093 laboratur,

626 4084 1042 4152 deliberando
1064 4089 1220 4171 quid
1244 4113 1359 4156 nos
1390 4094 1597 4158 facere
1620 4095 1946 4162 Dominus
1969 4097 2141 4162 velit.
2162 4098 2222 4182 ²)
2266 4096 2577 4163 Offerunt

653 4391 792 4446 886.
829 4392 885 4458 1)
923 4393 1138 4449 Altada
1177 4397 1252 4450 ad
1285 4400 1387 4451 iter
1419 4414 1592 4465 nuper
1609 4399 1903 4467 Basileam,
1952 4400 2207 4456 Turicum
2243 4409 2293 4456 et
2326 4402 2571 4458 Ber-nam

625 4467 942 4530 susceptum,
978 4464 1036 4516 in
1075 4482 1180 4534 quo
1216 4482 1348 4519 sane
1381 4468 1539 4519 etiam
1576 4468 1641 4519 de
1658 4470 2030 4523 instauranda
2067 4477 2113 4524 et
2135 4469 2422 4538 firmanda
2452 4473 2568 4539 fra-

621 4536 782 4652 Ξῖἶαηα
819 4533 1108 4652 ἓοησονᾱία
1143 4550 1300 4602 ayere
1321 4541 1530 4603 poterat
1548 4538 1651 4589 etsi
1660 4538 1845 4604 palam
1881 4539 1994 4592 alia
2032 4539 2099 4593 de
2122 4554 2290 4594 causa
2325 4543 2573 4596 civitates

723 4613 751 4652 s
783 4615 819 4652 a
861 4602 1014 4653 ierat.

828 4666 889 4729 2)
926 4668 1012 4720 Ar
1049 4676 1411 4722 entoratenses
1428 4672 1638 4739 quidem
1665 4673 1849 4727 bellico
1885 4682 2165 4744 apparatu
2199 4680 2339 4731 satis
2373 4681 2574 4733 muniti

626 4734 930 4798 (Roehrae'ch
963 4686 1046 4789 11³3
1078 4736 1204 4803 181)
1241 4746 1416 4792 tamen
1453 4740 1583 4795 bello
1617 4741 1678 4793 in
1717 4741 1915 4797 &cevia
1949 4746 2351 4813 inqraveseente
2394 4764 2572 4803 mense

629 4803 941 4858 Februario
976 4805 1092 4858 Iac.
1135 4804 1450 4875 Sturmium,
1491 4809 1688 4863 Matilo.
1730 4810 2056 4878 Psarrerum
2108 4820 2157 4869 el
2197 4814 2373 4869 Mare.
2413 4814 2569 4871 Haa-

617 4872 772 4992 {ium
806 4872 1008 4940 leyatos
1042 4874 1119 4926 ad
1156 4876 1436 4929 Caesarem
1487 4883 1777 4931 miserunt:
1822 4887 1884 4933 ut
1918 4881 2130 4934 Ulmam
2178 4882 2407 4951 profecti
2456 4886 2571 4953 qui-

667 4956 728 4992 us
765 4941 1160 4995 conditionibus
1197 4947 1414 4999 omnino
1465 4947 1661 5015 pacisci
1709 4949 1875 5001 vellet
1910 4956 2298 5018 cognoscerent
2369 4951 2566 5017 (sleid.

627 5007 698 5062 ll.
737 5007 883 5072 580).
921 5011 1108 5077 Legati
1155 5014 1372 5067 domum
1411 5016 1630 5078 reversi,
1672 5034 1832 5084 quum
1871 5036 1904 5070 a
1941 5020 2165 5072 Caesare
2202 5022 2567 5090 praescriptas

627 5077 962 5130 conditiones
1000 5090 1218 5134 senatus
1257 5100 1360 5136 non
1397 5085 1758 5151 improbaret,
1809 5086 1985 5140 denuo
2034 5089 2325 5142 mittuntur
2360 5095 2421 5142 ut
2456 5108 2566 5144 om·

623 5147 754 5197 nino
791 5148 1107 5215 transigant.
1181 5152 1412 5220 Ingressi
1461 5155 1568 5205 iter
1602 5153 1884 5207 Caesarem
1925 5155 2253 5225 Nordlingae
2289 5160 2569 5227 reperiunt

625 5230 692 5265 ex
728 5214 968 5283 podagra
1003 5219 1140 5273 male
1177 5226 1302 5272 tnnc
1338 5222 1584 5274 affectum
1621 5227 1679 5274 et
1712 5222 1793 5274 21.
1825 5225 2008 5276 Martii
2046 5226 2133 5279 die
2168 5225 2445 5295 deprecati
2482 5247 2565 5283 re·

615 5284 980 5336 conciliantur
1014 5287 1171 5352 (ibid.
1209 5289 1308 5343 ΙΙΙ.
1346 5290 1414 5356 3).
1493 5290 1842 5347 Condiciones
1876 5294 2177 5349 tolerabiles
2211 5303 2397 5351 erant:
2434 5298 2563 5353 civi-

2185 390 2711 462 EPISTOLAE
2756 392 3093 459 sec-88⁷
4500 398 4595 461 500

2692 578 2958 664 quidam
3011 598 3197 662 spem
3248 577 3460 663 pacis,
3513 598 3679 662 quae
3732 578 4105 647 libertatem
4145 592 4218 646 et
4255 579 4372 646 rel‘
4426 581 4599 679 ’0116111

2692 665 2876 732 nobis
2928 664 3259 748 relinquat
3310 663 3597 745 salvam,
3656 664 3770 731 sed
3832 687 4031 750 quam
4090 686 4317 751 pacem
4406 675 4599 732 eserns

2690 751 2885 817 sociis
2941 751 3247 832 amplecti
3305 757 3620 834 oporteat.
3727 749 3905 819 Socii
3964 773 4121 819 vero
4176 753 4250 817 in
4314 751 4602 834 superiori

2691 835 3054 902 Germania
3104 857 3334 902 omnes
3385 838 3520 902 iam
3574 835 3952 904 defecerunt
4005 859 4048 904 a
4096 837 4319 916 nobis,
4382 844 4604 919 praeter

2689 921 3174 988 Constantiam:
3233 942 3608 1006 quanquam
3661 944 3841 990 nunc
3898 923 4163 1007 quidam
4208 922 4293 989 de
4335 923 4606 1006 Augusta

2689 1006 3025 1073 affirmant
3069 1004 3355 1073 nondum
3403 1027 3546 1075 esse
3603 1006 3908 1075 deditam.
3932 1012 3989 1092 Β)
4076 1009 4380 1075 Horrent
4418 1009 4608 1106 itaque

2686 1113 2911 1158 omnes
2952 1091 3351 1160 cordatiores
3382 1091 3748 1173 admittere,
3790 1116 3919 1178 quo
3954 1095 4059 1162 vel
4093 1095 4379 1162 violetur
4413 1093 4609 1178 religm

2687 1178 3009 1245 societatis
3052 1179 3295 1257 iurata,
3353 1178 3465 1245 vel
3521 1179 4095 1248 circumscribatur
4147 1180 4283 1246 ullo
4326 1178 4517 1245 modo
4551 1178 4611 1243 li-

2685 1264 2905 1329 bertas
2948 1264 3276 1330 serviendi
3308 1263 3469 1330 Deo.
3534 1265 3832 1332 Hori-ent
3873 1268 4071 1333 etiam
4116 1265 4610 1332 humiliationem

2685 1349 3004 1433 refugere,
3048 1371 3246 1433 quam
3288 1350 3488 1415 infert
3520 1349 3847 1419 Dominus
3889 1362 3958 1419 et
3999 1352 4231 1418 intulit
4272 1352 4396 1416 toti
4438 1369 4611 1435 prope

2687 1434 3115 1501 Germaniae:
3163 1434 3323 1501 dnm
3368 1437 3563 1502 etiam
3590 1458 3721 1503 non
3745 1436 3978 1504 vident
4008 1439 4251 1504 iustam
4286 1440 4354 1502 in
4400 1434 4611 1521 populo

2684 1520 3169 1604 poenitentiam.
3260 1519 3399 1587 Ora
3454 1521 3818 1588 Dominum
3872 1534 3949 1589 ut
4006 1524 4244 1591 nostris
4289 1524 4404 1588 det
4444 1521 4610 1606 spiri·

2687 1615 2833 1670 tum
2858 1606 3148 1686 consilii,
3209 1626 3337 1690 quo
3392 1607 3459 1671 id
3517 1615 3814 1673 statuant
3871 1608 4040 1693 quod
4099 1610 4330 1693 probet
4389 1610 4525 1693 ipse
4561 1615 4615 1671 et

2687 1692 2972 1757 salutare
3015 1692 3176 1759 velit
3209 1694 3420 1757 facere
3455 1693 3767 1760 ecclesiae
3808 1715 3981 1761 suae.
4051 1694 4355 1779 Optarim
4402 1696 4614 1777 cuique

2686 1779 3013 1859 potestati,
3059 1797 3256 1861 quam
3293 1779 3618 1844 Dominus
3652 1781 4053 1864 imposuerit,
4100 1781 4352 1864 prolixe
4398 1777 4615 1845 deferri

2686 1883 2852 1944 quae
2912 1872 3237 1946 oporteat,
3315 1872 3569 1929 tantum
3650 1887 3733 1931 ne
3797 1866 3953 1950 quid
4017 1866 4407 1932 detrahatur
4470 1864 4611 1930 Deo.

2687 1946 2910 2029 Quum
2969 1958 3163 2014 antea
3218 1948 3476 2015 foedere
3532 1959 3758 2016 nostro
3811 1953 4078 2037 vigente
4121 1962 4188 2019 et
4227 1952 4458 2017 multis
4498 1952 4612 2016 for-

2689 2034 3007 2114 midabili,
3063 2056 3192 2117 pax
3249 2036 3454 2101 solida
3510 2036 3813 2121 religioni
3869 2039 4148 2103 obtineri
4208 2059 4342 2103 non
4400 2038 4611 2122 potuit,

2687 2118 2861 2184 haud
2907 2119 3050 2185 sine
3106 2141 3302 2186 causa
3356 2130 3663 2186 metuunt
3716 2124 3909 2188 multi
3964 2144 4238 2209 gravem
4295 2122 4616 2208 religionis

2684 2205 3351 2289 circumscriptionem
3396 2208 3943 2289 subsequuturam
3990 2208 4249 2274 foedere
4293 2209 4611 2284 dissoluto,

2685 2298 2753 2355 et
2810 2299 2939 2354 tam
2994 2293 3217 2358 fractis
3278 2301 3346 2356 et
3402 2291 3767 2360 humiliatis
3813 2296 4034 2361 sociis:
4096 2295 4208 2361 sed
4264 2296 4359 2360 ita
4408 2293 4611 2378 frangi

2684 2375 3145 2459 humiliarique
3201 2378 3574 2443 meruimus.
3666 2378 3974 2446 Orandus
4029 2382 4234 2464 igitur
4278 2382 4612 2455 Dominus,

2682 2470 2759 2525 ut
2796 2461 2920 2525 hoc
2962 2463 3216 2528 firmius
3268 2463 3473 2545 ipsius
3526 2466 3816 2532 nitamur
3858 2466 4145 2544 brachio,
4192 2466 4427 2550 quibus
4467 2466 4615 2531 adeo

2681 2546 2964 2613 concidit
3018 2547 3355 2613 brachium
3410 2552 3640 2615 carnis.
3744 2551 3823 2615 In
3883 2542 4163 2618 comitiis
4221 2551 4614 2637 Augustanis

2683 2653 2857 2696 anno
2901 2637 2983 2696 30
3029 2632 3283 2698 nullum
3330 2646 3473 2700 erat
3515 2636 3773 2712 foedus,
3822 2649 3889 2702 et
3930 2637 4133 2704 libere
4177 2647 4317 2702 tum
4362 2639 4612 2705 confite-

2681 2717 2924 2782 bantur
2970 2717 3177 2792 multi,
3224 2727 3292 2783 et
3332 2720 3941 2788 condemnationem
3989 2725 4451 2808 gravissimam
4493 2723 4610 2788 for·

2684 2803 2836 2867 titer
2900 2804 3328 2885 excipiebant.
3417 2806 3621 2871 Novit
3682 2807 4011 2874 Dominus
4075 2810 4186 2892 qni
4252 2819 4410 2876 sunt
4468 2810 4609 2873 eius.

2682 2887 2885 2953 Initia
2925 2889 3284 2955 multorum
3342 2899 3517 2957 tetra
3561 2901 3745 2970 sunt,
3803 2895 3899 2958 ita
3956 2903 4184 2979 aperta
4227 2893 4614 2979 blasphemia

2682 2980 2750 3038 et
2793 2974 3054 3056 pietatis
3118 2976 3537 3060 caritatisque
3604 2978 3926 3044 abiuratio
3972 2981 4397 3047 admiscetur:
4463 3000 4608 3064 pau·

2681 3079 2906 3125 corum
2951 3068 3050 3126 est
3092 3069 3269 3127 certa
3310 3061 3472 3128 fides
3530 3069 3596 3130 et
3639 3085 3715 3130 eo
3759 3087 3866 3131 res
3909 3066 4153 3133 recidit.
4245 3065 4468 3148 Quum
4509 3086 4606 3132 ve-

2681 3147 2853 3210 nerit
2895 3146 3070 3212 filius
3117 3147 3417 3227 hominis,
3460 3158 3649 3233 putas
3693 3152 4122 3218 inventurum
4156 3154 4354 3219 fidem
4391 3155 4459 3217 in
4493 3160 4606 3216 ter-

2679 3230 2817 3296 ris?
2907 3232 3054 3298 Hoc
3108 3254 3266 3298 vero
3322 3236 3531 3319 magis
3589 3238 3873 3303 orandus
3919 3239 4275 3319 Dominus,
4335 3260 4463 3321 quo
4502 3256 4605 3302 nos

2680 3326 3025 3382 conservet
3068 3318 3136 3381 in
3171 3319 3378 3386 solida
3417 3333 3486 3386 et
3518 3331 3858 3388 constante
3891 3326 4293 3391 confessione
4329 3346 4406 3391 ac
4439 3344 4603 3408 prae-

2680 3400 3000 3466 dicatione
3044 3405 3368 3488 evangelii
3413 3408 3545 3486 sui,
3602 3428 3680 3475 ac
3736 3409 3936 3474 donet
3975 3411 4116 3475 vita
4167 3431 4422 3494 quoqne
4463 3405 4601 3474 illud

2680 3507 3004 3552 exornare
3048 3487 3377 3572 aliquanto
3421 3513 3615 3575 quam
3661 3494 3934 3560 fecimus
3976 3495 4145 3579 pleri
4191 3516 4274 3561 ue
4307 3495 4599 3561 hactenus

2680 3571 3051 3638 studiosius.
3118 3573 3248 3639 Sed
3296 3578 3444 3659 quis
3489 3587 3789 3645 nostrum
3824 3600 3960 3645 non
4002 3581 4287 3664 quotidie
4331 3582 4413 3648 ob
4452 3580 4596 3647 hanc

2679 3658 3127 3724 remissionem
3171 3660 3551 3745 disciplinae
3587 3667 4019 3746 excruciatur,
4067 3667 4236 3750 quod
4282 3668 4511 3733 fratres
4545 3670 4595 3730 et

2678 3743 2964 3828 collegae
3006 3746 3301 3828 primarii
3347 3747 3506 3814 adeo
3547 3750 3793 3816 nullam
3828 3751 4187 3818 admittunt
4226 3753 4593 3836 disciplinae,

2680 3851 2808 3894 non
2859 3829 3001 3896 dico
3046 3834 3479 3913 severitatem,
3538 3838 3968 3903 necessariam
4018 3847 4240 3904 tamen
4284 3838 4592 3905 mediocri·

2678 3923 2898 3995 tatem,
2944 3925 3019 3981 ut
3059 3917 3130 3980 in
3175 3929 3417 4001 papatu
3461 3922 3701 3988 factum
3744 3922 3891 3989 est?
3940 3925 4035 3989 ita
4078 3924 4371 4008 plerique
4413 3924 4596 3989 homi·

2679 4001 2869 4066 nibus
2911 4012 3322 4084 prospectum
3371 4005 3620 4087 volunt,
3667 4029 3796 4073 non
3843 4009 4158 4076 ecclesiis:
4215 4021 4281 4076 et
4324 4011 4594 4078 ecclesia·

2677 4108 2823 4150 rum
2869 4085 3126 4152 damnis
3168 4098 3464 4156 avertere
3526 4093 3765 4159 damna
3815 4095 4164 4178 impiorum
4208 4097 4592 4179 collegarum,

2677 4182 2914 4255 putant
2957 4172 3336 4241 humanum.
3426 4175 3647 4258 Quum
3693 4181 3891 4246 etiam
3950 4190 4047 4246 tot
4102 4183 4293 4249 malis
4332 4205 4463 4246 non
4505 4180 4593 4245 de-

2675 4259 2811 4323 sint
2844 4259 3120 4341 patroni,
3160 4270 3423 4345 propter
3458 4264 3793 4330 ecclesiam
3819 4267 4055 4333 nolunt
4087 4269 4160 4332 in
4195 4269 4592 4334 offensionem

2675 4344 3009 4409 incurrere
3073 4354 3415 4426 potentum
3482 4358 3546 4413 et
3610 4351 4044 4433 gratiosorum
4111 4353 4465 4419 hominum.
4543 4348 4592 4415 Ο

2674 4431 2978 4493 miseram
2997 4432 3054 4505 ⁴)
3110 4431 3420 4498 ecclesiae
3464 4433 3592 4498 Dei
3634 4437 4094 4515 conditionem,
4140 4460 4277 4504 non
4321 4460 4500 4523 posse
4535 4438 4591 4500 in

2675 4513 2945 4579 candem
2984 4517 3208 4582 venire
3251 4522 3642 4585 sententiam
3688 4520 3767 4586 de
3811 4527 4235 4591 sacramentis
4280 4537 4494 4591 nostro
4532 4542 4592 4587 ac

2673 4606 2808 4663 toto
2864 4600 3023 4665 adeo
3078 4603 3459 4670 ministerio,
3549 4604 3874 4674 Dominus
3926 4611 4237 4676 miseram
4285 4612 4591 4677 ecclesiam

2673 4684 3079 4751 Bernensem
3131 4688 3389 4754 tandem
3439 4694 3760 4774 respiciat,
3807 4704 3875 4758 et
3928 4696 4104 4760 inter
4150 4718 4219 4761 se
4265 4706 4453 4781 atque
4494 4714 4590 4759 no-

2672 4862 2709 4870 ..—

2902 4862 2967 4869 .ω-
2974 4864 3081 4870 —--

2671 4961 2778 5013 tati
2810 4960 2968 5025 enim,
3006 4961 3181 5015 soluta
3216 4964 3478 5029 pecuniae
3499 4980 3710 5020 summa
3744 4973 3795 5021 et
3829 4969 4053 5023 traditis
4088 4974 4367 5026 conuentus
4398 4969 4588 5031 bellici&

2671 5042 2775 5080 sua
2812 5030 2939 5081 iura
2976 5035 3024 5081 et
3055 5031 3345 5100 prim'eeqia
3393 5035 3884 5099 confirmabantnr;
3932 5036 3997 5092 de
4042 5037 4305 5107 religione
4349 5036 4589 5108 expressis

2671 5098 2851 5151 verbis
2884 5097 3025 5150 niba
3058 5098 3362 5154 addebatur
3400 5101 3629 5167 (Ranke
3662 5104 3753 5159 IV.
3791 5103 3938 5168 368).

2841 5163 2936 5246 ,3)
2978 5163 3209 5221 Dedt'dit
3242 5184 3300 5221 se
3334 5186 3385 5222 a.
3424 5170 3475 5225 d.
3518 5170 3552 5224 1
3570 5173 3624 5225 V.
3670 5172 3785 5226 Gal.
3828 5173 3989 5229 Febr.
4066 5175 4279 5230 Mirum
4312 5178 4407 5232 hoc
4436 5175 4585 5228 Buce·

2670 5249 2787 5288 rum
2826 5249 3123 5303 tynorasse.

2876 5302 2937 5368 4)
2977 5302 3022 5356 Ο
3059 5305 3311 5358 miseram
3352 5346 3364 5360 .
3402 5346 3413 5360 .
3453 5346 3465 5360 .
3502 5348 3515 5361 .
3555 5308 3730 5363 faciat.
3810 5311 3956 5366 Haec
3992 5313 4191 5368 absunt
4225 5314 4294 5369 ab
4329 5314 4438 5368 edd.

4764 2435 4769 2520 l

4758 2531 4767 2582 l
