4825 6175
598 431 718 495 591

595 618 787 684 vobis
829 613 1228 683 consulendi.
1317 614 1488 681 Nam
1534 611 1785 681 silendo
1844 633 2062 679 nonne
2114 614 2301 697 quasi
2354 613 2380 678 i
2519 650 2550 664 -

594 704 738 770 lum
782 700 1181 788 porrigetis?
1269 698 1465 782 Quan
1511 721 1666 765 uam
1708 699 1957 765 frustra
2001 698 2105 766 hic
2151 708 2216 764 te
2264 721 2346 784 ap
2395 720 2433 765 θ
2461 700 2541 765 lo.

598 788 753 858 Soio
796 789 971 855 enim
1016 788 1195 854 cives
1239 794 1383 852 tuos
1510 807 1587 851 eo
1630 785 1927 852 cordatos
1982 786 2118 850 fore
2178 794 2253 850 ut
2295 808 2335 852 a
2428 785 2551 851 ibi-

597 882 745 941 tum
789 874 1154 940 remedium
1198 873 1484 956 cupiant.
1555 870 1777 937 Vicini
1812 871 2007 956 plane
2044 869 2393 956 desipiunt,
2438 872 2552 955 qui

596 961 812 1028 nullas
877 958 1224 1026 admittere
1292 958 1580 1023 rationes
1642 956 1977 1023 sustinent
2044 958 2551 1042 compescendae

597 1048 795 1113 huius
838 1046 1101 1112 bestiae.
1191 1043 1472 1126 Quando
1505 1051 1729 1108 tamen
1771 1042 1870 1107 illi
1913 1051 2146 1126 sponte
2189 1045 2404 1126 perire
2436 1064 2551 1126 ap-

594 1141 842 1219 petant,
886 1141 1074 1216 regat
1117 1129 1444 1196 Dominus
1487 1129 1726 1194 electos
1780 1149 1933 1195 suos
1992 1129 2225 1211 spiritu
2271 1129 2548 1207 consilii,

596 1228 673 1286 ιιι
729 1226 987 1284 mature
1043 1215 1351 1301 periculis
1407 1224 1773 1282 occurrant.
1884 1214 2102 1280 Multa
2164 1226 2322 1280 sunt
2381 1236 2551 1298 quae

596 1305 832 1371 merito
889 1325 1006 1369 vos
1073 1302 1449 1369 deterreant
1511 1322 1550 1365 a
1614 1300 1922 1366 societate
1999 1300 2303 1367 francica.
2414 1299 2551 1367 Sed

597 1386 1145 1475 quemadmodum
1199 1408 1315 1453 vos
1374 1408 1525 1452 cum
1584 1386 1693 1450 illo
1750 1386 2013 1471 penitus
2058 1387 2379 1470 implicari
2425 1387 2549 1452 mi-

597 1478 776 1542 nime
821 1474 1113 1559 expedit,
1168 1472 1262 1538 ita
1303 1494 1421 1539 cur
1477 1493 1738 1537 omnem
1795 1472 2317 1538 coniunctionem
2375 1473 2549 1538 refu-

597 1563 809 1649 giatis‚
853 1582 985 1627 non
1029 1557 1235 1627 video.

771 1647 1124 1714 Caeterum
1168 1644 1276 1711 hic
1318 1667 1483 1729 puer
1525 1646 1637 1729 qui
1687 1665 1865 1711 meas
1910 1644 2028 1710 tibi
2072 1644 2295 1709 literas
2337 1641 2550 1709 reddi-

600 1733 698 1800 dit
759 1734 937 1799 filius
1001 1740 1100 1797 est
1162 1731 1480 1797 senatoris
1556 1731 1895 1797 cuiusdam
1921 1732 1978 1807 ⁶)
2046 1751 2324 1813 quocum
2387 1730 2552 1794 mihi

598 1820 886 1906 plurima
925 1828 1024 1885 est
1067 1817 1495 1883 familiaritas.
1585 1817 1655 1882 Is
1711 1837 1817 1881 me
1869 1838 1988 1901 per
2043 1827 2333 1882 nostram
2388 1817 2550 1879 ami-

599 1907 820 1974 citiam
865 1905 1127 1989 rogavit
1160 1912 1235 1969 ut
1268 1901 1897 1969 commendationem
1931 1902 2026 1967 illi
2064 1901 2309 1967 darem.
2379 1903 2554 1986 Aget
2592 1916 2599 1943 ⁴

598 1990 775 2076 apud
819 2001 1234 2074 quaestorem
1294 1997 1587 2056 vestrum
1644 1998 1964 2072 quantum
2009 1988 2323 2073 intelligo.
2414 1986 2551 2053 Sed

599 2077 943 2144 consilium
987 2077 1195 2160 patris
1239 2086 1338 2141 est
1381 2085 1455 2141 ut
1495 2076 1569 2139 in
1626 2074 1833 2140 literis
1887 2074 2213 2159 proficiat,
2272 2095 2549 2157 quarum

597 2164 730 2229 iam
777 2163 972 2228 habet
1013 2163 1218 2226 initia.
1308 2162 1400 2226 Et
1438 2170 1538 2225 est
1589 2160 1858 2246 ingenio
1912 2160 2104 2226 docili
2159 2181 2279 2226 nec
2335 2159 2550 2224 alieno

598 2272 639 2316 a
681 2249 906 2315 musis.
977 2248 1130 2313 Peto
1173 2248 1374 2333 igitur
1416 2246 1532 2312 abs
1575 2256 1641 2311 te
1683 2254 1759 2311 ut
1802 2245 2064 2313 scholae
2109 2254 2366 2312 vestrae
2409 2267 2550 2310 ma-

598 2335 844 2421 gistris,
892 2343 1003 2400 tuo
1048 2334 1243 2400 simul
1303 2355 1378 2400 ac
1421 2354 1566 2397 meo
1623 2332 1887 2398 nomine
1906 2385 1921 2411 ,
1971 2354 2119 2403 ,non
2183 2331 2550 2416 vulgariter

598 2442 749 2487 eum
783 2419 1216 2498 commendes,
1264 2427 1340 2483 ut
1374 2419 1581 2483 maior
1617 2419 1758 2484 eius
1795 2419 2115 2486 habeatur
2149 2417 2316 2481 ratio
2350 2438 2549 2501 quam

596 2507 823 2591 ignoti.
911 2506 1059 2572 Hoc
1103 2505 1388 2570 officium
1429 2502 1594 2569 mihi
1637 2504 2063 2570 vehementer
2095 2511 2358 2588 gratum
2404 2504 2546 2567 erit.

596 2593 787 2671 Vale,
851 2592 1268 2657 ornatissime
1327 2591 1434 2657 vir
1487 2598 1553 2653 et
1610 2590 1820 2656 amice
1874 2590 2234 2675 plurimum
2291 2589 2356 2652 in
2412 2589 2548 2654 Do-

596 2679 778 2744 mino
813 2676 1099 2755 colende,
1145 2698 1281 2742 una
1314 2698 1468 2743 cum
1503 2676 1884 2761 symmystis
1921 2684 1987 2741 θι
2024 2674 2349 2751 fratribus,
2386 2695 2550 2758 quos

596 2765 864 2830 nomine
907 2785 1051 2829 meo
1094 2762 1412 2828 salutabis
1468 2783 1721 2840 omnes,
1782 2771 1848 2827 et
1908 2763 2184 2827 fratrum
2227 2782 2546 2826 meorum.

597 2851 926 2915 Dominus
973 2849 1156 2914 vobis
1212 2848 1383 2913 adsit
1440 2856 1754 2931 perpetuo
1801 2848 2163 2930 vestrisque
2218 2846 2549 2913 laboribus

595 2935 950 3002 benedicat.
1007 2935 1215 3001 Uxori
1251 2935 1449 3000 etiam
1488 2944 1640 2998 tuae
1679 2934 2027 3016 plurimam
2067 2932 2348 2997 salutem
2398 2954 2548 3016 pre-

594 3040 707 3087 cor
750 3045 825 3089 ac
871 3021 1110 3089 liberis.
1200 3020 1531 3100 Gencvae,
1588 3023 1681 3084 13.
1731 3019 1869 3086 Cal.
1919 3018 2180 3085 Octobr.
2239 3024 2416 3082 1547.

1518 3158 1804 3223 Ioannes
1850 3156 2167 3223 Calvinus
2211 3169 2379 3221 tuus.

1489 3533 1635 3603 947.

1032 3670 1440 3739 VIRETUS
1484 3670 2119 3737 BULLINGERO.

772 3825 1035 3892 Claudii
1071 3825 1289 3892 Roseti
1330 3827 1539 3906 filium
1581 3826 1642 3889 ei
1683 3825 2076 3891 commendat.
2149 3823 2378 3889 Studia
2413 3826 2547 3890 iam

561 3951 565 3956 ·
593 3934 637 3980 α
675 3913 898 3978 multis
939 3912 1170 3997 neyliqi
1203 3913 1505 3995 queritur,
1551 3912 1636 3976 ad
1678 3931 1836 3992 quae
1881 3911 1952 3976 in
1977 3909 2263 3976 Helvetia
2296 3931 2545 3991 promo-

592 3999 794 4065 venda
826 3997 920 4063 vel
961 3999 1138 4082 ipsae
1181 3998 1250 4062 in
1276 3995 1496 4062 Gallia
1538 3998 1874 4063 saevientes
1905 3997 2415 4079 persequutiones
2446 3995 2546 4078 fa-

592 4104 725 4151 cere
766 4084 991 4150 debent.
1092 4083 1573 4148 Lausannensis
1630 4082 1840 4148 schola
1889 4102 2012 4146 non
2057 4101 2298 4164 parum
2347 4083 2541 4161 floret.

602 4167 1099 4238 Controversiam
1119 4170 1196 4235 de
1217 4188 1403 4234 coena
1420 4170 1667 4235 tandem
1688 4167 2029 4251 aliqnando
2064 4168 2330 4250 sopitam
2351 4169 2540 4254 cupit.

596 4342 710 4408 (Ex
745 4339 1083 4410 autographo
1119 4338 1344 4393 Archiv.
1383 4340 1562 4394 Turio.
1595 4339 1737 4393 Plut.
1775 4338 1865 4408 v1,
1901 4338 2025 4393 Vol.
2064 4337 2165 4391 166
2200 4339 2330 4393 olim
2365 4340 2543 4409 Epist.

1006 4408 1070 4463 Τ.
1104 4406 1192 4469 24,
1227 4409 1316 4462 sol.
1351 4406 1472 4462 233.
1507 4436 1575 4447 —
1611 4407 1821 4462 Simler.
1864 4407 1990 4461 Vol.
2024 4405 2134 4474 65.)

767 4563 1150 4630 Clarissimo
1194 4563 1341 4627 viro
1385 4562 1470 4628 D.
1497 4562 1862 4628 Heinricho
1904 4561 2294 4647 Bullingero
2338 4563 2543 4648 'Pigu-

594 4650 780 4715 rinae
825 4648 1133 4716 ecclesiae
1173 4649 1420 4734 pastori
1463 4649 1529 4714 vi
1581 4647 1965 4714 'lautissimo
2022 4648 2212 4713 fratri
2253 4663 2321 4714 et
2363 4671 2545 4734 sym-

594 4745 849 4821 mystae
892 4734 1058 4800 mihi
1099 4733 1458 4819 plurimum
1501 4755 1541 4801 o
1585 4732 1905 4802 servando

2026 4820 2278 4906 Tiguri.

766 4955 838 5025 S.
927 4959 1216 5044 Rogavit
1254 4979 1362 5024 me
1409 4957 1679 5023 Rosetas
1720 4969 1980 5025 senator
2023 4957 2438 5025 Genevensis
2471 4967 2548 5025 nt

595 5066 789 5111 suum
833 5044 1077 5123 filium,
1134 5065 1328 5128 quem
1386 5044 1532 5109 istic
1576 5043 1750 5126 apud
1797 5054 2088 5110 vestrum
2132 5054 2547 5129 quaestorem

801 5215 856 5278 6)
894 5214 990 5270 Er
1035 5217 1278 5286 sequenti
1323 5215 1495 5269 Vir-eti
1528 5230 1611 5283 ep.
1646 5215 1722 5269 ιιά
1769 5214 2148 5282 Bullinqenm
2192 5231 2386 5270 nom
2436 5215 2548 5271 Mo·-

594 5284 799 5340 dadis
828 5286 1180 5355 primogeniti
1222 5283 1341 5353 filii
1377 5281 1604 5339 Claudii
1650 5283 1840 5338 Rosea·
1882 5297 2058 5352 nuper
2102 5284 2321 5355 modici
2351 5299 2545 5340 sum.

596 5350 828 5424 (Gahffe
856 5359 1012 5410 notes
1043 5350 1163 5423 ρέιι.
1198 5356 1245 5409 1.
1281 5350 1428 5420 349.)

2141 423 2669 493 EPIS'POLAE
2711 429 3051 492 946—948

4471 430 4579 495 ⁵⁹2

2656 614 2856 681 habet
2898 613 2987 679 ed
3026 615 3417 698 capiendum
3476 613 3728 700 ingenii
3770 613 4051 694 cultum,
4109 615 4229 682 tibi
4269 635 4583 684 commen-

2655 699 2898 766 darem.
3010 699 3205 782 Quod
3261 701 3514 767 homini
3576 701 3766 767 nobis
3826 701 4219 767 amicissimo
4281 701 4583 788 denegare

2655 806 2784 852 non
2831 787 3016 871 potui
3056 787 3296 852 multas
3351 786 3432 852 ob
3487 807 3734 853 causas.
3820 786 3993 852 Nam
4046 794 4306 870 praeter
4361 789 4586 856 veteris

2654 871 2977 939 amicitiae
3032 873 3181 937 iura
3197 923 3213 949 ‚
3266 893 3397 954 qua
3442 872 3539 937 illi
3593 893 3741 937 mea
3800 873 4016 938 officia
4073 881 4233 939 sunt
4272 874 4585 951 obstricta,

2653 956 2973 1024 accedunt
3016 980 3199 1024 meus
3242 959 3313 1022 in
3347 958 3687 1024 ecclesiam
3722 967 3789 1023 et
3820 961 4103 1040 patriam
4137 980 4341 1040 amor,
4385 960 4588 1026 studia

2652 1053 2723 1108 et
2776 1045 2986 1127 pietas
3046 1065 3323 1126 quarum
3385 1044 3587 1110 saluti
3630 1064 3735 1109 me
3791 1066 3921 1109 non
3981 1044 4210 1110 dubito
4266 1046 4588 1112 consulere

2654 1128 2915 1211 quando
2956 1151 3182 1196 curam
3226 1130 3508 1212 suscipio
3552 1129 3836 1213 aliquam
3881 1150 4108 1195 eorum
4150 1134 4263 1213 qui
4304 1133 4441 1197 suis
4481 1132 4589 1197 ali·

2652 1214 2912 1296 quando
2946 1214 3180 1281 studiis
3226 1226 3571 1298 utramque
3610 1215 3970 1298 plurimum
4004 1216 4237 1282 iuvare
4272 1225 4588 1300 poterunt.

2655 1301 2889 1383 Itaque
2942 1323 3143 1382 quum
3205 1323 3368 1384 puer
3422 1303 3581 1376 iste,
3649 1301 3837 1367 cuius
4014 1303 4110 1367 tia
4167 1325 4343 1370 nunc
4400 1302 4485 1367 ad
4532 1314 4591 1371 te

2653 1388 2883 1467 scribo,
2921 1388 3201 1471 optimae
3241 1388 3378 1470 spei
3422 1387 3588 1452 mihi
3631 1407 3774 1453 esse
3816 1322 4135 1466 viffitur,
4180 1389 4594 1456 vehementer

2655 1473 2843 1555 cupio
2886 1490 2962 1539 ut
3004 1474 3145 1555 ipse
3188 1495 3263 1539 ac
3301 1473 3507 1555 ipsius
3542 1473 3790 1539 similes
3832 1494 3943 1538 eos
3977 1474 4045 1538 in
4083 1473 4319 1541 studiis
4361 1476 4594 1541 faciant

2654 1579 3059 1644 progressus,
3123 1570 3197 1623 ut
3240 1568 3532 1624 nostram
3574 1579 3708 1624 non
3753 1558 3988 1624 fallant
4029 1561 4593 1643 exspectationem,

2656 1653 2849 1727 atque
2894 1665 2971 1710 eo
3016 1645 3226 1729 magis
3268 1666 3396 1727 quo
3439 1645 3674 1710 iustior
3715 1664 3835 1709 nos
3878 1654 4090 1709 metus
4133 1649 4352 1730 angit,
4407 1670 4491 1714 ne
4531 1650 4595 1713 in

2656 1738 2988 1814 posterum
3060 1752 3136 1796 eo
3203 1729 3534 1795 relabatur
3591 1731 3752 1796 haec
3803 1751 3952 1796 mea
4008 1731 4223 1814 patria
4283 1734 4597 1800 barbariei

2656 1816 2831 1882 unde
2870 1816 3145 1881 vixdum
3189 1817 3472 1882 emersit.
3562 1817 3733 1880 Nam
3777 1838 4056 1899 magnus
4101 1828 4203 1883 cst
4244 1819 4487 1903 ubique
4522 1820 4595 1884 li·

2656 1912 2944 1967 terarum
2989 1910 3421 1985 contemptus.
3488 1901 3681 1982 Quod
3726 1904 3849 1966 nisi
3893 1903 4220 1968 Dominus
4261 1904 4453 1969 nobis
4487 1906 4597 1971 ali·

2655 1986 2829 2053 unde
2873 1989 2953 2054 ab
2989 1988 3234 2054 exteris
3268 1987 3589 2070 gentibus,
3634 1987 3920 2052 maxime
3963 2009 4121 2053 vero
4143 1989 4382 2064 Gallis,
4429 1992 4597 2057 viros

2655 2073 2879 2140 doctos
2922 2084 2989 2138 et
3032 2073 3171 2158 pios
3217 2074 3346 2138 huc
3389 2071 3774 2138 extruderet
3807 2074 3918 2156 qui
3966 2074 4258 2139 ecelesiis
4300 2085 4370 2140 θι
4418 2079 4599 2144 scho-

2656 2160 2737 2224 lis
2780 2162 3307 2242 praeficerentur,
3365 2158 3674 2225 ecclesiae
3717 2161 4084 2240 pastoribus
4129 2169 4195 2225 et
4237 2160 4599 2229 moderato·

2654 2246 2835 2312 ribus
2875 2245 3090 2311 studia
3134 2266 3337 2328 paene
3381 2246 3598 2309 omnia
3633 2242 4145 2311 destituerentur
4186 2255 4252 2312 et
4293 2250 4597 2331 perirent.

2654 2332 2861 2397 Porro
2899 2331 3073 2412 quod
3116 2329 3403 2413 quotidie
3447 2330 3576 2396 huc
3611 2340 3833 2396 tantus
3867 2331 3957 2396 sit
3991 2332 4600 2401 honestissimorum

2654 2427 2721 2483 et
2762 2417 3282 2484 doctissimorum
3329 2416 3619 2481 virorum
3664 2436 4036 2493 concursus,
4096 2417 4413 2486 debemus
4457 2442 4601 2505 per-

2654 2503 3146 2585 sequutionibus
3191 2502 3427 2585 quibus
3474 2510 3610 2567 tota
3649 2501 3871 2568 Gallia
3912 2503 4046 2568 iam
4089 2502 4243 2570 inde
4286 2506 4372 2571 ab
4418 2507 4601 2572 initio

2655 2588 3018 2673 publicatae
3061 2588 3477 2672 evangelicae
3526 2587 3859 2653 doctrinae
3902 2611 4217 2655 concussa
4259 2602 4381 2658 est.
4472 2591 4602 2658 Sed

2654 2674 2978 2757 speranda
3021 2685 3175 2739 sunt
3218 2673 3492 2738 meliora
3546 2686 3842 2755 tempora
3897 2696 4065 2757 quae
4108 2676 4270 2741 alias
4316 2678 4603 2744 habeant

2653 2781 2875 2826 rerum
2921 2757 3418 2825 vicissitudines.
3509 2758 3792 2841 Quando
3849 2782 4007 2843 ergo
4051 2773 4119 2826 et
4163 2763 4484 2844 quamdiu
4528 2764 4602 2828 li-

2650 2856 2773 2923 cet,
2819 2845 3036 2911 danda
3078 2856 3178 2911 est
3221 2846 3407 2911 nobis
3450 2866 3663 2928 opera,
3709 2867 3793 2910 ne
3838 2847 3961 2913 hac
4004 2856 4192 2912 tanta
4234 2849 4601 2916 studiorum

2651 2932 3135 3016 opportunitate
3201 2930 3565 2997 abutamur.
3671 2934 3892 3008 Quum
3960 2943 4178 2997 autem
4246 2942 4388 2999 tota
4455 2956 4601 3020 spes

2634 3028 2877 3099 ,nostra
2920 3019 2989 3082 in
3046 3018 3126 3081 iis
3182 3016 3463 3082 resideat
3516 3018 3750 3100 quibus
3800 3019 4110 3085 ecclesiae
4154 3019 4604 3107 gubernacula

2652 3126 2878 3170 sumus
2923 3105 3232 3178 relicturi,
3277 3126 3479 3185 quum
3540 3103 3694 3169 hinc
3749 3126 3864 3169 nos
3909 3106 4237 3171 Dominus
4281 3110 4601 3184 evocabit,

2652 3191 2717 3255 id
2764 3189 2949 3256 nobis
2991 3190 3230 3255 obnixe
3266 3201 3366 3254 est
3400 3189 3761 3254 curandum
3798 3201 3866 3254 θι
3898 3190 4302 3268 enitendum,
4352 3201 4436 3258 ιιι
4469 3204 4602 3260 stu·

2652 3277 2774 3341 diis
2824 3285 2891 3340 et
2933 3276 3296 3341 iuventutis
3355 3276 3748 3340 institutioni
3800 3290 3867 3340 et
3922 3276 4293 3343 educationi
4357 3281 4601 3364 optime

2652 3363 3102 3445 prospiciatur.
3191 3360 3342 3442 Qua
3384 3362 3451 3425 in
3499 3382 3570 3426 re
3613 3362 3848 3426 merito
3892 3371 4050 3427 sunt
4091 3364 4276 3430 nobis
4312 3365 4601 3431 Domino

2650 3447 2940 3531 agendae
2997 3448 3279 3530 gratiae,
3334 3447 3503 3528 quod
3562 3447 3760 3512 talem
3821 3447 4073 3513 dederit
4128 3450 4261 3515 incl
4440 3453 4601 3517 Ber-

2650 3534 2837 3598 nensi
2880 3534 3137 3599 senatui
3178 3533 3490 3607 animum,
3539 3542 3614 3597 ut
3656 3554 3792 3598 non
3834 3542 4213 3601 contemnat
4279 3538 4600 3603 iterarum

2648 3618 2883 3695 studia,
2931 3618 3045 3684 sed
3067 3618 3136 3683 id
3179 3620 3250 3683 in
3295 3620 3522 3700 primis
3567 3629 3766 3696 curet,
3815 3629 3889 3683 ut
3909 3641 4137 3685 eorum
4162 3622 4341 3688 iusta
4364 3623 4601 3689 habea-

2649 3717 2758 3770 tur
2810 3705 2996 3769 ratio.
3099 3704 3249 3787 Quo
3303 3706 3380 3770 fit
3432 3716 3509 3770 ut
3563 3724 3698 3769 non
3740 3724 3972 3788 parum
4029 3706 4285 3775 fructus
4345 3729 4603 3792 sperem

2650 3812 2734 3856 ex
2799 3790 3260 3857 Lausannensi
3324 3790 3564 3864 schola,
3593 3793 3641 3866 ¹)
3706 3811 3872 3872 quae
3951 3813 4128 3859 nunc
4203 3803 4445 3860 ornata
4508 3805 4603 3861 est

2650 3875 2872 3941 multis
2931 3876 3408 3942 honestissimis
3464 3885 3533 3941 et
3589 3876 3982 3943 doctissimis
4040 3879 4230 3956 viris,
4297 3881 4384 3946 ad
4444 3902 4602 3964 quos

2646 3962 2936 4045 quotidie
2980 3963 3186 4028 maior
3229 3984 3547 4027 numerus
3591 3962 3854 4028 accedit.
3919 3962 4125 4028 Faxit
4156 3966 4495 4033 Dominus
4529 3977 4602 4030 ut

2646 4046 2817 4130 quod
2860 4048 3154 4113 felicibus
3197 4048 3505 4131 auspiciis
3541 4057 3841 4131 coeptum
3876 4057 3978 4114 est
4009 4050 4412 4118 felicioribus
4458 4073 4600 4137 per-

2647 4141 2763 4218 gat
2806 4141 2875 4198 et
2916 4133 3313 4199 absolvatur.
3402 4132 3556 4215 Qua
3599 4134 3668 4197 in
3714 4154 3787 4198 re
3830 4143 4012 4199 tuam
4046 4157 4237 4219 opem
4281 4138 4597 4221 implora·

2648 4241 2823 4286 mus:
2872 4219 2994 4285 hoc
3038 4225 3138 4283 est
3180 4228 3255 4284 ut
3293 4241 3438 4284 eam
3481 4219 3898 4286 commendes
3919 4220 4319 4289 Bernatibus
4363 4224 4599 4308 quibus

2647 4305 2894 4389 poteris
2938 4304 3163 4381 modis,
3210 4327 3343 4389 qua
3388 4305 3563 4371 vales
3599 4303 3773 4390 apud
3807 4326 3917 4371 eos
3956 4310 4304 4374 autoritate
4340 4319 4409 4375 et
4452 4329 4598 4394 gra·

2648 4391 2760 4456 tia.
2828 4392 3050 4473 Atque
3092 4390 3343 4455 utinam
3377 4388 3445 4455 id
3480 4390 3652 4457 effici
3687 4401 3908 4474 posset
3944 4393 4260 4459 bonorum
4304 4399 4596 4460 omnium

2648 4476 2899 4554 studiis,
2945 4484 3022 4541 ut
3062 4476 3283 4542 dirimi
3317 4475 3586 4542 tandem
3621 4476 3970 4560 aliquando
4006 4488 4272 4562 possent
4305 4480 4598 4546 exitialia

2648 4563 2763 4627 illa
2786 4584 2920 4627 non
2946 4562 3159 4628 solum
3187 4563 3495 4629 ecclesiae
3523 4563 3847 4629 Beruensi
3875 4562 3992 4629 ssd
4034 4566 4155 4631 toti
4179 4586 4413 4632 eorum
4442 4585 4596 4651 agro

2649 4659 2716 4713 et
2761 4648 2912 4714 huic
2947 4649 3323 4730 provinciae
3358 4647 3438 4712 de
3474 4648 3904 4714 eucharistiae
3941 4652 4202 4735 negotio
4237 4651 4597 4731 dissidia‚²)

2681 4870 2825 4925 947.
2869 4872 2921 4936 1)
2962 4870 3050 4923 De
3082 4871 3248 4925 Ιιιιόω
3279 4869 3490 4925 scholae
3523 4873 3735 4940 oriqt‘ne
3767 4877 3818 4925 et
3846 4886 4140 4940 prom-em
4173 4889 4223 4928 v.
4262 4872 4485 4930 Ruekat
4499 4872 4595 4929 tv.

2647 4938 2767 4995 231'
2807 4938 3026 5077 V'affiffi
3056 5024 3178 5080 quo,
3214 5014 3343 5063 amc
3376 4977 3633 5089 temporis
3664 5009 3808 5062 inter
3844 5005 4267 5089 Romamn·
4301 5009 4592 5134 boum

2647 5074 3529 5267 Zssssae‘taffimgffffi'ff
3647 5075 4393 5214 mm
4450 5146 4592 5228 Quid

2647 5216 2794 5287 quod
2826 5231 2900 5268 us
2939 5213 3201 5295 Qalvmpas
3232 5222 3284 5268 et
3373 5221 3546 5294 trema
3577 5220 3811 5282 mperes
3842 5221 4014 5296 eranp,
4049 5231 4116 5269 ex
4151 5232 4264 5299 quq
4293 5218 4587 5273 roceum

2646 5282 3695 5420 wmssffimzffif'goffl
3731 5297 4134 5352 '‘mm“
4181 5301 4362 5340 ’Μ’
4388 5286 4587 5355 W*
