4825 6175
280 408 404 471 733

281 595 361 660 de
403 594 642 678 quibus
686 594 869 676 prius
915 590 998 658 ad
1041 610 1149 656 me
1192 591 1610 674 scripserant.
1689 588 2053 672 Elegerunt
2096 597 2234 654 tres

323 677 610 745 raesides
644 679 756 762 qui
791 676 1008 744 adhuc
1037 682 1198 742 sunt
1230 674 1612 760 superstites
1645 695 1921 752 mecum,
1959 673 2042 740 ad
2077 693 2232 740 con-

304 764 623 833 erendum
667 762 1004 861 exemplar
1025 760 1326 829 Mamer&
1370 759 1621 860 scribae
1655 776 1832 858 ‹mm-
1851 760 2229 910 archetyg.

278 850 624 919 Praesides
680 858 836 915 sunt
893 846 1204 914 Nicolaus
1261 846 1695 927 Wattemllms,
1744 844 2039 923 Θινοηαε,
2168 868 2225 909 1-

278 936 514 1003 rardus
563 935 848 1001 Grandis
877 933 1393 1002 Lausannensis.
1462 931 1670 998 Faber
1711 931 2059 998 canonicus
2096 931 2235 995 vita

280 1023 626 1089 defunctus
668 1030 770 1087 est
789 1071 804 1098 ,
860 1021 971 1103 qui
1027 1026 1304 1102 quartus
1358 1026 1516 1083 erat.
1605 1017 1873 1084 Literae
1931 1037 2096 1101 quae
2148 1014 2232 1081 ad

279 1130 418 1260 ἓξὲξ,
452 1099 2231 1271 ῗὲῗξῖιίιέ“’ἰέθᾴ“ἓωὲἓὲ“οοὲἓέἕῃὲ“ῗ’ξᾷῗέὸιθὲΡθὲἳ

281 1279 556 1344 fortasse
610 1276 854 1360 aliquid
924 1274 1338 1359 profuturum
1398 1295 1633 1340 causae
1688 1286 1950 1339 nostrae
2006 1284 2073 1338 et
2125 1294 2228 1340 ec-

278 1364 531 1431 clesiae.

452 1448 749 1515 Oonveni
806 1465 1024 1513 coram
1081 1443 1393 1510 fratribus
1441 1442 1835 1510 Merserium.
1924 1443 2049 1511 Ille
2107 1464 2227 1511 suo

276 1556 461 1686 lrfflire
489 1534 1151 1684 dtzffsrgiversatusffiest.
1186 1529 1530 1682 afflegaqigz
1584 1528 1751 1678 ‘ssmd
1808 1528 2065 1680 dl'Fxozmt
2108 1550 2228 1679 1211-

1527 1636 1603 1679 us
1651 1636 1775 1679 am.

275 1639 779 1773 naIchitacgrjiloi,
819 1638 899 1767 gg
935 1637 1176 1768 είᾶῖιξθ
1226 1637 1333 1765 inS
1357 1637 1597 1767 gignit)
1649 1711 1715 1764 et
1758 1635 2231 1767 matiibttiaestzf

275 1791 494 1857 bedaei
535 1800 684 1856 tuas
723 1790 1036 1872 quasdam
1081 1786 1164 1853 ad
1198 1808 1305 1852 me
1349 1786 1594 1864 literas,
1639 1785 1873 1870 quibus
1916 1787 2055 1871 ipse
2093 1786 2224 1852 iao-

276 1875 460 1945 tabat
526 1896 598 1941 se
660 1873 782 1940 tibi
854 1871 1205 1957 aliquando
1282 1872 1729 1937 exhibiturum
1794 1872 2149 1957 negotium.
2166 1874 2223 1951 ⁴)

276 1961 360 2028 In
403 1962 485 2027 iis
528 1961 699 2026 dixit
737 1962 879 2029 fieri
924 1960 1208 2041 aliquam
1251 1957 1650 2023 mentionem
1695 1956 1776 2021 de
1818 1956 2227 2039 quorundam

273 2058 646 2114 vestrorum
687 2044 1103 2131 syndicorum
1150 2044 1483 2122 electione,
1530 2043 1703 2107 inter
1746 2062 1910 2126 quos
1954 2052 2026 2108 tu
2074 2042 2227 2109 Per-

273 2135 488 2199 rimm
544 2131 881 2210 nominas,
938 2148 1101 2214 quos
1159 2129 1388 2196 scribis
1491 2137 1790 2193 raetextu
1849 2127 2097 2194 Christi
2154 2150 2225 2195 se

271 2221 450 2302 ipsos
484 2237 798 2301 quaerere
841 2224 957 2281 aut
990 2214 1205 2279 moliri
1228 2214 1426 2298 aliqui
1514 2212 1832 2279 adversus
1858 2213 2221 2293 Christum,

273 2312 390 2370 aut
430 2302 680 2387 aliquid
724 2300 952 2368 simile.
1020 2300 1174 2366 Non
1218 2301 1380 2366 satis
1424 2310 1614 2365 teneo
1660 2300 1876 2366 verba.
1946 2298 2024 2366 Si
2066 2300 2223 2384 quid

279 2388 461 2454 aliud
503 2389 790 2454 habeant
830 2387 1062 2453 nescio.
1147 2386 1399 2452 Fassus
1441 2394 1541 2451 est
1584 2383 1951 2465 MerceriuS,
2009 2408 2080 2451 se
2123 2388 2226 2451 ni-

278 2475 377 2540 hil
420 2474 662 2540 habere
703 2472 1044 2538 literarum
1088 2492 1404 2551 mearum,
1448 2471 1834 2554 praesertim
1875 2473 1946 2536 in
1991 2472 2228 2554 quibus

279 2561 675 2713 &3330ss
677 2558 841 2711 '²53¹
842 2557 1118 2709 “3103
1122 2578 1260 2708 ‘²¹:3⁶
1287 2555 1787 2708 affimsoffioeffi
1842 2555 2063 2707 ‘¹352
2081 2578 2229 2709 ¹³32

277 2741 513 2882 aa
550 2738 1348 2898 samaram.
1370 2663 1915 2896 auxta..
1931 2665 2228 2880 a&

273 2869 448 2967 rer'is
490 2902 548 2966 si
591 2898 854 2967 audires
906 2921 1075 2983 quae
1130 2899 1417 2984 quotidie
1469 2897 1660 2965 nobis
1720 2900 2102 2965 referuntur
2144 2898 2226 2966 de

276 2986 691 3071 impudentia
745 2993 814 3052 et
867 2986 1211 3053 calumniis
1265 2985 1502 3052 horum
1557 2984 1978 3052 nebulonum.
2089 2984 2226 3053 Sed

271 3072 609 3140 Dominus
652 3071 831 3139 dabit
867 3071 1211 3156 aliquando
1253 3074 1471 3139 finem.

449 3159 610 3224 Misi
663 3158 1068 3242 exemplaria
1118 3159 1464 3225 literarum
1519 3158 1867 3242 utriusque
1928 3157 2011 3224 ad
2061 3157 2228 3224 Gar-

280 3246 527 3311 nerium
583 3264 735 3310 cum
787 3246 950 3310 meis
1013 3243 1240 3310 literis.
1343 3245 1540 3310 Mitto
1596 3243 1679 3310 ad
1737 3255 1803 3310 te
1860 3244 2225 3329 epistolam,

285 3350 479 3413 quam
536 3336 897 3396 statueram
947 3331 1306 3418 praefigere
1367 3329 1534 3395 libro
1589 3350 1737 3396 meo
1797 3329 1879 3395 de
1931 3331 2226 3396 ministe-

283 3416 402 3495 rio,
419 3415 477 3501 ὃ)
517 3415 599 3482 de
640 3437 771 3499 qua
810 3436 884 3481 re
925 3416 1081 3499 quia
1113 3417 1344 3501 scripsi
1377 3415 1699 3499 prolixius
1739 3415 1824 3481 ad
1853 3415 2226 3496 Gimrdwn,

284 3521 481 3585 quem
525 3501 721 3567 etiam
762 3501 925 3568 iussi
967 3500 1087 3568 tibi
1128 3502 1352 3570 literas
1389 3501 1870 3568 communicare
1888 3552 1906 3581 ,
1961 3501 2228 3569 brevius

280 3607 478 3738 ff
520 3594 754 3653 tecum.
840 3588 1066 3653 Unum
1106 3597 1206 3654 est
1249 3587 1331 3653 de
1373 3608 1502 3670 quo
1544 3597 1614 3653 te
1654 3588 2005 3671 praecipue
2046 3587 2229 3653 volui

435 3673 709 3752 onitum,
755 3673 877 3738 hoc
912 3679 1030 3752 est,
1074 3672 1155 3739 de
1190 3674 1443 3739 ratione
1477 3672 1732 3738 consilii
1768 3674 1919 3752 mei,
1961 3673 2116 3757 quia
2157 3674 2229 3738 in
2273 3677 2279 3755 l

281 3779 361 3824 ea
425 3778 572 3822 sum
648 3757 965 3841 prolixior
1026 3778 1223 3841 quam
1303 3760 1470 3824 forte
1536 3759 1872 3825 voluisses.
1983 3757 2231 3824 Studui

280 3849 601 3927 quantum
641 3845 822 3927 potui
864 3852 1323 3928 argumentum
1377 3844 1781 3922 contrahere,
1846 3844 2020 3928 quod
2066 3844 2231 3909 mihi

281 3930 577 3995 futurum
620 3927 832 3994 fuerat
874 3929 1160 4005 facilius,
1216 3931 1346 3996 nisi
1399 3950 1506 3994 me
1559 3930 1875 4013 temporis
1916 3930 2012 3994 ini
2055 3931 2229 3996 uitas

284 4013 367 4080 ad
411 4014 541 4079 alia
583 4016 916 4099 coegisset.
999 4013 1077 4082 Si
1116 4016 1347 4082 fuisset
1387 4016 1596 4081 solum
1622 4014 2021 4082 dedicandus
2074 4015 2229 4094 ’ber,

490 4287 550 4354 4)
591 4287 899 4357 Epistulam
933 4304 1095 4359 quam
1129 4303 1299 4358 supra
1333 4288 1513 4358 leqim‘
1544 4288 1619 4343 N.
1654 4286 1759 4342 613
1807 4287 1986 4344 Vireto
2025 4287 2231 4358 aliquis

286 4358 593 4424 summm
627 4363 759 4424 orat,
1012 4363 1200 4424 poma
1240 4356 1461 4412 Gabini
1502 4357 1815 4412 adversarii
1849 4356 2099 4412 Genevae
2127 4372 2230 4425 per

285 4426 545 4480 tabernas
588 4428 673 4481 eir
818 4426 1053 4481 orabant.
1139 4425 1333 4481 Mense
1368 4425 1517 4495 Sept.
1561 4426 1728 4481 Ῑιιιὰιο
1772 4427 1915 4481 anni
1954 4441 2044 4480 res
2089 4428 2229 4481 satis

285 4493 562 4548 invidiosa
593 4496 657 4548 in
685 4500 879 4548 senatu
910 4499 1149 4550 stactam
1177 4494 1305 4560 fuit.

491 4561 553 4629 5)
590 4562 758 4618 Liber
805 4562 1017 4644 Vin-otie-
1049 4562 1130 4616 De
1164 4563 1218 4615 la
1253 4568 1411 4645 verta
1454 4570 1513 4617 et
1546 4580 1580 4616 v
1744 4563 1818 4616 du
1853 4561 1905 4616 S.
1942 4562 2227 4644 Ministere

290 4631 662 4782 taff...
595 4646 827 4755 ...aa
848 4630 1833 4782 mamam&
1851 4631 2230 4755 mm

288 4767 695 4835 dupooeaomm
727 4783 922 4837 operte.
1002 4766 1180 4836 Quam
1226 4774 1405 4823 tamen
1443 4768 1723 4824 Gur-ardus
1757 4769 1916 4837 prelo
1956 4784 2070 4824 non
2104 4769 2229 4823 sub-

287 4837 453 4891 misit.
529 4835 1323 4906 opueipmnonocdfflm.
1393 4838 1461 4889 A.
1500 4835 1637 4891 1554
1681 4843 1844 4893 autor
1887 4837 2231 4892 inudlatim

287 4904 2228 4974 caiditeumnovadedioatimadoundmoemtmetproloea

281 4974 1781 5044 praefarioneadlcctormquffiussfflcdubioillam
1814 4975 2041 5030 eliasu
2207 5002 2228 5013 ·

288 5058 410 5125 qma
442 5042 697 5122 mnudi.
764 5042 1058 5098 Dedc‘caro'o
1090 5044 1311 5124 sianum
1355 5048 1437 5098 cst
1468 5058 1519 5097 a.
1556 5044 1608 5097 d.
1644 5042 1729 5096 12.
1769 5041 1884 5098 001.
1920 5041 2029 5100 luz.
2095 5040 2230 5125 δρδς

287 5126 472 5234 *was-''⁴⁰''
503 5126 657 5235 352⁸.
673 5111 1233 5249 23³3ssssss
1259 5109 1391 5235 ἓξὲξ
1405 5111 2227 5236 Wm··f⁰'?·1>522'÷b0⁸1⁶>{1⁸⁹.2

2095 392 2253 466 1548
2298 399 2482 467 IUN.

289 5248 582 5330 oramentis
627 5255 685 5301 et
730 5249 986 5303 ecclesiae
1020 5250 1337 5304 ministerio.
1432 5246 1661 5319 Uterque
1701 5251 1763 5304 in
1807 5256 2002 5305 nostra
2050 5254 2228 5305 eam

4157 407 4278 471 734

2336 587 2753 671 paucioribus
2879 588 3347 655 rstrinxissem.
3438 586 3573 654 Sed
3615 608 3881 657 necesse
3929 611 4070 657 esse
4114 590 4282 657 iudi-

2336 675 2482 738 cavi
2534 674 2731 756 paulo
2840 673 3040 738 'utius
3096 674 3430 738 immorari
3467 673 3537 739 in
3584 674 3966 773 explicando
4011 676 4281 742 oonsilio

2337 780 2503 836 meo,
2547 780 2674 842 quo
2718 758 2986 824 adactus
3031 780 3177 824 sum
3222 757 3305 824 ad
3349 759 3511 826 haec
3555 760 3915 837 scribenda,
3975 772 4041 825 et
4082 762 4311 826 ratio-'

2338 865 2490 910 nem
2534 864 2727 927 quam
2771 854 3091 927 sequutus
3148 866 3327 922 sum,
3387 866 3472 909 ne
3516 845 3733 923 lector,
3792 847 4079 912 incertus
4125 847 4280 930 quid

2336 930 2459 996 sibi
2503 929 2657 995 inde
2714 947 2885 995 esset
2933 929 3480 1013 exspectandum,
3536 930 3788 997 facilins
3846 931 4284 998 offenderetur

2337 1024 2406 1080 et
2439 1035 2584 1080 mea
2618 1015 2944 1081 scribendi
2981 1016 3250 1081 ratione.
3318 1016 3672 1082 Praeterea
3707 1017 3859 1099 quia
3897 1038 3975 1082 ea
4011 1018 4281 1085 distinc-

2336 1103 2428 1166 tio
2472 1101 2708 1166 horum
2765 1099 3250 1166 adverbiorum:
3310 1103 3878 1185 corporaliter
3921 1118 3988 1168 et
4032 1105 4283 1187 spiri-

2333 1186 2684 1251 tualiter
2738 1186 2897 1252 adeo
2949 1188 3283 1271 exagitata
3341 1196 3458 1267 est,
3527 1200 3595 1254 et
3659 1209 3885 1271 sparsa
3928 1190 4099 1253 inter
4142 1202 4281 1255 tam

2332 1272 2592 1350 multos,
2651 1281 2716 1337 et
2760 1272 2926 1338 aliae
2969 1272 3036 1338 id
3079 1294 3288 1357 genus
3330 1273 3635 1357 loquendi
3688 1275 3932 1339 formae
3975 1297 4136 1358 quas
4181 1277 4281 1339 in-

2333 1357 2598 1422 terdum
2641 1379 2946 1425 recenseo
3007 1379 3127 1424 nec
3186 1359 3450 1441 penitus
3509 1380 3811 1426 exsecror
3827 1359 3883 1444 ⁶)
3943 1372 4015 1424 ut
4072 1360 4282 1426 solent

2333 1444 2626 1526 plerique
2645 1495 2659 1519 ‚
2728 1443 2903 1509 volui
2974 1445 3265 1528 arripere
3324 1447 3733 1511 occasionem
3798 1446 3994 1511 huius
4059 1446 4281 1511 admo-

2332 1528 2552 1605 nendi,
2597 1531 2979 1613 praesertim
3035 1551 3236 1613 quum
3293 1530 3649 1597 habeamus
3706 1542 3960 1597 veteres
4015 1543 4081 1596 et
4124 1552 4281 1597 neo-

2333 1614 2570 1681 tericos
2624 1635 2903 1698 quorum
2959 1616 3309 1681 autoritate
3345 1617 3737 1681 sententiam
3781 1628 4072 1683 nostram
4114 1617 4287 1682 tueri

2331 1720 2696 1783 possumus.
2765 1701 3146 1767 Potuissent
3188 1700 3304 1766 illa
3348 1722 3465 1767 suo
3500 1701 3642 1767 loeo
3678 1702 4077 1769 commodius
4112 1714 4283 1768 trac-

2329 1787 2490 1851 tari:
2536 1785 2651 1851 sed
2695 1787 2846 1868 quia
2888 1795 3046 1852 tunc
3088 1787 3265 1852 locus
3299 1808 3432 1851 non
3468 1789 3845 1854 occurrebat
3882 1798 3947 1853 et
4033 1788 4142 1853 uia
4175 1809 4281 1853 res

2329 1871 2625 1938 nondum
2670 1881 2809 1937 tam
2853 1882 3045 1938 erant
3078 1872 3509 1949 exulceratae,
3554 1894 3685 1938 non
3731 1894 3800 1939 se
3844 1874 4000 1939 obtu
4032 1875 4083 1940 ‘t
4125 1890 4279 1940 tunc

2329 1958 2597 2023 occasio.
2687 1954 2764 2024 Si
2810 1958 2931 2023 tibi
2964 1964 3183 2024 tamen
3225 1980 3358 2024 non
3401 1959 3716 2042 probatur
3757 1960 3931 2043 quod
3975 1981 4116 2045 ago,
4163 1959 4280 2026 tibi

2329 2043 2434 2107 ius
2478 2063 2672 2109 omne
2714 2045 3052 2128 permitto,
3108 2053 3303 2128 teque
3348 2045 3613 2111 obsecro
3657 2053 3734 2110 ut
3775 2045 4067 2129 corrigas
4109 2044 4280 2129 quod

2330 2127 2664 2196 videbitur
2680 2179 2695 2207 ,
2757 2127 2987 2208 addas,
3047 2128 3354 2196 detrahas
3398 2151 3532 2195 non
3573 2152 3760 2197 secus
3804 2152 3879 2196 ac
3924 2133 3979 2195 si
4021 2152 4126 2196 res
4169 2142 4282 2197 tua

2331 2222 2669 2298 ageretur:
2717 2222 2782 2280 et
2825 2229 3172 2299 postquam
3213 2214 3338 2281 hoc
3381 2217 3514 2280 iam
3556 2216 3722 2282 mihi
3766 2216 4052 2282 officium
4095 2238 4280 2299 prae·

2330 2299 2573 2377 stitisti,
2618 2310 2696 2365 ut
2736 2321 2870 2365 non
2913 2301 3002 2367 sis
3044 2301 3388 2368 lectionem
3433 2301 3825 2386 dedignatus
3864 2301 4013 2367 libri
4058 2303 4280 2381 totius,

2331 2406 2415 2450 ne
2455 2384 2621 2450 mihi
2666 2384 2948 2471 deneges
3006 2387 3184 2452 huno
3240 2395 3645 2472 postremum
3701 2387 3991 2452 laborem
4039 2388 4109 2451 in
4154 2409 4281 2469 quo

2332 2491 2541 2555 paene
2599 2471 2747 2555 plus
2808 2481 2909 2537 est
2964 2472 3255 2556 periculi.
3359 2470 3434 2539 Si
3494 2482 3684 2558 putes
3738 2494 3869 2538 non
3915 2494 4055 2538 esse
4101 2472 4280 2538 dedi-

2331 2556 2633 2636 candum,
2680 2565 2751 2622 tu
2788 2557 2973 2623 facile
3007 2556 3260 2623 videbis
3297 2579 3463 2641 quae
3497 2560 3632 2625 sint
3665 2558 4037 2625 resecanda.
4108 2559 4280 2623 Rem

2331 2652 2538 2708 totam
2584 2654 2698 2707 tuo
2742 2644 3078 2710 committo
3122 2644 3409 2709 arbitrio.
3499 2644 3651 2710 Reli
3697 2666 3782 2709 ua
3815 2666 3899 2709 ex
3943 2644 4152 2709 literis
4198 2644 4279 2710 ad

2339 2728 2695 2794 Gir-ardum
2736 2728 3094 2814 intelliges,
3154 2739 3218 2794 et
3277 2751 3443 2813 quae
3499 2731 3586 2796 sit
3707 2729 3895 2796 areni
3959 2730 4280 2795 sententia

2332 2824 2399 2880 et
2441 2814 2717 2879 fratrum
2774 2836 2973 2898 super
3029 2814 3154 2881 hac
3211 2837 3314 2897 re,
3369 2838 3518 2882 cum
3575 2814 3811 2899 quibus
3866 2816 3975 2882 hic
4019 2816 4279 2881 contuli.

2331 2898 2438 2964 De
2504 2899 2716 2965 titulis
2781 2899 3086 2966 nonnihil
3155 2910 3256 2968 est
3321 2900 3744 2985 disputatum.
3766 2906 3821 2974 7)
3926 2899 4103 2967 Sunt
4161 2901 4274 2984 qui

2330 2995 2568 3068 putent
2626 2986 3051 3070 appellandos
3107 3008 3250 3053 esse
3304 2988 3635 3071 principes
3650 3040 3664 3066 ,
3722 2986 3835 3053 alii
3877 3009 4027 3053 non.
4116 2987 4279 3072 Ego,

2330 3072 2485 3156 quia
2525 3093 2761 3155 parum
2795 3075 2957 3139 istas
2991 3072 3332 3139 titulorum
3369 3073 3818 3140 distinctiones
3852 3075 4027 3154 novi,
4063 3073 4282 3140 omnia

2331 3157 2416 3223 ad
2457 3166 2645 3222 tuum
2699 3157 3014 3225 iudicium
3055 3159 3286 3226 refero.
3376 3157 3567 3227 Sicut
3621 3159 3820 3225 velim
3876 3160 4280 3245 magistrati-

2330 3244 2453 3310 bus
2497 3264 2687 3309 suum
2732 3243 3047 3310 honorem
3103 3244 3355 3311 deferre
3371 3297 3388 3324 ,
3445 3246 3538 3310 ita
3590 3245 3792 3311 velim
3854 3246 3936 3312 ab
3989 3253 4279 3312 assenta-

2329 3330 2508 3396 tione
2551 3349 2748 3481 ‹3uam
2790 3329 3170 3415 longissime
3214 3332 3457 3397 abesse.
3527 3329 3720 3412 Quod
3764 3333 3821 3398 si
3854 3331 4009 3415 quid
4053 3332 4122 3395 in
4156 3330 4277 3397 hac

2330 3424 2516 3499 parte
2604 3415 2904 3495 esideres,
2965 3416 3024 3481 si
3064 3423 3289 3482 tamen
3344 3416 3477 3483 illis
3530 3425 3724 3501 putes
3778 3439 3919 3484 esse
3977 3415 4279 3483 dedican-

2331 3500 2509 3579 dum,
2553 3509 2620 3568 te
2665 3523 2779 3568 oro
2796 3553 2811 3582 ,
2868 3510 2942 3567 ut
2995 3502 3285 3586 corrigas
3300 3553 3317 3581 ,
3371 3522 3504 3568 non
3548 3502 3761 3569 solum
3803 3503 4278 3583 salutationem,

2331 3587 2448 3653 sed
2491 3588 2744 3671 reliqua
2786 3588 3022 3653 omnia.

2504 3673 2649 3740 Has
2702 3673 2834 3738 iam
2887 3674 3206 3740 hactenus
3247 3674 3751 3757 perscripseram
3766 3725 3781 3751 ,
3839 3696 4042 3757 quum
4085 3673 4282 3739 rediit

2334 3779 2521 3825 meus
2577 3758 2866 3825 famulus
2920 3781 3070 3826 cum
3128 3760 3264 3826 tuis
3321 3758 3547 3825 literis.
3576 3759 3629 3844 θ)
3716 3759 4140 3843 Scripsissem
4195 3759 4277 3825 ad

2334 3852 2398 3912 te
2431 3865 2550 3928 per
2592 3844 2797 3924 illum,
2843 3846 2898 3911 si
2933 3853 3111 3912 certo
3150 3866 3513 3928 sperassem
3549 3867 3698 3910 eum
3736 3845 3820 3910 ad
3857 3865 3971 3911 vos
4008 3847 4275 3913 iturum.

2333 3930 2530 3995 Mitto
2598 3929 2682 3996 ad
2748 3940 2814 3996 te
2878 3930 3219 4014 exemplar
3283 3931 3622 3997 literarum
3682 3931 4123 3997 Bernensium
4194 3931 4279 3997 ad

2332 4036 2457 4081 me.
2485 4019 2536 4098 ¹³)
2644 4015 2839 4082 Perle
2889 4017 2903 4030 '
2985 4016 3385 4100 exemplaria
3453 4023 3717 4081 tuarum
3792 4016 4132 4083 literarum
4193 4016 4277 4082 ad

2335 4101 2673 4168 Halkrum
2716 4110 2782 4167 et
2890 4102 3288 4186 ullinyerum.
3379 4102 3531 4168 Non
3589 4101 3811 4168 dubito
3868 4104 4025 4187 quin
4070 4123 4276 4169 novas

2333 4188 2524 4253 nobis
2566 4187 2770 4253 furias
2813 4188 3131 4268 excitent,
3187 4189 3241 4254 si
3286 4189 3365 4253 iis
3409 4189 3972 4254 communicentur
3994 4192 4074 4268 ¹⁰)
4159 4209 4277 4254 uos

2334 4274 2545 4357 magis
2579 4283 2904 4355 premunt.
2974 4271 3165 4354 Quod
3199 4274 3466 4339 omnino
3501 4283 3720 4340 metuo
3752 4275 4065 4340 futurum.
4184 4275 4277 4340 cis

2334 4359 2513 4424 enim
2555 4379 2720 4441 quae
2763 4358 2852 4424 sit
2891 4358 3311 4425 consiliorum
3368 4361 3864 4427 communicatio
3916 4361 4090 4424 inter
4143 4381 4272 4425 eos.

2333 4444 2670 4510 Perferam
2715 4454 2935 4509 tamen
2970 4465 3136 4528 quae
3192 4444 3275 4510 ad
3322 4445 3657 4511 Hallerum
3700 4444 4100 4512 scribuntur:
4159 4467 4273 4510 ne·
4374 4517 4381 4523 ,

2330 4550 2462 4680 zue
2505 4527 2859 4629 quidquam
2892 4550 3024 4630 'me
3080 4538 3525 4597 remoraretur
3576 4532 3927 4631 quominus
3987 4540 4134 4595 tuas
4191 4529 4268 4597 ad

2396 4615 2776 4699 uzlmyemm
2818 4614 3169 4682 mittendas
3211 4637 3530 4696 curarem,
3575 4639 3704 4682 n1s1
3746 4636 4011 4683 vererer
4067 4638 4149 4680 ne
4192 4638 4273 4680 us

2330 4699 2572 4766 offendi
2639 4708 2861 4784 posset
2930 4701 3314 4768 Gualthorus
3380 4711 3450 4768 et
3510 4701 3673 4767 mihi
3737 4703 3880 4768 fieri
3940 4702 4269 4768 infensior.

2533 4902 2595 4973 6)
2626 4905 2758 4960 haec
2789 4921 2898 4961 vox
2933 4906 2995 4960 in
3028 4905 3278 4961 omnibu
3310 4922 3347 4960 a
3386 4905 3647 4975 nymphis
3681 4908 3896 4960 osni-vsa.
4010 4904 4017 4912 '

2633 4972 2833 5043 Nuper
2876 4973 3140 5029 Halteras
3183 4973 3289 5039 (N.
3356 4972 3486 5039 088)
3530 4974 3672 5029 noer·
3671 4981 3755 5042 at,
3802 4991 3965 5045 quum
4015 4973 4270 5029 Lama·

2779 5042 3508 5099 ‘Bumenidum-msam
3547 5043 3753 5098 memo·
3657 5042 3670 5056 ⁶
3754 5045 3965 5098 scotos
3998 5044 4245 5112 pmetpe‘
4172 5045 4272 5095 ‘s

2690 5152 2705 5178 ,
2738 5113 2904 5182 quaa·
2932 5111 3019 5167 ab·
3050 5113 3186 5166 tales
3217 5111 3449 5166 honores

2533 5178 2595 5317 33
2622 5180 3346 5304 Wfff'mffl

2504 5317 2594 5384 10)
2630 5316 2995 5374 Kilchmen‘ero
3027 5323 3080 5373 ot
3115 5315 3461 5386 Rutula-950.

2327 5057 2521 5097 nenses
2536 4972 2569 5026 7

3599 5117 3877 5168 mamm.
