4825 6175
655 400 814 463 7111

657 585 805 668 quis
846 584 917 648 in
960 604 1036 648 ea
1081 582 1186 648 vel
1229 581 1571 667 paululum
1621 583 2044 682 tergiversari
2089 581 2338 648 debeat.
2427 580 2604 647 Puto

655 670 678 736 i
729 671 889 747 ‘tur,
950 670 1040 733 mi
1113 668 1347 747 Virete,
1418 668 1501 733 ad
1557 669 1904 753 pristinam
1961 667 2447 752 simplieitatem
2503 687 2605 732 re-

701 755 987 821 eundum
1037 774 1196 831 esse,
1249 775 1353 827 ne,
1408 753 1563 819 dum
1613 751 1826 821 indies
1875 771 2088 820 novas'
2126 751 2436 838 loquendi
2469 752 2603 817 for·

653 841 868 907 mulas
926 841 1127 906 etiam
1188 840 1368 924 pacis
1434 838 1651 905 studio
1714 839 2065 922 recipimus
2082 891 2097 918 ,
2165 848 2233 905 et
2296 838 2607 904 ecclesiae

655 928 939 1010 suspecti
1014 924 1397 1002 reddamur,
1476 934 1541 990 et
1604 946 1828 1010 pacem
1892 924 2232 991 turbemus
2296 924 2604 989 maxime.

653 1011 795 1078 Nec
839 1012 1015 1077 euim
1060 1010 1253 1076 video
1295 1030 1520 1094 pacem
1564 1011 1741 1076 inter
1783 1009 2088 1077 ecclesias
2130 1011 2322 1090 coire,
2371 1010 2431 1076 si
2472 1010 2605 1075 for-

652 1097 851 1164 mulis
896 1105 1173 1162 utantur
1216 1097 1571 1180 ambiguis,
1627 1118 1787 1179 quas
1835 1096 2081 1181 singuli
2139 1117 2295 1162 suae
2339 1104 2605 1161 senten-

654 1184 785 1249 tiae
828 1180 1388 1249 accommodantes
1448 1202 1569 1247 ceu
1624 1202 1838 1249 ceram
1900 1190 2180 1249 tractare
2235 1191 2303 1247 et
2359 1189 2605 1247 retrac-

653 1276 797 1334 tare
840 1268 1063 1334 velint.
1156 1266 1343 1332 Haec
1400 1287 1474 1331 eo
1530 1269 1749 1334 animo
1807 1268 2086 1350 accipias
2142 1268 2342 1333 velim
2394 1286 2525 1352 quo
2567 1287 2608 1331 a

653 1375 760 1420 me
802 1355 1045 1438 scripta
1088 1360 1264 1418 sunt.
1332 1352 1477 1418 Nisi
1523 1354 1697 1418 enim
1742 1361 1812 1418 et
1853 1360 1921 1419 te
1964 1374 2253 1420 amarem
2299 1361 2368 1419 et
2409 1351 2610 1420 eccle-

654 1439 786 1505 siae
823 1447 1084 1504 vestrae
1123 1436 1338 1503 studio
1374 1446 1652 1516 tenerer,
1690 1439 1924 1505 maiori
1961 1440 2158 1505 etiam
2193 1459 2391 1523 quam
2427 1437 2607 1505 credi

651 1526 890 1609 possit,
958 1543 1294 1608 nunquam
1360 1543 1436 1588 ea
1499 1524 1784 1590 scribere
1840 1524 2270 1591 instituissem
2336 1544 2504 1608 quae
2569 1545 2609 1589 a

652 1609 993 1676 nonnullis
1049 1610 1382 1675 sinistrius
1439 1612 1642 1694 accipi
1708 1623 1967 1695 queant.
2079 1610 2263 1677 Vale.
2375 1609 2608 1694 'rigari

654 1694 963 1762 Calendis
1007 1695 1183 1760 Iunii
1236 1699 1413 1759 1548.
2145 1728 2148 1735 ·

1530 2221 1724 2293 1⁰28.

1180 2374 1586 2444 VIRETUS
1631 2375 2067 2445 CALVINO.

825 2547 1082 2614 Calvino
1125 2549 1259 2613 iam
1309 2548 1624 2614 Genevam
1669 2568 1912 2614 reverso
1969 2568 2132 2615 nova
2175 2549 2483 2643 quaedam
2527 2568 2605 2612 ex

644 2634 898 2718 collegio
939 2633 1309 2719 colleqarum
1367 2633 1750 2699 Vadensiam
1793 2635 2064 2701 nunciat.

957 2805 1068 2870 (Ex
1105 2804 1443 2874 autographo
1480 2804 1609 2859 Cod.
1648 2804 1782 2858 Gen.
1823 2804 1976 2858 111⁸.
2011 2804 2103 2858 fol.
2146 2804 2290 2870 169.)

814 2992 1077 3058 Eximio
1137 2992 1387 3059 Christi
1446 3012 1636 3058 servo
1678 2990 1919 3059 Ioanni
1963 2993 2242 3060 Calvino
2303 2995 2494 3061 fratri
2537 3003 2604 3061 et

646 3089 1047 3166 symmystae
1094 3101 1291 3164 quam
1336 3079 1691 3146 carissimo,

2009 3167 2341 3235 Genevae.

819 3301 889 3368 S.
960 3301 1185 3383 Quum
1229 3302 1335 3369 hic
1380 3322 1555 3369 esses
1582 3302 1629 3390 ¹)
1675 3302 1913 3370 oblitus
1957 3325 2104 3370 sum
2149 3306 2265 3370 abs
2308 3311 2374 3370 te
2419 3326 2603 3389 repe-

644 3396 786 3454 tere
843 3389 1088 3471 scripta
1144 3388 1260 3453 illa
1323 3397 1550 3454 nostra
1607 3409 1776 3472 quae
1832 3390 2160 3474 'fig-urum
2214 3390 2458 3466 tulisti,
2527 3402 2601 3456 tu

646 3494 897 3558 quoque
939 3494 1017 3538 ea
1058 3474 1246 3539 nobis
1281 3474 1666 3558 relinquere.
1687 3478 1746 3552 2)
1814 3475 2103 3542 Proinde
2137 3476 2240 3544 fac
2273 3485 2353 3541 ut
2384 3477 2597 3560 primo

648 3580 906 3643 quoque
971 3567 1263 3642 tempore
1339 3581 1459 3644 per
1520 3560 1726 3627 fidum
1807 3563 2122 3629 nuncium
2206 3562 2600 3640 referant-ur,

651 3646 803 3728 quia
845 3645 926 3708 iis
970 3645 1156 3710 nobis
1200 3647 1328 3711 erit
1368 3667 1549 3730 opus,
1577 3649 1632 3726 ⁸)
1693 3658 1758 3711 et
1813 3668 2008 3731 quam
2067 3649 2200 3714 cito
2249 3649 2441 3714 nobis
2497 3650 2600 3713 in-

648 3740 921 3798 certum.
1007 3730 1114 3795 Ex
1157 3739 1271 3797 tuo
1317 3732 1471 3798 hinc
1516 3730 1802 3798 discessu
1859 3733 2023 3798 nihil
2081 3735 2355 3819 contigit
2397 3753 2601 3800 nova?

649 3838 798 3883 rum
843 3836 1085 3893 rerum,
1131 3817 1254 3882 nisi
1301 3818 1473 3900 quod
1515 3820 1785 3894 interea,
1844 3818 2000 3884 dum
2057 3819 2285 3885 classis
2339 3819 2602 3887 consul-

651 3903 832 3968 tabat
875 3900 954 3965 de
997 3901 1296 3985 eligendo
1341 3904 1646 3969 ministro
1691 3908 1804 3988 qui
1820 3905 2119 3990 Neopagi
2164 3905 2600 3985 sufficeretur,

651 3986 916 4071 quidam
952 3988 1160 4052 nostri
1206 3989 1506 4071 colloquii
1528 3990 2040 4070 Lausannensis,
2085 3992 2194 4075 qui
2242 4013 2278 4056 e
2321 4012 2600 4057 numero

650 4077 867 4140 fuerat
899 4072 1435 4139 scholasticorum
1481 4075 2071 4159 stipendiariorum,
2117 4077 2285 4143 clam
2329 4099 2399 4143 se
2436 4077 2602 4143 Ber-

654 4180 811 4225 nam
845 4160 1107 4240 recepit,
1151 4169 1218 4223 et
1260 4161 1475 4225 effecit
1508 4163 1644 4227 suis
1679 4170 1745 4227 ct
1777 4183 2047 4227 suorum
2089 4162 2339 4230 artibus
2381 4172 2461 4229 ut
2491 4164 2603 4228 ille

653 4244 967 4311 ecclesiae
1039 4256 1258 4326 pastor
1324 4249 1844 4313 constitueretur.
1948 4247 2157 4314 Vides
2234 4262 2311 4314 ut
2386 4249 2602 4314 modis

657 4329 960 4395 omnibus
1005 4327 1287 4394 Satanas
1331 4332 1665 4398 ecclesiam
1713 4333 1978 4400 turbare
2037 4343 2310 4401 conetur
2351 4342 2421 4400 et
2461 4356 2601 4401 om-

653 4417 766 4480 nia
805 4424 1200 4500 pervertere.
1287 4415 1491 4483 Nobis
1550 4420 1757 4504 magis
1821 4419 1994 4485 dolet
2038 4420 2209 4503 quod
2256 4419 2427 4486 nihil
2472 4420 2602 4485 tale

654 4501 735 4567 de
776 4523 851 4567 eo
896 4501 1160 4566 homine
1206 4502 1724 4584 suspicabamur,
1769 4507 2070 4588 quamvis
2113 4528 2248 4572 non
2298 4507 2604 4572 deessent

653 4587 766 4670 qui
812 4586 1058 4669 aliquid
1101 4586 1609 4655 subolfecissent.
1696 4589 1982 4657 Consule
2038 4591 2195 4675 quid
2250 4592 2439 4659 nobis
2482 4613 2605 4675 pu-

653 4682 754 4737 tes
796 4685 993 4756 super
1038 4672 1160 4738 hac
1203 4692 1277 4737 re
1320 4672 1708 4741 faciendum.
1799 4675 2226 4761 Suspicamur
2265 4685 2609 4762 praeterea

656 4962 841 5017 1028.
878 4963 931 5028 1)
971 4962 1045 5015 In
1091 4962 1283 5016 itinere
1341 4962 1539 5017 ‘Ru-ico
1592 4963 1860 5020 Genevam
1908 4981 2123 5034 versas,
2183 4966 2438 5023 Calendis
2488 4969 2607 5035 fere

657 5032 845 5086 Iuniis
877 5031 960 5085 vel
983 5030 1270 5098 postridie.

860 5098 923 5163 2)
958 5100 1071 5154 scil.
1108 5099 1304 5154 oblitus
1337 5115 1408 5154 cs.

863 5167 924 5236 3)
963 5168 1149 5222 Erant
1184 5170 1303 5234 hae,
1336 5169 1450 5223 nisi
1477 5168 1744 5238 fallimur,
1779 5172 1931 5241 ipsae
1965 5172 2449 5229 Larmene-‘um
2477 5189 2606 5244 pro·

653 5237 953 5307 positiones
1001 5238 1068 5290 de
1100 5238 1427 5305 ministerio,
1476 5245 1525 5292 et
1554 5239 1815 5305 fortassis
1859 5241 1976 5297 alia
2020 5241 2098 5298 ad
2131 5259 2355 5299 causam
2389 5243 2608 5299 Ber-nae

656 5313 836 5363 actam
873 5314 922 5362 ct
956 5306 1224 5376 aqendam
1253 5309 1606 5376 pertinentia.

2160 391 2684 461 EPISTOLAE
2736 395 3155 458 1027-1030

4519 391 4623 454 712

2711 601 2917 646 unum
2962 603 3045 647 ex
3089 602 3318 648 eorum
3360 601 3635 646 numero
3676 580 3970 645 Bernam
4029 598 4108 645 ea
4161 597 4358 645 causa
4409 578 4627 662 profec-

2709 673 2869 747 tum,
2916 675 2993 732 ut
3032 665 3208 745 huic,
3255 667 3368 750 qui
3411 665 3535 732 hac
3580 666 3689 743 via
3728 665 3800 731 in
3845 664 4027 730 illam
4069 664 4409 731 ecclesiam
4450 684 4517 729 se
4545 664 4627 728 in·

2708 751 2922 831 trusit,
2967 752 3377 819 sufficeretur
3419 754 3493 817 in
3534 751 3900 818 ministerio
3945 749 4117 835 quod
4163 749 4268 816 hic
4323 749 4392 813 in
4436 750 4628 832 proxi-

2707 838 2834 903 mis
2870 839 3064 937 pagis
3122 838 3485 905 exercebat.
3588 836 3770 918 Quid
3825 837 4116 903 effecerit
4167 835 4275 902 hic
4332 835 4628 902 secundus

2708 942 3037 990 nescimus
3079 922 3360 991 necdum
3404 925 3566 990 satis
3609 921 3795 989 nobis
3839 930 4098 990 constat
4131 944 4216 987 an
4260 919 4328 986 id
4372 921 4627 987 tentarit.

2708 1007 3088 1075 Vehemens
3130 1018 3351 1076 tamen
3396 1017 3499 1077 est
3542 1009 3841 1092 suspicio,
3896 1029 3982 1075 ne
4025 1030 4108 1075 ue
4163 1005 4475 1073 dissimile
4515 1007 4631 1071 veri

2710 1101 2815 1160 est
2859 1096 3034 1161 inter
3074 1094 3194 1163 hos
3228 1095 3428 1161 fuisse
3472 1094 3913 1162 collusionem.
4033 1092 4115 1160 ed
4157 1091 4486 1159 Dominus
4516 1112 4630 1157 om·

2709 1179 2823 1245 nia
2876 1180 3209 1247 revelabit.
3313 1181 3628 1248 Salutant
3694 1190 3760 1245 te
3814 1181 4027 1246 nostri
4080 1199 4324 1246 omnes.
4427 1175 4633 1244 Saluta

2708 1286 2983 1333 uxorem
3026 1288 3172 1333 meo
3215 1276 3283 1333 et
3324 1288 3509 1333 meae
3553 1265 3778 1332 uxoris
3833 1266 4117 1332 nomine.
4205 1263 4392 1329 Vale.
4477 1263 4632 1328 Lau·

2708 1372 2955 1418 sannae
3000 1357 3058 1417 4.
3103 1352 3285 1419 Iunii
3334 1358 3516 1417 1548.

3692 1488 3873 1555 Tuus
3917 1489 4158 1554 Petrus
4199 1486 4488 1553 Viretus.

3590 2084 3783 2156 1029.

3242 2240 3707 2308 CALVINUS
3752 2238 4122 2306 VIRE'PO.

2882 2410 3121 2478 Paucis
3179 2410 3428 2497 attingit
3481 2413 3659 2478 modo
3698 2434 3741 2478 a
3792 2412 3996 2478 Vir-eto
4038 2411 4266 2491 relata,
4321 2409 4633 2477 concilium

2709 2498 2889 2564 addit
2929 2498 3007 2563 de
3041 2498 3468 2581 persequenda
3495 2497 3750 2563 Bernae
3793 2517 4003 2563 causa.
4090 2496 4327 2563 Uxoris
4354 2516 4505 2562 suae
4539 2496 4637 2561 ad-

2707 2589 2952 2649 ventum
2995 2584 3385 2650 Lau-sannae
3427 2585 3698 2650 nunciat.

2711 2771 2822 2837 (Ex
2858 2772 3193 2842 autographo
3230 2771 3360 2827 Cod.
3398 2771 3601 2828 Genev.
3638 2770 3753 2837 106,
3804 2772 3895 2825 sol.
3930 2769 4035 2824 218
4069 2787 4244 2825 verso.
4320 2770 4533 2840 Scripta
4564 2776 4634 2823 est

2710 2840 2854 2893 enim
2888 2840 2945 2894 in
2992 2840 3181 2895 eadem
3228 2840 3417 2894 charta
3463 2856 3602 2909 quae
3650 2842 3816 2894 habet
3852 2840 4035 2893 Vireti
4071 2856 4156 2909 ep.
4192 2839 4262 2893 ad
4297 2839 4635 2893 Gualtherum

2709 2908 2778 2962 N.
2819 2906 2968 2963 1084.
3038 2909 3230 2962 Descri
3269 2915 3329 2961 ta
3362 2910 3383 2963 l
3455 2910 3564 2964 ‘tur
3597 2925 3759 2963 manu
3795 2909 4081 2963 Ionvillaei
4114 2909 4169 2962 in
4207 2908 4338 2963 Ood.
4374 2907 4524 2961 111⁸.
4557 2907 4637 2961 fol.

2708 2975 2777 3030 27
2814 2994 2881 3043 v.,
2917 2977 3198 3032 Turretini
3312 2978 3363 3031 d.
3436 2977 3519 3044 11,
3556 2979 3648 3031 fol.
3687 2976 3805 3045 156,
3838 2983 3955 3031 tum
3992 2979 4157 3031 etiam
4192 2979 4249 3030 iu
4286 2978 4452 3031 Arch.
4487 2978 4635 3031 Bern.

2966 3046 3106 3117 Epp.
3146 3047 3269 3101 VH.
3305 3065 3359 3117 p.
3394 3044 3500 3101 880
3533 3052 3591 3101 et
3624 3048 3770 3117 apud
3804 3046 4090 3102 Simlerum
4128 3046 4249 3103 Vol.
4284 3045 4398 3113 67.)

2749 3250 2966 3317 Fideli
3010 3249 3260 3317 Christi
3305 3272 3493 3318 servo
3527 3251 3728 3318 Petro
3772 3252 4003 3317 Vireto
4040 3251 4226 3317 fratri
4269 3251 4609 3318 carissimo.

2879 3386 3161 3468 Quando
3207 3389 3327 3454 tibi
3350 3388 3657 3456 Enardas
3682 3394 3728 3470 ¹)
3774 3389 4107 3469 satisfecit,
4152 3389 4436 3474 gaudeo:
4483 3409 4633 3456 sem-

2704 3495 2820 3558 per
2864 3475 3038 3540 enim
3084 3474 3309 3558 optavi
3356 3475 3554 3540 talem
3613 3496 3756 3541 esse
3810 3475 4021 3560 qualis
4082 3474 4164 3541 ab
4221 3476 4415 3542 initio
4465 3475 4632 3542 nobis

2704 3560 2891 3625 visus
2933 3559 3172 3625 fuerat.
3238 3561 3347 3625 Ex
3389 3562 3668 3644 pecunia
3701 3583 3898 3645 quam
3941 3561 4061 3626 tibi
4106 3561 4416 3628 miseram
4460 3561 4634 3627 intel-

2702 3646 2908 3730 ligere
2988 3646 3256 3729 potuisti
3319 3647 3646 3713 Davidem
3729 3647 4084 3713 Verendum
4101 3650 4156 3724 2)
4230 3648 4396 3713 mihi
4459 3650 4636 3714 finisse

2705 3750 2917 3798 curae.
3000 3730 3137 3797 Sed
3180 3730 3441 3815 quando
3491 3732 3684 3798 aliter
3739 3732 3972 3800 cecidit
4008 3753 4200 3817 quam
4236 3745 4630 3817 putaveram,

2705 3817 3022 3884 viaticum
3065 3817 3162 3882 illi
3199 3816 3364 3884 dedi.
3454 3817 3559 3884 De
3601 3819 3850 3886 illicitis
3892 3819 4380 3903 obreptionibus
4401 3820 4457 3906 ⁸)
4502 3818 4633 3903 quid

2706 3902 2883 3968 aliud
2950 3902 3377 3982 consulerem,
3448 3925 3644 3987 quam
3710 3913 3788 3971 ut
3852 3905 4189 3972 Halleram
4250 3906 4634 3971 monendum

2705 3990 2965 4067 curetis,
3010 3988 3246 4054 deinde
3289 3998 3364 4054 ut
3408 3999 3675 4056 senatus
3711 3991 4157 4057 admoneatur.
4226 3991 4439 4058 Crede
4484 3992 4634 4056 enim

2704 4075 2886 4148 mihi,
2955 4093 3131 4140 nunc
3197 4083 3333 4140 tam
3399 4076 3717 4142 bonorum
3784 4098 3975 4160 quam
4031 4078 4350 4142 malorum
4413 4079 4482 4143 in
4536 4097 4633 4140 vos

2705 4162 2979 4227 coniecti
3024 4169 3181 4226 sunt
3224 4161 3412 4228 oculi.
3480 4160 3862 4228 Observant
3904 4164 4167 4247 utrique
4208 4162 4520 4247 quidnam
4558 4162 4634 4226 sit

2707 4246 2889 4312 vobis
2933 4248 3151 4311 animi.
3241 4246 3526 4313 Cordate
3581 4247 3832 4333 agendo
3882 4259 3950 4313 et
4008 4249 4182 4332 apud
4224 4248 4369 4314 illos
4415 4249 4634 4315 retine-

2707 4330 2861 4397 bitis
2905 4352 3049 4397 eam
3095 4352 3263 4415 quae
3306 4356 3480 4400 nunc
3534 4335 3670 4400 fere
3725 4333 4133 4418 periclitatur
4176 4336 4544 4419 opinionem
4582 4339 4635 4397 et

2706 4417 2812 4483 his
2845 4418 3154 4485 ferociam
3196 4418 3527 4486 minuetis.
3616 4421 3720 4485 De
3764 4428 3941 4486 statu
3984 4427 4227 4498 nostro,
4287 4421 4399 4487 ubi
4444 4418 4633 4485 defer·

2707 4502 2970 4569 buerint
3042 4503 3339 4570 insaniae
3416 4514 3791 4592 nostrorum
3856 4507 4200 4572 hominum
4218 4558 4233 4585 ,
4313 4506 4436 4571 tibi
4497 4504 4632 4571 sori-

2706 4590 2875 4654 bam.
2894 4589 2951 4675 ⁴)
3039 4589 3226 4671 Vale,
3261 4590 3467 4656 frater
3510 4591 3919 4658 amicissime.
4010 4591 4247 4658 Saluta
4288 4592 4524 4658 fratres
4574 4597 4629 4653 et

2707 4695 2983 4741 uxorem
2999 4727 3014 4752 ,
3089 4695 3254 4759 quae
3316 4677 3513 4743 simul
3577 4697 3653 4744 ac
3716 4686 3975 4762 partum
4045 4676 4323 4744 ediderit
4384 4693 4630 4745 uxorem

2705 4966 2890 5021 1029.
2913 4966 2972 5033 1)
3010 4967 3101 5021 An
3142 4966 3393 5021 Pichon?
3459 4967 3550 5022 De
3594 4984 3701 5039 qao
3744 4975 3923 5023 tamen
3971 4968 4226 5024 damme
4265 4967 4446 5036 possis
4486 4979 4628 5036 quun

2718 5035 2900 5092 Via-eto
2934 5051 3056 5091 cum
3090 5036 3190 5091 hoc
3221 5036 3363 5091 πίλα
3499 5038 3602 5092 otii
3633 5043 3798 5092 antea
3910 5038 3922 5052 “
3948 5053 4003 5092 ce
4035 5038 4096 5091 vi

2910 5103 2946 5157 2
3018 5105 3287 5160 Veronam
3318 5119 3354 5159 v
3488 5113 3549 5163 at
3585 5106 3896 5162 Gammae
3930 5106 4005 5162 N.
4041 5104 4161 5160 910.

2912 5172 2947 5226 3
3020 5173 3153 5229 Vide
3198 5174 3375 5230 Vir-eti
3396 5176 3816 5245 praecedentem.

2911 5240 2947 5295 4
3009 5240 3654 5302 Pridienonaelanias
3692 5242 4627 5312 ainamma-wodeston·-

2709 5312 2836 5369 dam
2871 5312 3165 5368 insolentia
3199 5318 3420 5382 questus
3454 5319 3586 5369 erat.
3658 5312 3826 5383 (Req.
3861 5312 3939 5367 du
3977 5310 4230 5379 cumea.)
