4825 6175
648 435 771 497 683

643 618 917 685 mandez
960 619 1109 694 moi,
1148 616 1229 683 sil
1274 638 1437 683 vous
1479 616 1706 700 plaist‚
1762 637 1844 681 en
1905 637 1995 679 un
2041 624 2207 693 mot,
2263 628 2444 697 quon
2501 614 2597 680 les

645 705 968 788 imprime,
1013 712 1089 768 et
1115 704 1164 768 il
1208 723 1279 768 se
1320 702 1479 768 fera.
1504 705 1559 780 ⁹)
2369 754 2377 762 .

816 790 951 855 Sur
984 796 1077 867 ce.
1114 789 1603 873 Monseigneur,
1642 809 1833 872 apres
1869 798 2109 853 mestre
2143 786 2597 851 humblement

645 874 1101 942 recommande
1145 897 1186 940 a
1228 882 1448 940 vostre
1501 872 1715 939 bonne
1759 894 1977 958 grace,
2033 874 2097 938 ie
2140 872 2403 957 prieray
2447 893 2597 938 nos·

644 970 749 1028 tre
792 961 924 1026 bon
969 960 1141 1026 Dieu
1188 959 1268 1025 de
1310 981 1475 1025 vous
1517 960 1689 1025 tenir
1713 980 1816 1023 ‘en
1860 981 1936 1026 sa
1981 958 2357 1042 protection,
2414 958 2598 1022 avoir

644 1045 737 1112 tel
780 1047 968 1131 soing
1011 1045 1091 1110 de
1134 1065 1298 1110 vous
1398 1065 1483 1109 ue
1539 1055 1684 1110 tous
1731 1066 1846 1110 voz
1912 1067 2031 1129 pas
2088 1044 2303 1109 soient
2359 1042 2596 1126 guidez

644 1153 767 1216 par
809 1132 954 1216 luy,
1015 1142 1081 1197 et
1140 1152 1299 1197 vous
1351 1067 1516 1195 ‘flaire
1566 1131 1777 1196 servir
1823 1131 2149 1196 tousiours
2195 1128 2274 1195 de
2319 1129 2468 1212 plus
2512 1149 2597 1193 en

643 1217 795 1301 plus
840 1240 879 1282 a
935 1238 1009 1283 sa
1062 1217 1286 1300 gleire.
1377 1217 1492 1280 Ma
1542 1216 1780 1281 femme
1837 1236 2000 1280 vous
2058 1222 2363 1298 presente
2418 1214 2596 1279 aussi

645 1323 750 1369 ses
793 1300 1093 1368 humbles
1133 1300 1787 1368 recommandations.
1877 1302 1968 1366 Et
2011 1309 2161 1366 tous
2206 1299 2380 1365 deux
2426 1298 2595 1365 desi·

644 1408 805 1453 rens
864 1387 1080 1454 destre
1136 1388 1285 1453 bien
1340 1386 1833 1452 recommandez
1892 1409 1932 1452 a
1975 1385 2467 1452 Madamoiselle
2530 1394 2599 1449 et

646 1494 688 1539 a
731 1473 1220 1539 Madamoiselle
1265 1472 1344 1538 de
1390 1471 1670 1539 Bredan.
1762 1471 1855 1539 Oe
1901 1475 1958 1537 3.
2006 1471 2279 1556 dapvril.
2307 1473 2389 1549 ¹⁰)

818 1609 1059 1675 Vostre
1103 1608 1370 1674 humble
1411 1609 1584 1674 frere
1628 1619 1695 1675 et
1736 1584 2081 1687 servit-eur,

1913 1727 2123 1794 Iehan
2167 1727 2423 1795 Calvin.

1413 2021 1820 2031 ——————-—-.

1524 2239 1716 2310 1009.

1177 2394 1585 2463 ‘VIRE'JJUS
1630 2395 2066 2462 GALVINO.

826 2567 1183 2634 Zebedaeue
1223 2568 1609 2635 calumniari
1640 2569 1848 2651 peryit
1863 2618 1877 2647 ‚
1936 2566 2190 2633 Ber-nae
2232 2589 2334 2634 res
2373 2569 2600 2635 dubiae

653 2653 872 2735 adhuc,
916 2655 1043 2731 sed,
1087 2659 1157 2719 ut
1198 2653 1458 2730 videtur,
1500 2652 1798 2718 solutioni
1833 2655 2175 2735 propiore-9.

925 2826 1031 2888 (Ex
1067 2823 1404 2894 autographo
1439 2822 1571 2876 Ood.
1607 2822 1809 2878 Gener.
1846 2824 2015 2889 111⁸,
2052 2825 2143 2880 fol.
2184 2824 2323 2892 168.)

822 3012 1240 3079 Fidelissimo
1283 3012 1438 3078 Iesu
1481 3010 1735 3079 Ohristi
1794 3033 1983 3078 servo
2041 3012 2275 3079 Ioanni
2322 3012 2600 3081 Calvino

650 3100 840 3166 fratri
884 3107 950 3165 et
991 3106 1395 3184 symmystae
1438 3121 1635 3181 quam
1676 3099 2033 3166 carissimo.

1504 3233 1511 3240 ’
1959 3203 2289 3270 Genevae.

825 3338 895 3405 S.
955 3339 1193 3405 Noster
1219 3339 1269 3423 ¹)
1313 3339 1528 3423 pergit
1570 3360 1687 3405 suo
1729 3360 1912 3405 more
1954 3342 2175 3405 omnia
2216 3340 2602 3408 calumniari

653 3428 852 3494 etiam
895 3445 1060 3508 quae
1103 3433 1259 3490 sunt
1301 3426 1728 3509 apertissima.
1797 3425 2091 3491 Rursum
2139 3427 2436 3509 proximo
2470 3428 2600 3494 col·

650 3511 870 3595 loquio
887 3513 944 3595 ²)
991 3519 1266 3576 conatus
1309 3518 1410 3576 est
1464 3511 1628 3576 mihi
1672 3532 1880 3577 novas
1923 3519 2174 3577 struere
2216 3513 2600 3593 calumnias,

652 3618 872 3663 coram
915 3605 1137 3662 nostro
1180 3616 1486 3662 consessu
1530 3597 1869 3675 duntaxat,
1915 3618 2020 3662 me
2055 3605 2274 3663 autem
2312 3597 2602 3680 absente,

651 3703 789 3748 non
830 3680 1087 3766 publice
1144 3702 1360 3748 coram
1412 3690 1550 3747 toto
1610 3682 1948 3749 auditorio.
2038 3681 2172 3748 Sed
2216 3704 2344 3766 quo
2389 3687 2602 3769 magis

651 3768 1087 3853 progreditur,
1124 3789 1200 3833 eo
1243 3789 1313 3833 se
1356 3769 1567 3852 magis
1611 3777 1805 3853 atque
1849 3768 2059 3852 magis
2095 3767 2323 3852 prodit.
2389 3771 2604 3836 Valde

647 3854 883 3920 horreo
927 3854 1011 3920 ad
1057 3853 1338 3919 hominis
1393 3853 1890 3937 impudentiam.
1980 3855 2152 3919 Nam
2195 3856 2606 3938 impudentia

646 3961 781 4005 non
824 3947 928 4006 est
967 3940 1384 4023 impudentia
1438 3939 1497 4005 si
1556 3961 1704 4007 cum
1751 3939 1873 4006 hoc
1914 3941 2304 4006 conferatur.
2391 3941 2605 4008 Vocat

647 4036 873 4091 tamen
915 4046 1068 4092 eum
1109 4025 1168 4091 is
1183 4024 1241 4111 ⁸)
1285 4024 1366 4090 ad
1411 4046 1605 4110 quem
1639 4046 1759 4092 nos
1804 4025 2038 4090 detulit
2071 4027 2604 4093 strenuissimum

650 4110 967 4189 athleten,
1012 4131 1218 4194 quum
1263 4131 1414 4176 eum
1458 4111 1638 4177 iubet
1687 4111 1995 4177 salutare.
2084 4112 2385 4195 Dignum
2428 4114 2602 4180 scili-

650 4206 756 4264 cet
798 4196 1075 4296 spatella
1116 4196 1509 4280 operculum.
1576 4195 1729 4262 Non
1764 4205 2039 4280 possunt
2080 4218 2210 4262 non
2251 4219 2393 4264 esse
2436 4208 2601 4265 stre·

648 4283 952 4349 nuissimi
993 4280 1232 4366 quibus
1271 4303 1344 4348 os
1388 4290 1490 4348 est
1539 4292 1675 4347 tam
1723 4281 1962 4348 durum
2006 4291 2073 4349 et
2112 4294 2250 4348 tam
2294 4284 2599 4351 ferreum.

652 4366 802 4449 Quo
846 4375 1070 4434 autem
1112 4368 1184 4432 in
1228 4376 1406 4433 statu
1450 4368 1587 4433 sint
1630 4389 1734 4434 res
1779 4377 2040 4435 nostrae
2084 4369 2364 4449 Bernae,
2406 4372 2600 4437 intel-

682 4455 696 4467 ’
748 4474 820 4520 es
861 4453 1033 4520 bona
1075 4473 1160 4518 ex
1204 4460 1390 4537 parte
1433 4475 1517 4518 ex
1566 4452 1839 4520 Sultzeri
1894 4452 1979 4519 ad
2033 4476 2141 4520 me
2182 4455 2390 4522 literis
2435 4478 2600 4541 quas

777 4546 844 4605 te
885 4540 1095 4618 mitte,
1140 4546 1215 4604 ut
1257 4546 1445 4604 tuum
1488 4561 1684 4623 super
1726 4541 1804 4605 iis
1848 4561 2014 4623 quae
2054 4551 2342 4625 aguntur
2384 4552 2453 4607 et
2494 4563 2604 4627 pa-

727 4785 732 4794 '
859 4794 921 4860 9)
956 4795 1230 4865 L’e'poque
1271 4790 1481 4865 pre'cise
1537 4795 1604 4849 de
1650 4796 2010 4863 Pimpressimt
2043 4796 2121 4850 du
2165 4802 2305 4852 texte
2345 4797 2490 4853 latin
2534 4814 2604 4853 no

645 4861 1288 4988 zweaeqdmiffiss
1358 4862 1462 4918 Du
1493 4870 1634 4918 reete
1666 4864 1760 4917 elle
1793 4864 2076 4935 n’mdc’que
2107 4867 2173 4921 m·
2205 4866 2329 4932 lieu,
2362 4867 2431 4921 m·
2461 4866 2602 4936 dau,

966 4948 1183 5000 zmpnm
1288 4971 1300 4984 .
1751 4979 1756 4984 .

829 4999 922 5066 10)
959 5000 1055 5054 Au
1087 5001 1215 5056 doe.-
1468 4999 1553 5056 12.
1587 5000 1764 5070 apvril
1799 5000 1950 5055 1548.

654 5068 840 5123 1000.
861 5067 919 5133 1)
956 5068 1276 5125 Zebedaeus.

860 5136 923 5203 2)
961 5138 1084 5193 Hoc
1115 5154 1242 5208 erqo
1276 5153 1452 5207 nuper
1486 5138 1806 5193 celebratum
1847 5139 2060 5205 fuerat,
2107 5145 2290 5193 utrum
2325 5153 2393 5195 ω
2429 5146 2604 5196 vetere

655 5221 817 5269 nore,
853 5222 930 5261 aa
1030 5221 1064 5261 o
1101 5223 1238 5261 novo
1261 5206 1710 5262 οάἑαοαπωιει·
1733 5213 1968 5277 quatuor
1995 5209 2279 5276 pern-ism
2310 5211 2596 5265 ηοωὲηιυε.

859 5274 919 5342 3)
1012 5277 1273 5341 mensis,
1302 5282 1455 5344 puta,
1489 5275 1694 5346 aliquis
1727 5281 1949 5331 senator
1997 5283 2096 5333 aut
2126 5278 2377 5332 minister
2409 5279 2509 5348 qm·
2538 5280 2602 5333 in

656 5345 761 5400 hae
793 5359 966 5400 causa
991 5350 1181 5412 panes
1214 5346 1433 5414 aliquas
1468 5359 1662 5415 easque
1693 5362 1807 5401 non
1839 5344 2061 5400 ultimas
2093 5347 2301 5415 avebat.

2147 426 2673 494 EPISTOLAE
2726 432 3173 517 mos-1011·

4510 433 4613 495 684

2698 624 2932 682 rantur
2974 618 3161 684 nobis
3204 616 3544 683 consilium
3598 619 4052 685 communices.
4140 616 4313 681 Nam
4332 668 4348 695 ‚
4399 624 4475 681 ut
4521 636 4620 682 au-

2700 702 2824 781 di0,
2869 701 3031 769 haec
3075 724 3180 768 res
3223 723 3360 768 non
3420 703 3808 802 negligetur.
3893 704 4099 769 Faxit
4141 703 4327 769 Deus
4378 713 4452 767 ut
4499 703 4622 768 feli-

2700 789 2861 855 citer
2895 789 3118 854 omnia
3151 788 3405 867 cedant,
3451 798 3830 872 aperiatque
3864 790 3944 855 iis
3979 788 4220 867 oculos,
4266 787 4381 870 qui
4415 787 4485 852 in
4516 788 4625 855 hac

2700 894 2895 941 causa
2936 874 3268 940 auditores
3312 881 3380 939 et
3434 874 3679 941 iudices
3738 874 3947 940 futuri
4003 882 4190 953 sunt,
4248 882 4328 938 ut
4380 873 4629 939 videant

2699 968 2768 1025 et
2807 959 3100 1027 iudicent
3141 958 3314 1044 quod
3357 968 3608 1026 rectum
3652 968 3767 1024 est.
3858 960 4081 1025 Nostri
4137 969 4203 1026 te
4262 979 4489 1025 omnes
4534 980 4626 1025 sa-

2699 1044 2933 1113 lutant.
3022 1045 3207 1111 Vale.
3296 1046 3696 1111 Lausannae
3747 1051 3842 1110 18.
3889 1046 4140 1129 Aprilis
4191 1049 4372 1109 1548.

3675 1182 3856 1246 Tuus
3898 1180 4140 1246 Petrus
4182 1179 4478 1247 Viretus.
4570 1192 4577 1199 '

2876 1351 3075 1417 Mitto
3119 1353 3315 1417 etiam
3359 1351 3582 1418 literas
3625 1351 3969 1417 Othmanni
4010 1350 4095 1415 ad
4138 1349 4548 1417 Balduinum.

3576 1862 3761 1935 101⁰.

3233 2017 3704 2086 OALVINUS
3748 2017 4119 2103 vntum.

2878 2188 3091 2255 Causa
3158 2189 3715 2256 Lausannensium
3789 2188 3923 2272 ipsi
3988 2191 4262 2258 nondum
4340 2190 4646 2271 deplorata

2701 2276 2964 2354 videtur,
3007 2296 3127 2341 non
3170 2274 3440 2341 obstante
3479 2277 3984 2342 adversariorum
4024 2276 4282 2360 ferocia.
4375 2276 4512 2341 Imo
4544 2296 4643 2339 ur·

2697 2362 2967 2511 yendtzz
3020 2365 3299 2426 senatum
3353 2363 3574 2429 mdes
3624 2367 3695 2426 ut
3747 2364 4216 2448 quamprimum
4264 2363 4556 2444 procedat
4592 2365 4644 2425 d

2703 2615 2814 2682 (Ex
2860 2618 3194 2687 autographo
3243 2616 3374 2671 Ood.
3410 2616 3611 2672 Gener.
3662 2617 3792 2686 106,
3840 2618 3933 2673 fol.
3982 2617 4085 2672 212
4127 2618 4195 2671 ad
4281 2618 4393 2672 uod
4437 2617 4643 2671 aecede-

2705 2689 2838 2741 bant
2871 2686 3204 2757 exemplaria
3238 2686 3477 2740 eiusdem
3514 2688 3654 2741 Bibl.
3708 2685 3805 2740 111
3820 2698 3846 2727 ⁸
3860 2728 3874 2753 ,
3910 2687 4000 2770 fol:
4042 2687 4106 2742 16
4136 2692 4211 2770 ‘et
4244 2635 4363 2751 (1111,
4406 2687 4496 2741 fol.
4533 2683 4643 2750 187,

2903 2762 3018 2808 tum
3053 2755 3330 2810 Ber-nense
3365 2756 3505 2826 Epp.
3546 2755 3670 2809 Vn.
3704 2755 3810 2810 866
3843 2763 3901 2810 et
3936 2758 4152 2810 simleri
4189 2755 4316 2810 Vol.
4349 2753 4462 2820 66.)

2705 2924 2974 3009 Optimo
3029 2935 3098 2992 et
3154 2925 3538 2993 fidelissimo
3596 2926 3849 2994 Ohristi
3919 2948 4110 2995 servo
4166 2927 4368 2994 Petro
4420 2926 4644 2991 Vireto

2705 3012 3200 3079 Lausannensis
3254 3012 3862 3186 meeiaeggrarlffiff
3920 3014 4106 3079 fratri
4167 3021 4235 3079 et
4287 3012 4497 3078 amico
4550 3012 4645 3077 in-

2877 3235 2949 3302 S.
2993 3237 3290 3303 Remitto
3334 3235 3417 3301 ad
3458 3245 3525 3302 te
3569 3238 3754 3303 binas
3802 3237 4052 3304 Sulzeri
4092 3237 4336 3303 literas.
4364 3241 4414 3314 ¹)
4480 3233 4644 3301 Mihi

2705 3343 2842 3387 non
2898 3321 3170 3388 dubium
3240 3333 3340 3388 est
3404 3323 3559 3407 quin
3621 3324 3890 3390 Iodoous
3946 3345 4075 3407 qua
4129 3323 4345 3389 solent
4393 3320 4644 3387 barbari

2707 3408 3005 3475 homines
3047 3408 3285 3474 ferocia
3324 3409 3614 3474 insultet.
3684 3406 3871 3490 Quae
3916 3411 4111 3476 etiam
4156 3410 4230 3473 in
4271 3409 4481 3475 literis
4515 3428 4644 3492 pos-

2705 3495 3055 3560 terioribus
3118 3504 3475 3560 narrantur
3533 3517 3690 3561 vera
3760 3517 3903 3562 esse
3968 3495 4292 3561 existimo,
4400 3493 4643 3559 Verum

2706 3580 2861 3662 quia
2887 3579 3137 3646 Sulzeri
3170 3580 3593 3647 timiditatem
3611 3583 3669 3664 ²)
3714 3581 3903 3660 nosti,
3950 3579 4187 3645 deinde
4220 3601 4356 3645 non
4392 3589 4460 3645 te
4491 3580 4644 3644 latet

2705 3686 2904 3748 quam
2955 3664 3175 3749 cupidi
3230 3666 3364 3732 sint
3415 3667 3490 3732 in
3560 3666 3942 3751 colligendis
4006 3664 4380 3733 rumoribus
4445 3674 4514 3731 et
4569 3661 4642 3729 ad

2707 3751 3097 3818 vanissimos
3119 3772 3412 3835 quosque
3446 3752 3859 3834 excipiendos
3894 3754 4083 3836 proni
4127 3759 4195 3817 et
4238 3751 4478 3828 faciles,
4520 3770 4642 3815 non

2707 3845 2807 3903 est
2848 3837 3020 3920 quod
3064 3846 3129 3903 te
3171 3848 3626 3905 commoveant
3660 3840 3799 3904 eius
3835 3839 4274 3905 coniecturae:
4317 3838 4449 3903 nisi
4481 3835 4641 3920 quod

2707 3922 2929 3988 omnia
2970 3922 3265 3988 timenda
3307 3933 3466 3989 sunt
3507 3933 3584 3989 ut
3625 3943 3987 3991 caveamus.
4079 3923 4360 3989 Librum
4403 3921 4485 3987 de
4527 3941 4640 4005 quo

2707 4030 2777 4075 se
2819 4010 3071 4075 iactant
3109 4010 3471 4075 adversarii
3516 4031 3669 4075 eum
3727 4031 3868 4076 esse
3919 4010 4193 4077 coniicio
4247 4028 4442 4094 quem
4487 4006 4640 4073 Buz-

2706 4094 2984 4178 linyerus
3027 4094 3188 4159 mihi
3232 4095 3581 4179 legendum
3628 4095 4024 4161 ostenderat.
4126 4095 4278 4161 Scio
4292 4146 4306 4173 ,
4353 4102 4418 4161 te
4460 4091 4640 4168 valde

2703 4179 2977 4264 pudebit
3018 4179 3303 4246 hominis
3342 4180 3454 4246 ubi
3495 4180 3751 4266 legeris.
3770 4180 3826 4267 ⁸)
3914 4182 4007 4246 Et
4040 4190 4262 4246 tamen
4297 4180 4377 4246 de
4421 4198 4640 4246 causae

2707 4274 2962 4333 vestrae
3021 4268 3202 4331 exitu
3263 4267 3430 4332 bene
3487 4288 3694 4351 spero,
3715 4269 3775 4343 ⁴)
3834 4277 3903 4340 et
3958 4289 4034 4333 eo
4094 4266 4359 4350 quidem
4418 4266 4639 4331 melius

2704 4351 2875 4434 quod
2921 4351 3186 4419 lodocus
3225 4353 3321 4418 ita.
3363 4352 3651 4418 decurrit
3693 4353 3775 4417 ad
3820 4359 4129 4418 extrema.
4220 4352 4446 4419 Habet
4486 4351 4636 4416 forte

2704 4457 2944 4520 paucos
2987 4437 3272 4505 ebriosos
3308 4439 3420 4522 qui
3454 4439 3552 4503 illi
3587 4438 3999 4522 applaudunt
4031 4447 4096 4503 et
4132 4438 4371 4521 quibus
4406 4460 4477 4504 se
4510 4438 4633 4521 ipse

2705 4523 3017 4589 venditat.
3107 4521 3240 4590 Sed
3285 4525 3588 4591 existimo
3634 4544 3914 4610 magnae
3958 4524 4129 4608 parti
4187 4545 4459 4589 suorum
4499 4542 4634 4607 quo-

2704 4629 2831 4691 que
2873 4607 3228 4693 displicere.
3297 4608 3641 4676 Caeterum
3682 4610 3860 4676 idem
3902 4610 4085 4676 vobis
4127 4607 4457 4694 agendum
4496 4628 4631 4675 cen·

2702 4867 2882 4923 1010.
2912 4868 2966 4932 1)
2999 4868 3292 4934 informiter
3324 4866 3648 4936 deperditas.

2908 4935 2969 5003 2)
3007 4933 4628 5005 Ian-timidumvooatdequoozimwadecaumqm-

2703 5005 2940 5072 '‘butu'’

2705 5075 2839 5129 moe
3064 4997 4628 5088 wamia-gyooefmmffomonanmaoa

3094 5076 3176 5130 tia
3209 5080 3335 5129 totto
3367 5079 3670 5128 resumet.

2901 5142 2964 5227 ε3)
3010 5142 3226 5199 Utiliter
3259 5144 3347 5198 hic
3380 5143 3620 5208 conferes
3666 5157 3807 5210 quae
3841 5140 3918 5194 ad
3951 5142 4130 5210 ipsum
4165 5139 4539 5211 Bullinqennn
4569 5135 4629 5190 de

2702 5225 3037 5404 {ff
2990 5211 3474 5415 swa..
3505 5277 3738 5347 ...a
3784 5279 3965 5334 V...
4007 5276 4227 5332 m...
4273 5278 4347 5332 .-.
4395 5275 4628 5331 ...m
