4825 6175
202 449 316 513 641

201 634 393 713 miliS,
441 633 747 718 quamvis
789 631 858 699 id
903 630 1221 699 audierim
1280 654 1322 698 a
1373 632 1651 699 testibus
1706 633 1943 717 quibus
1982 632 2161 700 haud

203 727 447 787 temere
490 719 654 786 fides
693 717 999 805 neganda
1041 727 1159 786 est.
1253 721 1670 803 Argumenta
1728 740 1899 803 quae
1941 717 2160 787 diver-

202 826 348 872 sum
391 805 671 872 suadent
713 806 875 872 haec
917 813 1104 871 sunt:
1159 804 1453 888 primum
1512 803 1685 889 quod
1739 805 1992 870 nullam
2032 827 2160 871 un-

203 912 397 976 quam
439 890 640 957 huius
688 891 788 956 rei
845 890 1255 956 mentionem
1313 891 1382 954 in
1437 891 1570 956 tuis
1630 889 1842 957 literis
1895 891 2158 957 feceris:

200 975 561 1044 secundum
603 976 777 1060 quod
821 985 1014 1042 tuum
1053 975 1397 1043 consilium
1444 976 1634 1042 nobis
1676 997 1877 1059 super
1917 976 2044 1043 hac
2087 997 2162 1043 re

199 1062 457 1129 nullum
502 1062 1106 1141 communicaveris,
1151 1082 1274 1127 nec
1315 1060 1464 1128 aliis
1499 1062 1729 1129 amicis
1764 1082 1928 1145 quos
1956 1061 2162 1129 habes

200 1148 378 1233 apud
414 1134 552 1225 nos,
598 1147 877 1232 dignum
912 1167 1071 1213 sane
1107 1157 1341 1212 mutua
1373 1148 1658 1213 fratrum
1693 1156 1760 1212 et
1793 1147 2160 1214 amicorum

200 1234 698 1312 consultatione,
745 1254 950 1316 quum
993 1255 1101 1300 res
1136 1243 1373 1318 agatur
1415 1233 1589 1298 tanti
1622 1233 1957 1300 momenti.
2023 1231 2160 1299 Sed

201 1319 464 1385 nullum
506 1328 611 1386 est
654 1318 986 1386 efficacius
1030 1339 1191 1384 cura
1243 1318 1558 1385 ecclesiae
1615 1340 1815 1402 quam
1855 1318 1994 1386 scio
2038 1317 2163 1384 tibi

92 1474 96 1479 ,
201 1425 350 1471 esse
390 1404 708 1471 cariorem
750 1424 946 1487 quam
991 1413 1068 1469 ut
1109 1424 1256 1469 eam
1300 1414 1547 1470 temere
1590 1425 1795 1488 queas
1838 1403 2157 1471 deserere.

201 1490 374 1558 Imo.
391 1510 547 1555 vero
591 1491 649 1555 si
690 1489 917 1556 hostes
978 1489 1223 1574 pellere
1266 1499 1594 1555 conantur
1636 1511 1879 1575 magno
1930 1511 2161 1557 omnes

199 1596 544 1655 consensu,
586 1574 760 1641 idem
797 1584 972 1642 esset
1007 1574 1342 1660 agendum
1363 1574 1535 1658 quod
1577 1575 1732 1642 fecit
1752 1574 2160 1655 Ambrosius,

201 1682 407 1744 quum
450 1661 720 1728 Arianis
763 1660 1101 1735 iuberetur
1153 1661 1498 1727 ecclesiam
1541 1660 1789 1727 cedere.
1881 1660 1961 1727 Si
2003 1669 2166 1728 sunt

200 1748 272 1813 in
318 1756 541 1815 vestro
584 1767 786 1831 grege
829 1746 988 1831 lupi,
1035 1756 1197 1812 sunt
1228 1767 1382 1813 oves
1424 1768 1561 1812 non
1641 1768 1843 1813 aucae
1884 1768 2163 1831 quarum

202 1854 436 1900 euram
480 1833 762 1900 abiicere
806 1854 937 1897 non
981 1852 1350 1915 possumus.
1443 1830 1575 1914 Qui
1663 1834 1842 1898 enim
1886 1833 2167 1899 miserae

201 1939 366 1985 oves
410 1917 986 1985 commeruerunt?
1055 1918 1277 1984 Easne
1316 1918 1621 2000 luporum
1665 1917 1963 1984 faucibus
2004 1918 2167 1984 obii·

201 2004 473 2083 eiemus,
518 2004 752 2069 offensi
796 2003 1104 2087 luporum
1140 2002 1599 2087 improbitate?
1666 2003 1816 2070 Hoc
1859 2012 1961 2070 est
1993 2001 2167 2087 lupis

201 2090 586 2176 gratificari,
631 2097 700 2155 et
742 2109 901 2155 oves
963 2089 1047 2154 ad
1091 2110 1333 2171 poenas
1376 2110 1536 2172 quas
1581 2089 1721 2172 lupi
1764 2110 2166 2155 commerue-

200 2184 369 2242 runt
411 2195 693 2259 poscere.
784 2174 935 2257 Quo
977 2176 1055 2241 fit
1098 2186 1178 2240 ut
1220 2196 1354 2241 non
1388 2175 1631 2257 possim
1679 2176 1783 2240 vel
1827 2175 2166 2258 suspicari,

200 2260 275 2327 id
329 2261 454 2327 tibi
511 2280 804 2344 unquam
867 2261 942 2325 in
997 2270 1285 2325 mentem
1344 2261 1602 2325 venisse
1667 2261 1810 2325 sine
1878 2260 2169 2326 maximo

197 2346 498 2413 horrore.
565 2347 788 2412 Macte
830 2346 1035 2430 igitur
1075 2347 1324 2411 virtute
1366 2352 1523 2423 esto,
1570 2350 1638 2411 et
1678 2345 1738 2411 is
1782 2365 1925 2411 esse
1967 2365 2168 2429 perge

199 2434 317 2517 qui
373 2432 675 2515 coepisti,
748 2440 826 2496 ut
881 2430 1235 2513 aliquando
1290 2429 1497 2512 possis
1555 2452 1705 2499 cum
1771 2438 1997 2496 sancto
2051 2430 2166 2494 illo

196 2518 462 2582 Uhristi
527 2538 806 2601 organo,
887 2517 1074 2583 cuius
1137 2517 1439 2600 vestigiis
1505 2516 1784 2593 insistis,
1863 2516 2163 2600 gloriari:

194 2602 473 2668 Bonum
494 2614 829 2669 certamen
850 2603 1120 2680 certavi,
1157 2622 1426 2668 cursum
1459 2601 1930 2682 consummavi,
1966 2601 2164 2667 fidem

196 2689 497 2770 servavi;
559 2688 731 2771 quod
786 2702 1116 2770 superest,
1173 2688 1462 2770 reposita
1516 2696 1619 2752 est
1664 2686 1832 2751 mihi
1876 2688 2166 2752 iustitiae

194 2795 474 2851 corona,
532 2795 730 2857 quam
785 2774 1002 2840 iustus
1059 2772 1260 2838 iudex
1313 2771 1691 2838 redditurus
1746 2782 1862 2838 est.
1951 2772 2165 2837 Audis

193 2860 586 2939 certamina,
633 2858 822 2925 audis
865 2875 932 2924 et
975 2880 1281 2936 coronas,
1340 2878 1505 2941 quae
1563 2857 1784 2922 nullae
1842 2869 2066 2924 essent
2107 2858 2164 2922 si

192 2945 388 3012 nulla
432 2955 653 3011 essent
696 2946 1074 3010 certamina.
1160 2943 1447 3027 Quam-,q
1472 2955 1628 3009 sunt
1670 2944 1859 3009 nobis
1919 2943 2163 3020 hostes,

192 3052 358 3098 cum
402 3031 639 3115 quibus
692 3040 1048 3108 certamus,
1107 3028 1544 3097 infeliciores?
1635 3028 1913 3096 Certant·
1955 3039 2022 3094 et
2065 3028 2164 3094 illi

192 3118 489 3202 quidem,
547 3116 742 3201 idque
787 3127 1055 3183 strenue
1108 3124 1177 3181 et
1231 3116 1679 3199 pertinaciter,
1740 3117 1857 3182 sed
1913 3117 1988 3180 in
2045 3116 2162 3181 tali

191 3203 587 3270 certaminis
630 3223 874 3286 genere
909 3203 1086 3267 unde
1130 3223 1260 3266 non
1306 3202 1443 3267 sint
1487 3201 1616 3266 nisi
1659 3202 2062 3268 confusionis
2096 3212 2163 3267 et

192 3295 271 3354 tu
363 3288 636 3354 itudinis
658 3308 967 3354 coronam
990 3288 1403 3369 reportaturi.
1451 3288 1703 3352 Mirum
1728 3308 1886 3352 sane
1908 3287 2158 3366 fuisset,

188 3375 252 3441 si
362 3383 591 3440 atanas
628 3372 815 3440 vobis
857 3396 993 3438 non
1037 3372 1385 3439 invidisset
1421 3372 1622 3438 istum
1666 3372 1976 3438 ecclesiae
2011 3393 2160 3455 pro-

186 3461 465 3539 fectum,
502 3460 614 3543 qui
649 3480 689 3524 a
722 3459 909 3526 vobis
943 3459 1015 3524 in
1050 3461 1433 3525 universum
1468 3458 1691 3524 orbem
1726 3458 2163 3526 christianum

190 3544 616 3611 diffunditur.
702 3544 909 3611 Vobis
969 3566 1101 3610 non
1147 3552 1319 3609 esset
1364 3554 1501 3608 tam
1544 3543 1875 3621 molestus,
1923 3544 1980 3609 si
2024 3565 2161 3610 non

190 3631 256 3698 ei
303 3632 538 3697 essetis
583 3639 718 3696 tam
764 3631 1079 3696 exitiales.
1168 3630 1204 3694 I
1317 3650 1400 3698 ue
1443 3650 1569 3713 quo
1614 3649 1736 3694 vos
1790 3631 2003 3714 magis
2049 3652 2158 3694 ur·

190 3727 310 3803 get
354 3715 583 3794 hostis,
630 3736 708 3780 eo
752 3714 1110 3780 maioribus
1153 3716 1278 3781 viri
1331 3738 1406 3781 us
1450 3715 1918 3798 pugnandum,
1976 3724 2044 3781 et
2085 3716 2158 3779 in

185 3822 426 3887 pugna
468 3822 677 3886 usque
724 3801 807 3867 ad
863 3810 1234 3867 extremum
1292 3802 1597 3883 spiritum
1695 3801 2157 3880 ersistendum,

190 3910 405 3971 quum
473 3887 629 3953 inde
695 3888 1059 3954 certissimo
1123 3893 1509 3969 argumento
1576 3907 1663 3952 no
1706 3886 1765 3951 is
1826 3887 2156 3970 probetur,

186 3983 505 4039 nostrum
552 3993 716 4056 opus
771 3983 839 4038 et
883 3971 1077 4038 valde
1116 3971 1375 4055 plaeere
1419 3972 1564 4037 Deo
1614 3980 1683 4036 et
1725 3970 1920 4039 valde
1962 3970 2155 4038 Sata-

183 4078 321 4124 nae
370 4056 730 4143 displicere.
821 4057 957 4124 Sed
1011 4076 1322 4141 quorsum
1380 4055 1542 4124 haec
1596 4064 1665 4121 et
1717 4064 1853 4122 tam
1896 4057 2152 4123 multa?

185 4142 407 4210 Vides
452 4153 527 4209 ut
568 4144 734 4209 mihi
777 4141 1152 4223 exciderim,
1197 4142 1381 4207 velut
1431 4142 1511 4207 ad
1557 4163 1753 4225 quem
1798 4142 2154 4209 scriberem

183 4228 560 4295 immemor.
648 4227 784 4296 Sed
827 4250 1018 4314 spero
1064 4236 1130 4294 te
1174 4226 1361 4294 facile
1407 4227 1942 4295 condonaturum.
2035 4226 2155 4294 Sa-

182 4313 420 4381 lutant
458 4324 524 4380 te
569 4316 775 4380 nostri
819 4336 1064 4394 omnes,
1110 4314 1496 4397 praesertim
1533 4335 1719 4392 uxor,
1758 4335 1924 4397 quae
1968 4322 2153 4380 tuam

231 4421 452 4484 uoque
510 4419 767 4466 meeum
823 4400 1077 4465 salvere
1133 4400 1349 4477 iubet,
1424 4400 1533 4465 cui
1587 4409 1657 4465 et
1712 4399 2149 4465 condolemus.

185 4421 388 4552 zela.
471 4486 872 4551 Lausannae
916 4489 1016 4550 26.
1063 4484 1374 4551 Decemb.
1429 4489 1607 4551 1547.
1626 4486 1686 4564 ⁴)

1175 4622 1358 4687 Tuus
1403 4621 1642 4687 Petrus
1684 4622 1978 4688 Viretus.

404 4865 469 4929 4)
504 4861 595 4918 De
628 4877 778 4918 amo
811 4859 936 4917 vide
969 4875 1110 4931 quae
1144 4861 1533 4916 annotavimus
1567 4859 1644 4915 ad
1671 4862 2093 4929 praecedentem.

951 5173 1354 5182 ⁷——..———————-

404 5440 628 5500 Calvio&
656 5457 846 5514 opera.
921 5442 1042 5499 Vol.
1077 5443 1228 5498 ΧΠ.

1910 450 2073 513 1547
2119 445 2530 514 ΒΕΟΕΜΒ.

4112 459 4239 524 642

3165 636 3322 709 ⁹88.

2676 808 2683 811 ’
2749 806 3225 876 OALVINUS
3270 809 3740 879 PARELLO.

2440 976 2888 1045 Demeam
2941 983 3156 1044 contra
3218 980 3593 1047 Tridentino
3647 961 4230 1053 ααὲνειαεεειαιω

2263 1081 2480 1127 reo-mn
2526 1061 3012 1144 Genevensimn,
3072 1065 3183 1130 ubi
3230 1066 3366 1131 iam
3426 1068 4125 1137 adeoncn'liationemv

2263 1149 3199 1228 umectam-simeram.
4110 1174 4117 1183 ·

2265 1335 2458 1401 (Manu
2492 1335 2698 1404 scripta
2730 1352 2840 1390 non
2875 1341 3073 1390 exstet.
3143 1337 3334 1392 Edidit
3378 1338 3523 1393 Besa
3559 1340 3810 1395 Gonane
3854 1359 3908 1411 p.
3947 1340 4031 1408 74,
4067 1343 4227 1399 Laus.

2267 1420 2322 1474 p.
2360 1402 2479 1471 155,
2515 1405 2728 1459 Hanov.
2765 1422 2817 1474 p.
2858 1402 2974 1470 174,
3020 1404 3234 1460 Ohouet
3308 1446 3321 1460 .
3358 1405 3443 1474 98,
3479 1409 3652 1462 Amet.
3689 1426 3743 1478 p.
3775 1408 3863 1467 45.
3903 1438 3965 1450 --
4001 1412 4228 1482 Anglioe

2749 1473 2952 1542 legitur
2984 1473 3042 1526 in
3078 1472 3208 1528 edit.
3337 1475 3349 1489 ‘
3392 1477 3445 1532 b.
3479 1476 3554 1531 11.
3596 1475 3740 1545 138.)

2357 1680 2366 1687 ·
2439 1659 2586 1726 Iam
2626 1661 2794 1725 mihi
2827 1659 3084 1744 placere
3116 1662 3350 1746 incipit
3382 1684 3604 1730 meum
3641 1665 4028 1745 antidotum,
4056 1668 4108 1752 ¹)
4143 1689 4230 1735 ex

2268 1767 2394 1829 quo
2440 1753 2781 1829 tantopere
2826 1746 2947 1812 tibi
2989 1747 3332 1830 probatur:
3379 1771 3537 1815 nam
3570 1750 3849 1818 antehac
3890 1753 4058 1817 mihi
4091 1774 4228 1819 non

2269 1829 2731 1897 satisfaciebat.
2821 1831 3214 1914 Quanquam
3269 1844 3341 1899 tu
3384 1836 3551 1901 forte
3595 1837 3706 1918 qui
3749 1836 4008 1904 labores
4049 1859 4228 1908 meos

2268 1914 2686 2001 quotidianos
2727 1918 2896 1985 nosti
2912 1966 2927 1994 ,
2986 1917 3276 2002 adeoque
3332 1940 3594 2003 pugnas
3636 1922 3871 2003 quibus
3914 1944 4049 1988 non
4089 1932 4228 1991 tam

2270 2024 2581 2068 exerceor
2622 2022 2817 2086 quam
2863 2003 3201 2083 conficior,
3261 2006 3525 2071 veniam
3581 2007 3745 2071 mihi
3803 2008 4124 2089 concedis,
4171 2011 4230 2077 si

2270 2087 2430 2171 quid
2474 2089 2694 2153 minus
2739 2094 2842 2155 es‘t
2882 2088 3273 2155 absolutum.
3337 2091 3485 2174 Ego
3528 2102 3705 2158 certe
3746 2095 3888 2176 ipse
3931 2095 4155 2174 miror,
4172 2096 4231 2174 ²)

2268 2172 2477 2237 ullam
2539 2175 2959 2256 scriptionem
3018 2174 3192 2240 lectu
3259 2173 3325 2240 di
3423 2197 3531 2241 am
3585 2199 3774 2260 posse
3825 2180 3958 2245 iam
4016 2200 4058 2244 a
4121 2202 4230 2248 me

2268 2258 2553 2341 prodire,
2642 2257 2866 2339 'Quod
2928 2280 3037 2324 me
3094 2268 3166 2324 et
3232 2279 3307 2325 co
3571 2282 3752 2328 meos
3810 2263 4100 2331 hortaris
4151 2277 4231 2332 ut

2269 2343 2549 2409 infracto
2585 2344 2807 2409 animo
2843 2354 3234 2426 perstemus,
3277 2345 3436 2412 mihi
3478 2367 3633 2414 vero
3669 2369 3884 2432 neque
3918 2351 4227 2434 pericula,

2270 2449 2480 2510 neque
2523 2428 2862 2494 molestiae
2907 2429 3204 2495 animum
3248 2432 3589 2497 minuunt:
3648 2431 3762 2498 sed
3817 2436 3968 2516 quia
4009 2436 4079 2501 in
4123 2458 4229 2503 re-

2267 2514 2391 2580 bus
2441 2529 2578 2579 tam
2632 2514 2921 2580 confusis
2977 2516 3309 2579 interdum
3365 2518 3635 2582 consilio
3680 2519 4016 2598 destituor,
4077 2522 4232 2588 mis·

2268 2600 2521 2664 sionem
2565 2622 2605 2663 a
2649 2599 2794 2663 Deo
2827 2600 2995 2664 mihi
3038 2600 3184 2665 dari
3225 2602 3432 2684 cupio.
3500 2600 3796 2668 Stultum
3833 2611 4078 2684 votum,
4124 2609 4229 2672 in-

2270 2685 2470 2767 quies.
2538 2684 2812 2750 Faoeor:
2859 2685 2972 2750 sed
3018 2685 3176 2768 quid
3219 2686 3441 2753 Moses
3485 2698 3623 2752 tam
3667 2689 3928 2773 insigne
3972 2693 4229 2774 patien-

2269 2772 2399 2835 tiae
2444 2768 2823 2854 exemplar?
2871 2791 3090 2841 nonne
3133 2771 3511 2854 impositum
3557 2772 3850 2839 humeris
3894 2777 4028 2842 suis
4073 2797 4227 2843 con-

2269 2857 2569 2937 queritur
2611 2856 2812 2919 nimis
2854 2876 3058 2940 grave
3100 2856 3312 2922 onus?
3404 2860 3620 2941 Atque
3664 2860 3771 2923 his
3813 2859 4074 2942 quidem
4120 2883 4227 2928 co-

2319 2941 2696 3006 ‘tationibus
2719 2940 3035 3007 sollicitor
3062 2941 3401 3021 duntaxat,
3439 2963 3571 3008 non
3610 2954 3830 3010 tamen
3866 2948 4222 3029 acquiesco.

2334 3028 2530 3092 ostris
2596 3026 2972 3093 hominibus
3037 3027 3387 3095 iniecimus
3454 3029 3735 3113 aliquem
3802 3038 4082 3097 metum:
4159 3045 4228 3100 et

2267 3125 2494 3178 tamen
2557 3112 2881 3178 nihildum
2958 3116 3381 3181 correctionis
3445 3127 3732 3199 apparet.
3843 3118 4059 3183 Tanta
4123 3129 4229 3186 est

2265 3199 2706 3283 impudentia,
2761 3207 2840 3264 ut
2882 3210 3137 3278 nostros
3179 3221 3405 3266 omnes
3461 3202 3776 3267 clamores
3820 3203 4063 3286 patulis
4108 3226 4226 3270 au·

2267 3282 2451 3350 ribus
2495 3297 2562 3350 et
2604 3284 2825 3350 surdis
2861 3286 3275 3351 absorbeant:
3323 3285 3606 3369 denique
3648 3288 4006 3354 multorum
4042 3291 4226 3356 incu-

2268 3370 2510 3436 rabiles
2553 3378 2714 3436 sunt
2746 3371 2974 3436 morbi.
3043 3372 3475 3437 Tentavimus
3511 3373 3686 3436 enim
3722 3372 4051 3441 hactenus
4085 3374 4226 3443 fere

2267 3457 2507 3535 omnia,
2554 3455 2736 3520 nullo
2778 3456 3087 3538 profectu.
3177 3456 3468 3523 Ultimus
3511 3467 3695 3523 actus
3738 3468 3963 3539 restat,
4008 3461 4113 3526 cui
4157 3473 4224 3528 te

2265 3541 2509 3606 vellem
2553 3542 2887 3607 interesse.
2977 3541 3200 3621 Quam
3258 3544 3580 3626 tragicum
3637 3544 3995 3609 tumultum
4036 3547 4223 3613 Deus

2265 3628 2724 3709 composuerit,
2772 3627 3055 3692 arbitror
3098 3640 3164 3692 te
3208 3649 3290 3692 ex
3336 3630 3498 3692 meis
3549 3627 3632 3693 ad
3692 3629 3969 3694 Vir-etum
4011 3630 4220 3699 literis

2263 3713 2693 3779 intellexisse:
2740 3713 2835 3778 ita
2878 3713 3057 3778 enim
3101 3712 3582 3780 mandaveram.
3673 3715 3962 3780 Ducenti
4016 3717 4220 3783 iusse-

2263 3809 2424 3862 runt
2466 3809 2541 3863 ut
2582 3820 2703 3865 nos
2748 3807 2816 3864 et
2856 3798 2969 3863 alii
3013 3796 3239 3865 decem
3281 3801 3726 3883 pacificatores
3771 3800 4039 3866 dissidia
4081 3823 4221 3867 om·-

2262 3884 2376 3947 nia
2431 3884 2823 3950 tolleremus.
2847 3884 2907 3967 ⁸)
3015 3882 3214 3949 Volui
3274 3906 3312 3950 a
3382 3906 3487 3949 me
3538 3886 3681 3967 ipso
3734 3885 3879 3950 fieri
3933 3887 4217 3955 initium.

2261 3968 2565 4053 Negabat
2609 3971 2959 4036 hesternus
3003 3980 3226 4035 noster
3248 3970 3493 4036 Caesar
3526 3971 3649 4037 sibi
3685 3969 4040 4054 quidquam
4077 3981 4220 4040 esse

2293 4259 2436 4314 988.
2476 4259 2530 4327 l)
2567 4266 2757 4315 contra
2801 4257 3167 4315 manutium.

2467 4327 2528 4396 2)
2564 4335 2614 4383 et
2645 4334 2707 4383 tu
2739 4328 2972 4383 waima.

2464 4395 2525 4463 3)
2570 4399 2652 4464 (ff.
2692 4397 2770 4451 N.
2808 4395 2927 4451 980.
2986 4394 3382 4463 Pacificatores
3527 4396 3538 4408 “
3666 4396 3692 4450 0'
3718 4397 3948 4460 fuerant
4051 4406 4216 4457 atuor

2263 4463 2510 4534 Syndici,
2546 4465 2956 4531 Lowmtenm,
2991 4473 3269 4520 ammons
3290 4463 3368 4518 St.
3391 4464 3459 4520 de
3738 4481 3922 4533 rottae,
3994 4482 4082 4530 ‚aa
4117 4469 4214 4526 dee

2256 4535 2410 4601 Ares,
2435 4533 2638 4615 Cariat,
2657 4534 2838 4600 Boset,
2856 4533 3329 4615 &ArkaBjopo-a,
3343 4532 3566 4588 Bomar
3644 4532 3900 4588 Οὴααεσηι
3940 4548 3985 4602 ε,
4014 4535 4213 4617 νος-κα,

2256 4608 2587 4658 coarctamus
2621 4603 2688 4657 de
2721 4601 2966 4669 PArcloe,
3013 4601 3207 4657 nedem
3256 4601 3323 4655 L.
3362 4601 3652 4670 Bobaquet
3684 4607 3735 4655 et
3769 4600 3839 4654 F.
3924 4602 4126 4671 'capum
4159 4611 4212 4661 et

2255 4671 2506 4726 ministri
2525 4671 2792 4726 Calvinus
2811 4686 2933 4726 eum
2952 4668 3228 4738 Poape‘no.
3288 4669 3551 4725 Tractare
3571 4669 3832 4723 debebant
3865 4670 3962 4723 des
3981 4687 4210 4742 moyen·

2258 4756 2366 4809 que
2399 4740 2490 4793 lon
2527 4740 2780 4808 pourroit
2811 4739 2959 4793 tenir
2991 4756 3130 4809 pour
3146 4739 3364 4808 paoifier
3398 4739 3479 4792 les
3496 4737 3685 4790 heines
3722 4742 3779 4790 et
3814 4753 4078 4793 rancnnes
4113 4742 4209 4811 qui

2256 4815 2383 4862 sont
2418 4825 2487 4862 en
2521 4810 2666 4878 petit
2699 4809 2921 4878 conseil,
2955 4824 3025 4861 en
3059 4809 3185 4861 Ami
3209 4808 3405 4861 Peri-in
3441 4812 3498 4860 et
3530 4806 3800 4875 plusieurs
3835 4815 4015 4861 autres
4050 4809 4118 4862 de
4154 4810 4210 4865 la

2257 4878 2405 4943 ville,
2441 4877 2550 4930 afln
2584 4876 2653 4931 de
2688 4878 2844 4930 vivre
2878 4893 2946 4930 en
2980 4877 3111 4945 paix
3145 4882 3202 4930 et
3248 4876 3424 4930 eviter
3458 4873 3735 4928 divisione.
3807 4872 4209 4933 Beer-everunt.-

2255 4947 2549 5068 ffifft:
2584 4945 3300 5082 Kssffffissfffnfiffl
3229 4962 3299 4998 ⁸¹²
3324 4942 3691 5066 32:2²2&ssss
3716 4958 3843 5065 ..¹:2¹2
3870 4942 4206 5086 {333an

2253 5084 2571 5206 lim&
2590 5098 3325 5206 .¹‡⁶0¹.3³⁹.2.⁰3¹AE¹32·‘3‡2⁸253¹00
3342 5079 3696 5217 ΡὲῗῖἓέἕἚ
3724 5084 4205 5209 msam&

2252 5225 2376 5274 tent
2410 5236 2480 5274 en
2555 5219 2704 5274 rison
2737 5233 2875 5274 ceux
2909 5219 3056 5288 qnilz
3090 5223 3411 5274 trouveront
3444 5233 3604 5285 apres
3649 5215 3786 5270 neus
3816 5214 4014 5272 heures
4060 5219 4202 5287 (Ga-

2245 5285 2472 5416 0⁶32,st
2552 5286 3045 5358 ⁷),q1mtaua
3600 5285 4205 5358 ·a··r0200-·90..

3720 5435 3785 5489 41
