4825 6175
41 2596 44 2681 ἰ

41 3587 44 3710 ἔ

41 3725 44 3740 Ι

175 502 280 565 233

315 686 570 774 Insigni
596 686 849 789 Christi
882 689 1184 790 ministro
1223 632 1464 755 Idanni
1494 688 1777 757 Oalvino
1801 691 1992 757 fratri
2026 697 2096 756 et

168 784 545 863 symmystae
587 782 1118 889 coniunctissimo
1452 862 1785 929 Genava&

313 997 381 1064 S.
436 999 613 1064 Mihi
645 997 838 1066 valde
881 998 1060 1065 dolet
1146 998 1277 1065 uod
1320 1000 1446 1065 hac
1485 1008 1553 1065 te
1588 999 1923 1066 affecerim
1957 1021 2095 1065 mo-

156 1084 346 1163 lestia,
363 1082 411 1169 ¹)
455 1085 571 1150 sed
613 1087 898 1151 nuncius
939 1085 1121 1151 solve
1206 1094 1235 1149 t
1276 1105 1480 1170 ocyus
1523 1106 1721 1169 quam
1764 1094 1840 1151 ut
1871 1086 2098 1152 liceret

156 1170 481 1237 revolvere
522 1171 749 1237 literas
783 1171 901 1237 abs
936 1180 1004 1236 te
1038 1171 1294 1251 missas,
1338 1171 1412 1235 in
1447 1171 1683 1253 quibus
1718 1171 1871 1237 illae
1905 1179 2099 1238 erant

154 1278 303 1340 quas
343 1255 752 1339 requirebas:
797 1257 908 1323 cui
948 1258 1046 1322 rei
1080 1256 1207 1322 hoc
1248 1277 1502 1340 quoque
1538 1257 1888 1324 accedebat
1919 1257 2097 1340 quod

152 1363 277 1408 non
318 1342 685 1408 arbitrabar
737 1342 856 1408 tibi
911 1353 1047 1407 tam
1093 1342 1274 1409 brevi
1316 1343 1399 1408 iis
1442 1363 1605 1426 opus
1648 1363 1820 1422 csse,
1883 1363 2095 1425 neque

150 1431 306 1529 satis·
352 1427 802 1511 intelligebam
838 1449 1016 1529 ‘num
1063 1427 1255 1529 ‘aliud
1313 1436 1490 1495 esset
1542 1428 1876 1529 quidpiam
1920 1427 2093 1512 quod

145 1514 973 1667 armatam?
1081 1524 1201 1666 '⁵¹²2
1229 1514 2094 1666 amam&

145 1685 528 1753 tarditatem.
623 1686 946 1752 Tamucus
1001 1685 1296 1753 nondum
1337 1687 1562 1751 Berua
1602 1685 1798 1752 rediit
1816 1684 1874 1771 ²)
1916 1684 2093 1769 quod

143 1773 351 1839 sciam.
441 1772 657 1838 Miror
703 1770 1090 1853 Campanum
1108 1772 1167 1854 ⁸)
1210 1772 1413 1837 semel
1457 1773 1771 1838 reiectum
1816 1771 2088 1837 tandem

143 1856 492 1924 admissum
535 1879 696 1923 esse.
758 1857 837 1924 Si
880 1858 950 1923 id
993 1858 1364 1941 suspicatus
1406 1859 1675 1923 fuissem
1710 1879 1914 1941 quum
1955 1857 2091 1924 illic

41 1942 42 1965 ¹
141 1965 356 2021 essem,
374 1948 436 2015 ⁴)
479 1943 838 2010 maioribus
871 1942 1213 2010 conatibus
1249 1944 1312 2008 ei
1344 1945 1526 2010 viam
1558 1943 2087 2026 praeclusissem:

139 2028 244 2095 sed
283 2028 659 2096 arbitrabar
714 2031 846 2096 iam
902 2038 1049 2096 tuta
1090 2049 1232 2096 esse
1276 2030 1511 2094 omnia.
1602 2028 1816 2111 Quam
1857 2050 2090 2096 vereor

41 2134 42 2137 ’
136 2137 212 2181 116
251 2136 389 2180 non
432 2116 523 2180 sit
564 2116 639 2180 in
682 2116 764 2180 iis
806 2115 1004 2192 fides,
1067 2117 1140 2180 in
1182 2116 1418 2199 quibus
1472 2136 1732 2181 summa
1787 2136 1931 2181 esse
1973 2113 2086 2179 de-

135 2201 284 2267 buit.
299 2203 362 2279 ὅ)
421 2200 562 2268 Sed
603 2209 865 2283 tempus
899 2202 1124 2267 omnia
1156 2200 1494 2267 revelabit.
1556 2199 1634 2267 Si
1669 2221 1932 2284 possum
1966 2221 2088 2267 vos

134 2288 414 2353 invisam
461 2309 689 2354 mense
731 2288 1063 2366 Ianuario,
1107 2308 1311 2371 quum
1353 2287 1630 2354 classem
1673 2287 1867 2353 adibo
1902 2287 2085 2352 Mor-

131 2374 425 2457 giensem
469 2395 670 2440 causa
727 2374 990 2439 Valerii.
1012 2376 1070 2449 ⁶)
1137 2373 1216 2439 Si
1259 2382 1420 2440 tunc
1465 2393 1599 2437 non
1639 2392 1928 2456 possum,
1968 2370 2084 2437 ubi

41 2498 42 2505 κ
131 2459 445 2544 collegam
498 2467 732 2525 nactus
788 2461 973 2525 fuero
1042 2460 1257 2543 magis
1323 2481 1409 2525 ex
1474 2459 1680 2524 animi
1739 2458 2082 2538 sententia,

128 2545 533 2628 frequentior
577 2565 689 2610 ero
732 2544 908 2628 apud
948 2566 1086 2612 vos.
1144 2546 1321 2611 Puto
1366 2553 1430 2610 te
1476 2544 1806 2611 audivisse
1851 2543 1932 2608 de
1974 2543 2086 2610 ad-

131 2639 326 2696 ventu
367 2630 720 2697 Gauchen'i
741 2631 1006 2707 Furem,
1052 2639 1120 2696 et
1162 2628 1244 2695 de
1284 2631 1459 2697 felici
1502 2632 1641 2696 eius
1683 2630 2086 2713 captivitatis

41 2716 44 2737 ⁷
128 2737 449 2782 successu.
474 2716 530 2803 ⁷)
616 2718 906 2802 Magnus
985 2717 1093 2781 hic
1170 2738 1443 2798 sparsus
1522 2724 1623 2782 est
1694 2735 1921 2781 rumor
1999 2715 2080 2783 de

129 2810 502 2868 vestrorum
565 2813 747 2869 metu
812 2812 880 2868 et
943 2802 1241 2869 excubiis
1255 2854 1271 2880 ‚
1288 2806 1351 2887 ⁸)
1415 2801 1497 2868 de
1559 2801 1797 2886 quibus
1861 2810 2085 2867 tamen

127 2888 286 2953 nihil
340 2886 433 2953 ad
490 2910 600 2956 me
656 2888 904 2955 scribis.
989 2889 1179 2955 Uxor
1221 2898 1289 2954 te
1329 2898 1397 2953 et
1438 2897 1622 2954 tuam
1665 2908 1944 2952 uxorem
1986 2888 2081 2952 of-

125 2974 530 3040 ficiosissime
572 2975 908 3041 resalutat.
964 2975 1173 3045 Paulo
1216 2974 1452 3040 melius
1496 2974 1696 3039 habet
1737 2973 1932 3039 solito
1967 2972 2081 3039 sed

121 3057 398 3127 infirmis
463 3060 680 3127 adhuc
742 3061 995 3128 viribus
1042 3068 1140 3128 est
1191 3073 1258 3125 et
1301 3060 1527 3127 multis
1590 3058 1780 3126 malis
1836 3079 2077 3143 pressa.

121 3144 557 3213 Materteram
617 3169 852 3214 vereor
913 3169 998 3213 ne
1059 3145 1491 3231 periculosius
1547 3145 1816 3212 laboret.
1905 3145 2079 3211 Nam

121 3232 400 3314 pessime
446 3234 685 3300 affecta
727 3242 845 3301 est.
906 3232 1045 3300 Sed
1085 3235 1180 3298 ita
1219 3232 1442 3297 visum
1485 3240 1587 3299 est
1618 3232 1927 3311 Domino,
1973 3232 2081 3299 cui

119 3319 445 3385 maximas
511 3339 635 3403 ago
699 3321 943 3404 gratias
1006 3316 1176 3403 quod
1239 3327 1375 3382 tam
1430 3319 1641 3385 amica
1692 3339 1896 3383 manu
1959 3338 2080 3383 nos

122 3406 410 3489 castiget.
483 3405 722 3472 Saluta
763 3426 1038 3472 uxorem
1081 3412 1149 3469 et
1190 3424 1223 3468 s
1338 3412 1608 3488 mystas.
1689 3403 1920 3470 Nostri
1961 3424 2081 3470 vos

120 3510 340 3557 omnes
385 3491 703 3557 salutant
790 3490 978 3556 Vale.
1075 3493 1169 3554 12.
1201 3424 1524 3556 Ἰζωοοθωὶ).
1578 3494 1759 3555 1545.

1267 3627 1450 3693 Tuus
1491 3627 1569 3695 P.
1612 3625 1902 3695 Viretus.

41 3981 42 3986 η
135 3914 276 3973 ¹740.
312 3920 378 3985 1)
409 3936 533 3975 non
564 3920 798 3974 missa
829 3921 1060 3989 apostola
1092 3921 1160 3976 de
1192 3921 1465 4056 ffl1ffl⁰
1494 3921 1913 3990 praecedentem.

307 3987 372 4054 2)
412 4005 530 4113 Ξιο
563 4003 620 4043 se
643 3996 991 4058 purqaturus
1024 3990 1166 4045 ierat
1326 3991 1366 4057 ).

310 4056 374 4123 3)
465 4073 560 4128 qe:
599 4055 1012 4127 Camperellum,
1047 4075 1196 4115 nunc
1234 4058 1538 4115 Gaiensem.

309 4124 377 4191 4)
418 4125 662 4192 Beruae,
697 4142 875 4180 mense
915 4128 1157 4182 octobre.

307 4194 375 4262 5)
417 4195 722 4249 ministros
773 4196 1083 4251 Beruenses
1149 4202 1331 4262 mat,
1398 4198 1724 4265 praesertim
1792 4197 2076 4254 &herma

41 4335 42 4342 ἵ
117 4259 429 4322 (Htundoeh.
464 4281 523 4333 p.
561 4262 707 4330 200).

310 4332 376 4400 6)
416 4333 796 4388 Lausavmam
829 4333 1069 4389 vocandi
1099 4335 1162 4388 in
1195 4334 1368 4389 locum
1402 4332 1473 4386 B.
1517 4332 1756 4389 Comitia

309 4399 372 4467 7)
416 4402 502 4456 N.
541 4400 660 4468 676,
698 4409 807 4457 not.
845 4404 875 4456 1
912 4409 963 4457 et
995 4401 1114 4470 697,
1149 4409 1260 4457 not.
1299 4400 1381 4454 14.

307 4469 371 4536 8)
425 4470 590 4524 Tales
623 4486 869 4526 rumores
902 4471 969 4526 de
992 4472 1212 4526 Genera
1247 4488 1284 4525 a
1316 4468 1486 4525 milite
1519 4469 1818 4526 sabaudie-o
1851 4471 2078 4527 insidiis

111 4537 274 4603 pet-'ta
451 4541 464 4554 ⁸
624 4542 1038 4608 spargebantur.
1110 4539 1246 4594 Non
1293 4541 1376 4594 ita
1427 4540 1592 4594 multo
1643 4546 1772 4595 ante
1805 4541 2077 4597 Bet-nates

120 4603 526 4664 Ges-comus
559 4610 832 4663 miluom
867 4610 1102 4664 duorum
1135 4610 1364 4664 matium
1396 4608 1632 4664 auaitum
1666 4610 1970 4666 obtuderunt
2004 4612 2076 4666 si-

41 4691 42 4694 *
118 4674 224 4728 mito·
257 4679 555 4733 occasione
589 4677 839 4744 (Ruchat
871 4678 936 4733 V.
971 4677 1121 4743 259).

895 4956 1300 4964 ..μ

1719 482 1727 489 ’
1836 507 2000 569 1545
2043 502 2452 572 DEOEMB.

4026 510 4152 575 234

3108 690 3255 763 741.

2311 842 2745 910 Mlms'rffl
2789 841 3412 910 GENEVENsEs
3457 816 4043 917 affluamus.

2372 1014 2670 1100 Eloyium
2737 1015 3155 1099 Ghamperelli
3229 1016 3513 1081 maxim:
3578 1037 3655 1082 ex
3719 1025 3912 1099 parte
3986 1023 4155 1090 idem

2201 1101 2365 1184 quod
2414 1122 2622 1184 nuper
2673 1104 2747 1168 in
2799 1102 3069 1168 smilem
3119 1102 3308 1184 finem
3351 1100 3784 1169 Remeat-ibus
3838 1107 4151 1176 miserant.

2202 1275 2475 1343 (Autogra
2514 1273 2622 1327 hon
2676 1278 2858 1327 exstat
2908 1275 2965 1326 in
3020 1272 3177 1328 MSS.
3212 1273 3357 1326 Bibl.
3391 1274 3594 1327 civicae
3638 1276 3957 1331 Ber-nensis:
4006 1279 4152 1335 Hist.

2200 1340 2397 1395 helvet.
2433 1290 2533 1397 1st
2569 1341 2664 1410 34,
2701 1343 2793 1398 fol.
2826 1340 2948 1398 214.
3017 1342 3179 1396 Unde
3214 1348 3398 1396 autem
3441 1343 3698 1397 habuerit
3730 1343 3990 1401 Simlerus
4024 1349 4151 1403 Vol.

2199 1409 2285 1479 58,
2322 1412 2478 1465 nobis
2512 1428 2622 1464 non
2658 1417 2885 1478 constat,
2924 1429 3089 1480 quum
3124 1412 3334 1480 aliquot
3368 1413 3636 1466 notabiles
3661 1415 3934 1469 variantes
3956 1417 4014 1470 in
4034 1419 4151 1472 eius

2198 1484 2356 1533 textu
2408 1486 2708 1534 occurrant.
2778 1481 2932 1534 Alias
2986 1481 3228 1562 reperies
3280 1481 3477 1615 c3ssato
3529 1488 3685 1534 textu
3739 1483 3839 1551 Ep.
3878 1483 4004 1553 710,
4052 1487 4151 1541 sed

3017 1565 3314 1617 pauciores.

2196 1700 2535 1768 Fidelibus
2558 1702 2811 1768 Christi
2840 1703 3164 1769 ministris
3196 1703 3308 1786 qui
3341 1704 3413 1768 in
3443 1705 3852 1787 praefectura
3873 1707 4151 1776 Gaiensi

2367 1790 2781 1889 evangelium
2831 1790 3238 1855 annunciant
3278 1789 3593 1857 fratribus
3636 1794 4148 1879 symmystisque

2364 1894 2735 1941 oarlSSImJS.

2365 2009 2697 2091 Quoniam
2732 2012 3049 2096 scriptum
3086 2013 3672 2097 consignatumque
3693 2016 4146 2083 testimonium

2191 2117 2233 2161 a
2266 2095 2454 2163 nobis
2488 2097 2871 2181 postulastis
2907 2097 2986 2164 de
3026 2098 3438 2181 Champerelli
3473 2100 3785 2178 discessu,
3822 2103 4145 2169 mittimus

2192 2180 2594 2266 descriptum
2648 2206 2732 2248 ex
2788 2185 3000 2250 literis
3053 2206 3215 2268 quas
3270 2186 3578 2252 ecclesiae
3620 2186 3978 2253 Bernensis
4021 2190 4145 2253 mi-

2191 2269 2423 2335 nistris
2466 2270 2850 2352 scripsimus
2891 2270 3022 2335 iam
3068 2279 3222 2336 ante
3266 2291 3577 2337 mensem.
3595 2273 3643 2351 ¹)
3721 2272 3897 2338 Nam
3939 2295 4145 2357 quum

2190 2355 2454 2420 Bernae
2495 2355 2773 2421 ambiret
2815 2357 3257 2422 ministerium
3306 2356 3800 2440 Chartam-ellus,
3859 2380 3943 2424 ne
3986 2360 4146 2444 quid

2191 2462 2310 2523 per
2361 2441 2876 2523 imprudentiam
2931 2450 3311 2525 peccarent,
3370 2443 3699 2507 voluimus
3753 2443 3903 2511 illos
3949 2444 4029 2511 de
4072 2470 4145 2512 re

2189 2534 2328 2591 tcta
2370 2548 2513 2592 esse
2555 2528 2867 2594 monitos:
2923 2537 2989 2592 et
3030 2527 3218 2594 facile
3262 2537 3405 2593 erat
3446 2529 3763 2612 suspicari
3807 2530 4146 2598 hominem

2189 2609 2607 2694 impudenter
2662 2633 2909 2680 vanum
2974 2613 3108 2679 illic
3162 2635 3417 2697 quoque
3467 2634 3602 2678 non
3661 2616 3990 2682 abstinere
4034 2640 4144 2684 ca-

2188 2697 2480 2764 lumniis.
2549 2697 2769 2779 Quam
2812 2700 3255 2766 coniecturam
3298 2721 3435 2765 non
3476 2699 3678 2766 fuisse
3720 2701 3956 2767 falsam
4003 2702 4149 2769 Sul-

2186 2804 2371 2849 zerus
2435 2785 2571 2851 suis
2633 2784 2845 2851 literis
2862 2787 2923 2863 2)
2989 2785 3322 2853 indicavit.
3412 2785 3476 2851 N
3478 2806 3552 2851 os
3606 2786 3813 2869 igitur
3855 2788 4145 2855 officium

2187 2878 2488 2935 nostrum
2543 2872 2834 2937 fecimus.
2924 2870 3002 2936 Si
3044 2881 3386 2937 cessarunt
3427 2870 3553 2949 illi,
3614 2872 3904 2938 viderint
3945 2895 4144 2957 quam

2186 2955 2514 3021 rationem
2557 2954 2876 3021 reddituri
2921 2955 3058 3022 sint
3100 2952 3261 3023 Deo.
3342 2956 3574 3040 Neque
3616 2959 3793 3023 enim
3836 2960 4145 3026 credibile

2186 3052 2291 3108 est
2333 3042 2504 3124 quod
2548 3064 2640 3107 nu
2689 3049 2834 3109 ator
2875 3042 3015 3127 ipse
3057 3044 3283 3117 iactat,
3340 3042 3489 3109 illos
3531 3044 3626 3108 ita
3668 3041 4026 3129 desipuisse
4067 3056 4146 3113 ut

2185 3149 2256 3194 se
2300 3149 2538 3194 causae
2593 3063 2757 3194 affec
2815 3129 2995 3228 turpi
3050 3138 3119 3195 et
3170 3129 3535 3213 flagitiosae
3579 3129 3910 3198 adiutores
3952 3153 4142 3216 prae-

2183 3213 2466 3279 buerint.
2556 3215 2764 3281 Porro
2826 3236 2985 3297 quia
3042 3215 3247 3280 semel
3302 3213 3487 3280 nobis
3542 3216 3840 3298 partibus
3897 3220 4143 3284 nostris

2185 3298 2475 3365 defuncti
2531 3299 2933 3378 videbamur,
2989 3311 3134 3366 erat
3188 3301 3260 3365 in
3317 3302 3535 3366 animo
3598 3300 3872 3384 posthac
3927 3304 4141 3383 silere,

2184 3385 2316 3450 nisi
2371 3406 2665 3452 essemus
2709 3408 2751 3452 a
2791 3387 2977 3454 vobis
3031 3385 3453 3471 interpellati.
3543 3385 3682 3453 Sed
3739 3387 3922 3454 vobis
3965 3389 4140 3473 quod
4212 3425 4215 3430 ·

2184 3472 2652 3553 aequissimum
2710 3481 2810 3538 est
2934 3473 3225 3539 tentibus
3279 3493 3550 3556 negare,
3595 3473 3835 3539 nimiae
3879 3476 3988 3541 vel
4030 3496 4143 3540 su-

2182 3556 2449 3640 perbiae
2493 3559 2602 3624 vel
2644 3577 2793 3624 socc
2879 3559 2977 3624 'ae
3021 3567 3209 3625 esset.
3286 3557 3452 3624 Plus
3497 3567 3718 3624 autem
3759 3559 3914 3626 fidei
3956 3559 4143 3628 habi-

2184 3650 2413 3709 turum
2454 3644 2836 3728 putavimus
2878 3645 3350 3724 testimonium,
3392 3645 3451 3709 si
3486 3644 3570 3710 ad
3609 3643 3881 3711 verbum
3916 3667 4145 3716 excer-

2184 3737 2454 3814 peretur
2509 3752 2592 3796 ex
2646 3730 2780 3795 illis
2836 3730 3047 3796 literis
3101 3751 3263 3814 quas
3317 3728 3622 3797 dedimus
3688 3751 3825 3796 non
3878 3741 4142 3798 tantum

2184 3816 2432 3881 recenti
2475 3817 2792 3882 memoria
2849 3815 2965 3882 sed
3007 3816 3143 3882 fere
3187 3817 3259 3881 in
3296 3837 3369 3881 re
3411 3817 3555 3901 ipsa
3603 3819 3951 3900 praesenti.
4041 3821 4143 3885 Ac

2185 3903 2451 3966 tametsi
2492 3922 2610 3968 vos
2668 3902 2800 3968 iam
2860 3901 2944 3966 ad
2984 3902 3279 3968 officium
3323 3902 3729 3968 voluntarios
3785 3911 3852 3969 et
3893 3904 4143 3972 alacres

2184 4008 2329 4052 esse
2375 3987 2776 4066 videbamus,
2822 3988 2894 4052 hi
2937 3995 3163 4054 tamen
3206 3986 3336 4053 duo
3376 3989 3621 4054 fratres
3660 3991 3870 4055 nostri
3904 3991 3988 4056 ad
4023 4012 4139 4058 vos

2183 4074 2689 4155 proficiscuntur
2731 4083 2808 4138 ut
2848 4075 3067 4140 verbis
3108 4075 3355 4139 nostris
3399 4095 3517 4140 vos
3561 4075 3632 4139 in
3674 4087 3854 4140 recto
3908 4097 4143 4160 propo-

2184 4160 2311 4224 sito
2355 4161 2765 4225 confirment.

2358 4246 2546 4311 Haec
2604 4265 2799 4328 porro
2854 4246 3165 4312 historiae
3210 4265 3469 4311 summa
3511 4252 3629 4312 est.
3650 4247 3707 4320 ⁸)
3792 4245 3941 4311 Hac
3985 4267 4140 4312 con-

2185 4331 2430 4397 ditione
2483 4332 2838 4413 recipimus
2895 4333 2971 4396 in
3012 4331 3359 4415 collegium
3420 4337 3723 4395 nostrum
3780 4333 4137 4409 ministros,

2181 4430 2260 4483 ut
2302 4417 2613 4484 ecclesiae
2657 4417 3037 4483 Genevensi
3080 4418 3403 4492 serviant,
3448 4427 3586 4480 tam
3628 4415 3700 4480 in
3744 4437 3901 4500 agro
3943 4437 4143 4499 quam

2182 4505 2253 4568 in
2306 4504 2473 4569 urbe
2490 4554 2505 4581 ,
2568 4524 2952 4586 quocunque
3016 4504 3265 4568 fuerint
3328 4510 3597 4567 senatus
3662 4503 4016 4568 autoritate
4070 4511 4138 4568 et

2181 4597 2405 4655 nostro
2447 4589 2687 4656 iudicio
2730 4588 3057 4655 destinati.
3121 4589 3251 4653 Hic
3286 4609 3369 4652 ex
3404 4607 3564 4668 agro
3597 4588 3669 4652 in
3703 4589 3934 4653 urbem
3970 4589 4137 4654 acci-

2182 4687 2290 4742 tus
2335 4677 2569 4753 fuerat,
2616 4697 2742 4758 quo
2784 4685 3080 4758 tempore
3124 4695 3231 4739 res
3275 4684 3466 4738 erant
3510 4673 3828 4738 turbatae.
3901 4674 4136 4738 Postea

2179 4782 2384 4843 quum
2428 4761 2726 4826 nonnulli
2771 4780 2848 4826 eo
2893 4761 3087 4843 longe
3131 4760 3449 4826 doctiores
3491 4761 3564 4823 in
3599 4780 3830 4842 agrum
3876 4757 4135 4842 ablega-

2177 4856 2429 4926 rentur‚
2476 4856 2768 4913 retentus
2812 4848 2881 4912 in
2924 4847 3087 4913 urbe
3131 4847 3257 4912 fuit
3299 4845 3451 4929 quia
3495 4846 3662 4911 bene
3707 4841 3948 4910 vocalis
3992 4851 4135 4910 erat

2211 5102 2349 5158 741.
2387 5104 2447 5169 1)
2485 5103 2563 5159 Ν.
2598 5102 2716 5158 717.
4122 5163 4127 5168 ,

2383 5171 2446 5235 2)
2484 5173 2797 5240 deperditis.

2386 5240 2446 5305 3)
2484 5243 2638 5296 Hinc
2684 5242 2801 5306 fere
2852 5256 3057 5294 merum
3113 5239 3473 5306 apoyraphon
3529 5237 3695 5291 habes
3746 5237 4005 5305 epistolae
4056 5237 4134 5292 ad

2180 5309 2492 5364 Beruenses
2525 5314 2737 5365 mtssae.
2896 5309 3054 5364 adem
3089 5308 3374 5361 historiam
3409 5306 3821 5374 Hundeshayen
3853 5307 4130 5374 pauciori-

2178 5380 2279 5434 bus
2315 5382 2536 5448 attinqit
2568 5397 2624 5448 p.
2658 5379 2760 5434 201
2797 5393 2876 5449 sq.
2916 5379 3317 5433 Annotationes
3348 5381 3569 5430 nostras
3601 5376 3692 5431 hic
3723 5382 4133 5443 repraesentare

2176 5465 2290 5504 non
2325 5451 2534 5504 attinet.
4073 5468 4077 5472 ·
