4825 6175
231 418 335 482 185
1945 413 2107 476 1645
2153 408 2479 477 OO'POB.
4098 416 4218 476 186

224 603 409 672 doctis
443 609 511 666 et
541 601 672 686 piis
704 599 890 666 viris.
950 597 1088 667 Sed
1132 598 1316 666 deest
1358 608 1425 664 et
1468 598 1877 665 desideratur
1921 598 2159 683 aliquis

226 689 507 759 Calvinus
547 687 659 770 qui
704 686 908 753 verbo
951 685 1200 768 praesit
1241 686 1608 752 conventui.
1690 685 1962 752 Utinam
2010 706 2159 768 pro·

221 778 356 862 pius
394 774 796 858 intelligeres
840 771 1078 856 quibus
1113 771 1416 854 suspiriis
1453 770 1615 837 haec
1652 770 1925 838 ecclesia
1966 792 2160 837 suum

226 861 536 929 Calvinum
579 866 861 941 exoptet.
880 858 939 940 Β)
1001 855 1137 922 Sed
1178 857 1527 934 Dominus,
1572 858 1756 922 cuius
1795 857 2161 923 ministerio

222 947 499 1014 addictus
559 965 631 1010 es
647 995 664 1024 ,
719 942 1106 1027 providebit.
1198 941 1650 1009 Convenimus
1706 943 1790 1007 D.
1835 941 2162 1008 Bucerum

218 1042 326 1098 tua
341 1031 489 1097 freti
523 1027 1109 1107 commendatione,
1146 1035 1216 1094 et
1247 1029 1437 1094 facile
1470 1027 1925 1093 intelleximus
1953 1049 2160 1111 quan-

217 1130 349 1184 tum
389 1136 593 1200 penes
636 1136 788 1180 eum
833 1114 1142 1198 ponderis
1175 1113 1418 1180 habeat
1452 1121 1640 1179 tuum
1686 1114 2158 1180 testimonium.

217 1204 480 1272 Utinam
521 1222 679 1267 vero
723 1201 981 1266 efficere
1022 1199 1268 1284 possim
1311 1220 1398 1265 ne
1441 1198 1703 1282 quando
1745 1199 2158 1266 commenda-

217 1290 332 1356 tori
385 1286 716 1353 incutiant
770 1286 986 1352 aliena
1038 1297 1307 1368 peccata
1357 1285 1705 1369 pudorem,
1750 1292 1869 1349 aut
1908 1306 1995 1350 ne
2039 1283 2162 1351 tibi

218 1377 297 1443 sit
340 1373 606 1457 sponsio
660 1392 891 1438 noxae.
956 1372 1313 1438 Praeterea
1367 1371 1801 1437 salutavimus
1844 1371 1931 1436 D.
1973 1369 2161 1436 Fale-

214 1463 391 1540 sium,
477 1461 549 1524 in
625 1478 755 1540 quo
834 1456 1387 1540 deprehendimus
1456 1468 1520 1522 et
1586 1456 1856 1522 reveriti
1935 1476 2162 1523 sumus

213 1566 526 1631 magnum
582 1552 651 1609 et
691 1542 1034 1608 heroicum
1090 1542 1519 1608 inconcussae
1573 1543 1838 1626 pietatis
1891 1541 2160 1608 domici·

214 1633 386 1698 lium.
477 1630 834 1696 Decumbit
886 1627 1001 1694 ille
1057 1627 1322 1712 quidem
1379 1628 1700 1706 adhuc,⁴)
1762 1628 1876 1693 sed
1920 1627 2162 1711 spiritu

212 1719 377 1784 vivit
419 1715 745 1799 valetque.
832 1712 1259 1797 Quantopere
1311 1735 1469 1780 vero
1512 1724 1578 1779 te
1622 1715 1937 1797 suspiret,
1991 1734 2162 1779 nun·

211 1824 398 1887 quam
445 1802 608 1867 satis
651 1801 781 1866 nisi
823 1820 1136 1883 praesens
1171 1800 1517 1884 intelliges.
1576 1799 1684 1864 De
1718 1799 1990 1883 reliquis
2025 1800 2166 1864 eius

210 1889 491 1975 negotiis
534 1909 616 1953 ex
661 1886 805 1951 eius
848 1885 1060 1950 literis
1103 1886 1340 1951 certior
1385 1888 1520 1952 fies.
1601 1884 1777 1965 Quid
1824 1887 1982 1950 item
2022 1905 2164 1950 mo-

209 1974 457 2040 liantur
517 1972 878 2056 principes,
925 1980 1069 2036 tum
1111 1971 1159 2035 ii
1203 1973 1312 2053 qui
1357 1973 1583 2036 fovent
1635 1979 1705 2036 et
1747 1980 2167 2054 propugnant

211 2060 512 2127 ecclesias
557 2057 826 2136 Christi,
873 2065 1014 2122 tum
1058 2056 1157 2122 illi
1199 2059 1412 2123 nostri
1455 2055 1810 2139 ἀλάστορες,
1854 2056 1968 2139 qui
2010 2077 2163 2123 cum

210 2145 585 2231 gigantibus
627 2141 1033 2208 meditantur
1074 2164 1263 2209 suam
1299 2150 1653 2223 θεομαχίαν,
1691 2164 1765 2209 co
1813 2162 2042 2207 nosces
2077 2164 2163 2207 ex

210 2232 485 2297 aliorum
532 2228 839 2312 epistolis.
884 2228 948 2293 N
951 2250 1043 2308 os,
1090 2228 1249 2293 dum
1291 2229 1506 2294 adhuc
1550 2227 1754 2310 aliqui
1840 2227 2165 2293 liberioris

206 2318 318 2383 otii
362 2316 715 2393 tribuitur,
776 2334 1204 2399 properamus
1255 2323 1329 2380 ut
1372 2313 1720 2397 aliquando
1764 2313 1968 2378 semel
2010 2332 2164 2378 con-

206 2404 505 2470 ficiamus
563 2408 795 2466 nostra
855 2401 1154 2484 negotia,
1176 2401 1232 2478 ὁ)
1289 2410 1357 2466 et
1400 2399 1689 2483 expediti
1746 2420 2165 2466 recurramus

205 2487 285 2553 ad
324 2488 695 2565 ecclesiam,
744 2496 936 2551 extra
976 2506 1175 2568 quam
1218 2487 1445 2552 vivere
1489 2507 1624 2550 non
1667 2505 2041 2568 possumus:
2089 2493 2167 2550 ut

207 2584 459 2641 taceam
518 2592 866 2652 arcanum,
921 2571 1093 2654 quod
1150 2572 1362 2639 indies
1423 2573 1637 2655 magis
1696 2580 1890 2654 atque
1954 2572 2166 2654 magis

204 2660 473 2739 crescit,
554 2668 711 2723 tuae
790 2656 1283 2724 consuetudinis
1363 2658 1776 2725 desiderium.
1881 2653 2164 2735 Scilicet,

203 2746 420 2829 inquit
462 2752 687 2829 poeta:

409 2880 593 2934 Multa
627 2879 733 2932 viri
772 2879 947 2932 virtus
983 2879 1179 2944 anime,
1217 2879 1528 2948 multusque
1564 2885 1810 2932 recursat

414 2949 615 3004 Gentis
648 2948 837 3013 honos,
872 2948 1066 3001 haeret
1078 2948 1126 3014 ⁶)
1163 2948 1316 3001 infixi
1353 2956 1573 3017 pectore
1609 2948 1792 3001 vultus

409 3018 731 3087 Verbaque,
767 3032 867 3071 nec
899 3017 1168 3086 placidam
1205 3018 1464 3073 membris
1500 3017 1597 3069 dat
1628 3033 1760 3069 cura
1796 3017 2049 3084 quietem.

371 3155 663 3239 Egimus
698 3153 781 3218 de
815 3154 1075 3237 negotio
1113 3152 1537 3221 Maldonadae
1571 3174 1724 3220 cum
1749 3152 2086 3233 Richardo,
2109 3155 2166 3231 7)

203 3240 314 3307 sed
361 3239 551 3307 aliud
594 3238 854 3305 efficere
897 3261 1032 3304 non
1075 3241 1403 3322 potuimus
1459 3261 1653 3322 quam
1700 3238 1769 3303 id
1813 3239 1983 3322 quod
2027 3241 2166 3323 ipse

207 3326 584 3393 Rich-ardus
646 3324 910 3409 plenius
976 3324 1058 3390 ad
1125 3346 1242 3390 vos
1294 3327 1672 3408 perscribat.
1764 3324 1867 3390 Ou
1914 3325 1978 3390 io
2022 3347 2166 3391 meo

201 3414 478 3477 nomine
545 3409 816 3476 salutari
881 3431 1156 3476 uxorem
1222 3419 1404 3476 tuam
1465 3432 1617 3477 cum
1671 3431 1789 3477 sua
1884 3411 2081 3476 udith.
2103 3412 2165 3487 ε3)

203 3498 510 3582 Loquuti
570 3517 800 3562 sumus
860 3494 940 3561 de
993 3495 1220 3579 puella
1285 3498 1468 3562 cuius
1521 3498 2012 3562 matrimonium
2071 3496 2167 3561 illi

200 3605 398 3651 curae
442 3589 580 3659 est,
624 3581 738 3647 sed
782 3581 1081 3647 intellexi
1124 3582 1258 3647 iam
1303 3580 1691 3665 desponsam
1737 3585 1984 3648 tonsori
2029 3583 2166 3650 cui-

205 3668 373 3736 dam.
467 3667 811 3736 Salutabis
880 3689 1139 3752 quoque
1211 3678 1400 3733 tuum
1468 3668 1851 3747 Galla-sium,
1870 3673 1926 3744 ⁹)
1980 3670 2166 3734 cuius

408 3959 478 4026 3)
521 3959 614 4014 Eo
658 3965 892 4027 tempore
926 3959 1011 4013 10.
1054 3956 1365 4013 Gamrius
1410 3959 1658 4014 minister
1703 3965 1836 4024 erat,
1887 3959 2004 4014 Val.
2041 3958 2170 4015 Pol-

204 4031 364 4084 lam„
402 4030 750 4163 {megae-{us
770 4095 957 4149 morbo
979 4095 1141 4147 etiam
1162 4094 1298 4149 alibi
1314 4095 1513 4148 mentio
1538 4095 1618 4161 fit.
1654 4093 1733 4150 N.
1758 4093 1877 4148 700.
1906 4094 2022 4150 701.
2050 4095 2168 4151 705.

413 4168 479 4229 5)
514 4166 602 4219 Ex
676 4181 747 4218 uo
779 4163 944 4217 fldem
979 4179 1129 4216 suam
1177 4163 1450 4233 professus
1484 4171 1604 4216 erat
1636 4164 1695 4217 in
1729 4163 1961 4218 Galliam
1995 4166 2168 4220 disce-

205 4235 354 4303 dens,
411 4235 564 4289 dixit
613 4251 667 4313 ο.
735 4232 1074 4302 expedienda
1126 4232 1390 4312 quaedam
1432 4233 1661 4313 ‘negotia
1711 4234 1908 4314 exiguo
1955 4241 2168 4288 tantum

203 4309 474 4386 temporis
519 4311 708 4385 ‘spatio
760 4318 898 4386 opus
952 4318 1095 4381 esse,
1151 4308 1231 4382 ρι’
1253 4318 1382 4370 qma
1426 4318 1597 4384 ipsius
1640 4318 1813 4382 magis
1849 4320 2011 4424 {quam
2045 4321 2167 4357 mea

203 4379 482 4427 intererat
515 4388 694 4441 ipsum
729 4377 837 4424 cito
871 4370 1067 4437 redire,
1101 4368 1828 4493 mihidssersuzisnaoegldvctans
1872 4408 1885 4422 .
1907 4370 2170 4494 lawa}

200 4511 381 4565 redux
417 4458 504 4564 a?
521 4439 1495 4578 smugelgffgsmhaeraecs
1537 4480 1859 4562 lutheranae
1886 4508 2028 4580 faya
2062 4511 2174 4564 sibi

204 4580 504 4645 concubit,
539 4582 590 4631 et
622 4578 820 4632 abacta
853 4576 1046 4630 exsilio
1081 4584 1130 4629 et
1163 4578 1544 4643 confiscatione
1576 4578 1835 4632 muuutus
1869 4586 1962 4633 est.

413 4647 478 4714 6)
520 4645 690 4714 Leye:
735 4645 978 4698 haerent.
1054 4645 1175 4702 Nos
1210 4661 1399 4700 versus
1443 4646 1745 4713 reficimus,
1795 4649 1856 4701 in
1906 4649 2171 4716 impresso

205 4717 503 4865 80114087).
527 4781 890 4837 Μαζᾱοηαίαε
909 4780 1128 4835 Falesia·
1153 4782 1274 4849 fuit
1303 4783 1528 4864 amicus,
1563 4782 1814 4865 Bonnetp
1848 4783 2172 4867 Hanoverq-

205 4869 378 4986 εἴ.
394 4850 1153 5001 mmmmm
1181 4850 1921 5001 zwetmtmw...
1894 4851 2175 4990 Fam

209 4990 391 5045 dictus
444 4988 715 5054 Vanmlle,
751 4988 880 5069 olgm·
914 4991 1257 5056 Augustanus
1265 5028 1280 5054 ,
1323 4996 1513 5070 postea
1549 4990 1700 5070 apud
1735 4989 2016 5058 Bam-‘922
2048 5007 2173 5045 con·

203 5062 494 5123 aendor,
541 5064 591 5111 ct
630 5055 877 5111 Londtm
920 5073 1027 5126 quo
1071 5063 1307 5124 tempore
1348 5059 1427 5111 aba
1473 5060 1695 5113 cocleam
1728 5059 2016 5113 wallonem
2048 5075 2173 5113 con·

209 5128 331 5183 dita
365 5133 466 5182 est.
541 5124 808 5180 Fortasse
848 5123 920 5179 R.
959 5125 1130 5179 Hales
1163 5123 1311 5193 (700,
1347 5132 1457 5180 not.
1493 5126 1572 5194 ὁ).
1616 5127 1697 5193 Cf.
1734 5126 1853 5195 674,
1887 5134 1999 5181 not.
2035 5127 2089 5181 2.

425 5194 494 5257 8)
537 5193 757 5249 Caluini
781 5195 1059 5262 pravique.

425 5264 491 5328 9)
530 5267 689 5318 cuius
723 5278 833 5315 rem
864 5262 1197 5328 famlias-em
1231 5265 1446 5318 curavit
1485 5264 1725 5318 Parisiis
1759 5279 1812 5317 c.
1842 5262 1993 5318 1546.
2030 5264 2175 5330 (Fa-

213 5333 346 5390 brie.
383 5331 546 5403 Biqa
575 5347 717 5400 resp.
743 5347 804 5400 p.
841 5330 978 5398 153.)

2261 598 2531 699 negotia
2584 598 2755 699 mihi
2812 598 2986 666 cordi
3046 621 3191 699 esse
3247 601 3495 666 utinam
3553 600 3898 667 ostendere
3953 602 4217 684 possim.

2264 684 2442 767 Quid
2487 684 2759 750 multis?
2828 683 3163 752 salutabis
3206 694 3409 752 totam
3456 695 3637 751 tuam
3681 686 4036 753 ecclesiam.
4095 686 4216 752 Sa-

2263 771 2437 836 lutat
2491 777 2561 835 te
2617 770 2981 854 plurimum
3044 780 3162 838 tua
3226 794 3420 855 quam
3487 770 3593 838 hic
3658 771 3859 838 habes
3926 771 4218 839 ecclesia.

2263 857 2454 935 Vale,
2503 858 2932 941 Argentorati
2973 858 3045 923 in
3087 861 3447 941 procinctu.
3493 857 3703 924 Nonis
3746 857 3974 925 Octob.
4010 861 4089 940 ¹⁰)

3431 979 3615 1043 Tuus
3659 977 4043 1045 Balduinus.

3172 1456 3319 1528 710.

2798 1608 3205 1676 VIRE'PUS
3252 1609 3686 1678 OALVINO.

2444 1782 2663 1848 Novus
2684 1781 2922 1847 exstitit
2948 1782 3322 1849 candidatu-s·
3345 1783 3460 1864 qui
3476 1804 3710 1849 munus
3742 1782 4222 1852 ecclesiasticum

2266 1867 2492 1945 ambit,
2538 1868 2645 1934 sed
2687 1867 2765 1933 de
2806 1888 2873 1933 eo
2917 1867 3121 1933 adhue
3161 1867 3415 1933 haerent
3468 1869 3665 1935 dubii.
3760 1872 3925 1937 Sunt
3964 1869 4225 1936 subinde

2267 1954 2381 2035 qui
2445 1955 2659 2019 numi-<5
2737 1953 3014 2019 destituti
3078 1953 3470 2020 Lausannae
3525 1958 3814 2040 affluwzt.
3887 1953 4227 2022 Gorderius

2267 2040 2519 2105 tandem
2560 2038 2901 2121 aliquando
2945 2040 3135 2104 adest.

2547 2209 2657 2276 (Ex
2696 2211 3034 2280 autographo
3070 2210 3198 2264 Cod.
3234 2211 3435 2265 Genev.
3474 2211 3571 2264 111
3592 2223 3642 2277 ⁸,
3681 2212 3770 2266 fol.
3810 2211 3955 2278 149.)

2683 2363 2821 2431 Suo
2864 2364 3100 2430 Ioanni
3144 2366 3437 2432 Calvino.

3580 2453 3912 2521 Genevae.

2444 2585 2515 2653 S.
2583 2586 2981 2653 Audivimus
3028 2586 3476 2669 Gonzbaudmn,
3535 2611 3760 2656 senem
3806 2591 3990 2656 illum
4020 2598 4068 2663 ¹)
4114 2595 4224 2676 qui

2269 2674 2535 2740 Bernae
2578 2693 2729 2739 cum
2772 2672 3043 2738 Deotheo
3058 2675 3117 2749 ²)
3163 2674 3493 2757 repulsam
3539 2696 3770 2760 passus
3813 2689 3929 2742 est.
4017 2676 4223 2762 Spem

2271 2760 2461 2826 nobis
2516 2760 2671 2825 fecit
2727 2778 2866 2823 non
2920 2761 3255 2844 exiguam,
3313 2762 3450 2825 fore
3509 2771 3584 2826 ut
3625 2763 3989 2827 ministerio
4035 2764 4226 2830 valde

2270 2845 2546 2912 idoneus
2591 2845 2695 2910 sit.
2786 2842 2921 2910 Sed
2977 2866 3185 2911 unum
3240 2858 3340 2910 est
3394 2847 3567 2931 quod
3624 2847 3925 2913 nonnihil
3970 2860 4228 2933 torquet

2268 2931 2536 2996 fratres:
2578 2931 2827 2997 scilicet
2861 2928 3033 3013 quod
3067 2931 3228 2996 adeo
3250 2932 3558 2998 videatur
3590 2934 3902 3016 querulus
3935 2943 4228 3002 metuere

2273 3040 2355 3083 ne
2398 3017 2524 3084 sibi
2569 3017 2782 3083 victus
2839 3015 3035 3097 desit,
3093 3039 3296 3101 quum
3349 3026 3572 3084 tamen
3616 3020 3883 3104 quidam
3926 3021 4229 3087 retulerit

2271 3104 2610 3169 hominem
2655 3102 2738 3169 ad
2781 3125 2900 3169 vos
2943 3105 3206 3188 egregie
3264 3115 3675 3171 nummatum
3736 3107 4111 3187 advenisse,
4157 3119 4226 3174 et

2270 3201 2532 3257 centum
2592 3189 2898 3256 habuisse
2953 3201 3292 3256 coronatos
3347 3191 3418 3255 in
3473 3205 3834 3276 numerato.
3925 3192 4121 3274 Quod
4164 3195 4223 3261 si

2269 3276 2363 3340 ita
2385 3284 2505 3352 est,
2542 3276 2747 3341 miror
2781 3297 2899 3340 cur
2936 3276 3218 3341 voluerit
3252 3285 3521 3359 sumptu
3557 3299 3839 3362 gravare
3860 3280 4218 3346 ecclesiam.

2269 3361 2428 3427 Huc
2471 3360 2751 3441 accedit,
2807 3360 2977 3445 quod
3036 3361 3223 3428 nobis
3275 3363 3471 3427 etiam
3531 3364 3814 3429 relatum
3875 3377 4005 3443 est,
4051 3387 4222 3445 eum,

2273 3461 2474 3530 quum
2510 3448 2763 3513 vicinus
2799 3458 2972 3514 esset
3012 3447 3271 3514 Pererio
3290 3449 3347 3534 ⁸)
3383 3447 3575 3514 valde
3611 3451 3850 3516 afflicto
3887 3452 4115 3518 morbo
4158 3461 4225 3517 et

2270 3535 2577 3616 pauperie
2596 3585 2611 3612 ,
2670 3532 2856 3599 nulla
2907 3535 3186 3617 pecunia
3239 3535 3444 3616 ipsius
3502 3535 3789 3618 inopiam
3849 3535 4224 3603 sublevasse

2272 3627 2390 3682 aut
2429 3619 2770 3698 beneficio,
2819 3640 3021 3703 quum
3067 3629 3289 3684 tamen
3331 3619 3400 3684 id
3443 3632 3676 3704 posset.
3765 3621 3951 3688 Haec
3996 3622 4225 3688 retulit

2272 3705 2660 3787 quibusdam
2704 3725 2740 3769 e
2784 3705 3026 3770 nostris
3071 3701 3298 3787 Faber,
3352 3707 3688 3773 carmelita
3740 3707 3851 3772 ille
3896 3708 4223 3787 Gaiensis,

2270 3795 2380 3874 qui
2447 3792 2593 3857 istic
2658 3812 2929 3856 uxorem
2999 3791 3218 3857 habet.
3312 3794 3403 3856 At
3446 3794 3753 3876 quoniam
3806 3793 4045 3860 fratres
4090 3815 4221 3859 non

2272 3886 2516 3941 temere
2552 3876 2785 3942 volunt
2818 3882 3017 3941 unius
3054 3878 3433 3942 testimonio
3468 3878 3895 3960 acquiescere,
3934 3891 3997 3944 te
4032 3886 4225 3944 orant

2273 3971 2351 4026 ut
2394 3961 2633 4028 harum
2678 3982 2898 4027 rerum
2944 3984 3021 4028 ac
3063 3963 3269 4028 totius
3315 3966 3491 4028 vitae
3546 3964 3723 4030 illius
3780 3985 3969 4030 cures
4028 3987 4223 4049 quam

2271 4049 2516 4131 poteris
2573 4049 2894 4133 ocyssime
2950 4048 3441 4131 inquisitionem
3510 4052 3683 4129 fieri,
3745 4065 3819 4116 ut
3874 4072 3991 4134 per
4047 4052 4220 4117 hunc

2270 4132 2688 4198 tabellarium
2724 4154 2843 4197 nos
2879 4132 2962 4197 de
2997 4134 3303 4199 omnibus
3345 4134 3546 4201 facias
3589 4137 3914 4213 certiores,
3959 4156 4085 4219 quo
4122 4138 4224 4201 vir

2270 4219 2482 4284 bonus
2539 4220 2620 4283 iis
2679 4218 3026 4284 calumniis
3084 4220 3432 4298 liberetur,
3493 4220 3549 4285 si
3606 4222 3800 4286 modo
3854 4221 4223 4288 calumniae

2272 4302 2874 4386 deprehendantur,
2934 4326 3017 4369 ne
3073 4326 3222 4370 eum
3283 4307 3597 4371 remorari
3653 4307 3871 4390 aliqua
3924 4307 3993 4371 in
4036 4319 4224 4391 parte

2269 4390 2538 4473 possint.

2447 4474 2640 4556 Quod
2687 4486 3011 4559 superest,
3070 4475 3267 4540 huius
3323 4485 3391 4541 te
3434 4478 3757 4542 monitum
3803 4478 4008 4542 velint
4050 4486 4126 4541 ut
4168 4478 4225 4543 si

2272 4563 2388 4645 qui
2447 4564 2581 4626 sint
2636 4562 2763 4654 qui·
2804 4563 2951 4627 istic
3020 4559 3251 4643 pedem
3310 4563 3550 4646 figant,
3609 4565 3668 4628 si
3720 4562 3873 4644 quid
3939 4562 4227 4628 habeant

2448 4852 2544 4917 10)
2585 4851 2654 4905 Si
2686 4859 2814 4920 post
2856 4867 2924 4907 ea
2969 4869 3109 4923 quae
3153 4854 3265 4907 iam
3311 4852 3400 4907 hic
3447 4859 3497 4906 et
3540 4851 3616 4906 ad
3653 4851 3728 4906 N.
3767 4849 3872 4904 658
3914 4849 4063 4905 dicta
4098 4858 4227 4904 sunt

2276 4922 2406 4975 aliis
2440 4924 2603 4975 etiam
2637 4937 2775 4989 opus
2808 4930 2944 4976 esset
2976 4922 3336 4991 aryamentis,
3371 4922 3570 4991 quibus
3604 4935 3787 4974 annus
3819 4920 4029 4974 natalis
4061 4920 4228 4974 huius

2273 4991 2535 5113 οιῆιῖῧὶῑαε
2560 4990 3036 5126 15f45ffe57253‘7atur,
3074 4991 3443 5111 agleyam-emus
3476 4997 3526 5044 te
3559 4990 3634 5044 ad
3667 5005 3747 5057 ep.
3772 4988 3994 5043 Pollam·
4010 4988 4086 5043 N.
4108 4987 4224 5044 729.

2439 5102 2449 5111 .
2492 5063 2546 5125 l)
2584 5076 2613 5115 c
2642 5100 2653 5112 .
2757 5101 2768 5112 .
2909 5101 2924 5127 ,
2961 5066 3071 5113 not.
3148 5101 3157 5110 .

2483 5128 2545 5192 2)
2581 5128 2670 5180 De
2705 5131 2860 5182 cuius
2893 5145 3064 5185 causa
3097 5130 3334 5182 maxime
3365 5128 3574 5196 rezeyas
3604 5125 3680 5180 N.
3716 5124 3838 5180 694.

2486 5197 2545 5260 3)
2588 5196 2840 5251 Occurrit
2886 5198 3145 5252 Pererius
3191 5197 3394 5265 aliquis
3441 5196 3612 5261 (azias
3660 5195 3900 5259 Poirier)
3946 5197 4090 5250 inter
4129 5197 4227 5249 mi-

2278 5267 2487 5319 nistros
2526 5265 2880 5333 Genevenses,
2926 5267 3268 5319 suburbanos
3307 5271 3470 5332 puta,
3516 5266 3598 5318 ita
3643 5271 3706 5318 ut
3754 5264 3873 5319 Gom
3882 5265 4096 5319 baudus
4137 5265 4229 5319 ale

2280 5334 2398 5387 eius
2432 5336 2648 5389 vicinus
2681 5336 2794 5387 diei
2821 5335 3075 5402 potuerit.
