4825 6175
639 417 770 482 379

1557 600 1718 672 825.

1123 753 1642 840 {PARELLUS
1686 753 2125 821 CALVINO.

816 928 922 996 De
956 906 1214 1009 'smmis
1257 925 1511 994 calvini
1566 931 1698 991 tam
1748 925 1971 991 latinis
2011 945 2204 1008 quam
2239 926 2496 1012 qam
2536 928 2610 992 in

647 1015 914 1082 altorum
955 1032 1296 1080 sermomm
1338 1013 1539 1078 versi-s·
1581 1017 1638 1077 et
1670 1012 1997 1077 vertendis.
2091 1012 2278 1079 Nova
2318 1033 2396 1080 σω
2446 1013 2606 1081 Ger-

645 1102 884 1180 mania,
927 1102 1204 1166 maxime
1247 1097 1614 1166 Ratisbona.

650 1275 766 1341 (Ex
796 1271 1137 1345 autographo
1170 1270 1315 1325 Bibl.
1349 1272 1646 1391 1¹:22ng
1688 1267 2154 1404 {eoffimemium
2225 1270 2368 1339 Epp.
2405 1270 2609 1326 Farelli

650 1512 905 1582 Christi
962 1532 1155 1578 servo
1205 1510 1453 1593 pastori
1507 1508 1819 1576 ecclesiae
1866 1506 2281 1576 Genevensis
2327 1508 2610 1592 vigilan-

821 1600 1075 1665 tissimo
1119 1616 1378 1664 summa
1421 1604 1566 1660 tum
1609 1595 1854 1678 pietate
1914 1605 2054 1660 tum
2099 1594 2472 1660 eruditione
2513 1594 2608 1661 Io.

823 1684 1103 1752 Calvino
1146 1682 1336 1748 fratri
1380 1687 1446 1748 et
1486 1687 1894 1765 symmystae
1935 1680 2511 1833 quatzgfflmo

825 1906 895 1972 S.
964 1906 1173 1972 Recte
1225 1905 1476 1969 factum
1535 1900 1708 1986 quod
1768 1902 2045 1968 latinate
2074 1906 2117 1980 1)
2181 1900 2419 1976 donati
2461 1910 2615 1969 sunt

651 1992 805 2060 libri
848 1994 919 2057 in
957 1991 1402 2073 anabaptistae
1447 1996 1517 2054 et
1558 1988 1923 2054 libertinos.
2007 1987 2377 2072 Expediret
2436 1988 2612 2054 idem

649 2081 799 2146 fieri
844 2078 922 2144 de
967 2076 1512 2144 condemnatione
1555 2072 1870 2139 librorum
1917 2092 1957 2137 a
2007 2073 2334 2157 theologis
2377 2074 2612 2158 parisi-

649 2168 759 2232 nis
778 2167 836 2248 2>
881 2164 993 2247 qui
1035 2162 1205 2229 nihil
1247 2161 1467 2227 minus
1503 2171 1692 2238 sunt,
1752 2169 1820 2225 et
1861 2159 1931 2223 in
1979 2157 2125 2224 aliis
2167 2179 2335 2243 quae
2376 2160 2612 2244 gallice

651 2251 947 2319 emisisti.
1037 2246 1174 2315 Sed
1218 2247 1453 2332 gallice
1496 2244 1817 2313 vertenda
1860 2253 2034 2310 esset
2070 2252 2189 2309 tua
2232 2246 2614 2312 firmissima

652 2336 1081 2421 oppugnatio,
1137 2334 1273 2399 imo
1318 2333 1514 2416 plena
1571 2331 1973 2415 expugnatio
2033 2329 2499 2397 dormientium
2538 2334 2613 2396 in

651 2424 827 2490 bono
888 2430 957 2488 et
1011 2420 1435 2504 vigilantium
1503 2419 1572 2483 in
1629 2416 1824 2482 malo.
1847 2419 1903 2494 ⁸)
2003 2416 2129 2481 Est
2185 2417 2362 2482 enim
2421 2416 2613 2483 valde

650 2508 849 2588 utilis,
888 2529 972 2572 ne
1013 2506 1226 2572 dicam
1262 2504 1649 2583 necessaria,
1694 2522 1890 2585 quam
1925 2500 2249 2584 plurimis,
2295 2524 2429 2569 non
2463 2511 2611 2568 tan-

648 2601 796 2659 tum
840 2600 918 2658 ut
960 2613 1001 2657 a
1043 2610 1355 2675 perverso
1399 2595 1793 2656 revocentur
1832 2607 2055 2653 errore
2084 2588 2192 2653 vel
2235 2596 2313 2653 ut
2354 2590 2614 2674 possint

652 2677 1084 2745 delirantibus
1128 2679 1453 2754 resistere,
1500 2695 1734 2739 verum
1779 2674 1976 2738 etiam
2022 2683 2095 2737 ut
2137 2675 2350 2741 multa
2396 2675 2471 2740 in
2514 2695 2611 2740 sa-

650 2766 780 2834 cris
814 2763 1191 2848 intelligant
1232 2782 1398 2845 quae
1441 2761 1515 2825 in
1556 2780 1634 2825 eo
1670 2780 1866 2845 opere
1901 2759 2319 2842 explicantur
2352 2759 2610 2827 clarius.

650 2849 942 2918 Paulum
985 2868 1187 2932 perge
1223 2845 1614 2912 familiarem
1648 2844 1951 2911 omnibus
1987 2842 2261 2912 reddere
2301 2868 2421 2931 pro
2462 2867 2612 2932 gra-

650 2939 747 3002 tia
789 2937 908 3001 tibi
955 2936 1122 3000 data.

825 3021 962 3087 Nos
1007 3020 1552 3103 exspectabamus
1606 3024 1673 3081 te
1733 3018 1900 3084 istuc
1961 3021 2313 3101 spatiatum
2374 3027 2612 3083 ventu-

652 3130 820 3174 rum.
913 3107 988 3173 Si
1037 3116 1220 3189 potes
1269 3104 1333 3169 id
1381 3105 1583 3170 effice.
1674 3104 1925 3170 Consul
1986 3105 2465 3170 Wattevillanus
2507 3104 2615 3171 hic

652 3196 792 3260 fuit.
884 3191 1075 3273 Quae
1121 3191 1347 3257 scribit
1387 3190 1740 3267 MailletuS,
1796 3212 1954 3256 vera
1999 3191 2093 3255 ait
2136 3190 2248 3257 sed
2294 3202 2536 3255 vetera.
2554 3195 2613 3267 ⁴)

651 3280 899 3346 Caesar
933 3276 1299 3342 Ratisbona
1320 3277 1743 3342 Lanshutum
1773 3272 2197 3343 'concesserat
2238 3286 2315 3340 ut
2352 3278 2613 3343 obvium

650 3366 781 3431 iret
823 3364 1040 3428 missis
1086 3363 1168 3427 ad
1213 3384 1282 3427 so
1329 3361 1651 3427 militibus
1695 3362 1969 3446 aliquot,
2029 3364 2265 3446 quibus
2323 3365 2616 3445 exceptis

650 3472 883 3516 rursus
939 3450 1242 3513 miseram
1299 3448 1578 3513 intravit
1620 3447 2068 3513 Ratisbonam.
2159 3448 2243 3512 In
2300 3449 2614 3514 suburbio

652 3535 995 3603 collocavit
1018 3532 1388 3600 Germanos
1425 3554 1584 3618 quos
1618 3532 1836 3610 habet,
1880 3533 2219 3618 Hispanos
2254 3554 2402 3598 cum
2426 3534 2616 3600 Italis

653 3643 877 3688 secum
920 3622 991 3685 in
1038 3618 1198 3684 urbe
1257 3617 1470 3684 habet.
1573 3618 1754 3682 Nulli
1815 3621 2054 3685 civium
2113 3619 2270 3686 licet
2322 3618 2613 3705 gladium

652 3714 931 3793 gestare,
966 3724 1179 3788 neque
1213 3713 1491 3787 possunt
1528 3703 1750 3787 plures
1785 3706 2153 3785 convenire,
2191 3726 2325 3770 non
2361 3714 2614 3788 septem

650 3792 865 3871 mode,
911 3792 1073 3875 quin
1115 3811 1295 3855 mors
1349 3791 1707 3855 immineat.
1790 3791 2067 3857 Miseret
2107 3812 2214 3856 me
2258 3790 2463 3872 urbis,
2509 3793 2613 3857 cui

652 3878 965 3946 Christus
1023 3873 1212 3942 adsit.
1300 3876 1476 3942 Urbs
1516 3885 1619 3940 est
1675 3876 1758 3941 ad
1819 3876 2200 3943 Danubium
2218 3924 2234 3955 ,
2295 3878 2368 3940 in
2419 3897 2614 3960 quem

651 3963 875 4030 influit
940 3962 1184 4028 fluvius
1243 3984 1325 4027 ex
1369 3967 1479 4027 Au
1575 3969 1703 4027 sta:
1771 3962 1993 4027 Rhein
2013 3960 2069 4049 ὁ)
2129 3969 2387 4028 vocant.
2513 3963 2615 4028 Ea

653 4058 801 4116 erat
841 4049 1090 4114 Bavari
1133 4046 1345 4125 ducis,
1408 3984 1572 4113 seffu
1578 4049 2008 4134 oppignerata
2046 4050 2164 4113 uni
2207 4070 2291 4113 ex
2335 4047 2614 4115 ducibus

652 4135 1086 4217 Imperatoris
1140 4153 1275 4198 non
1335 4135 1711 4217 postremis,
1781 4134 1894 4218 qui
1956 4135 2235 4200 verbum
2302 4143 2484 4200 amat
2547 4143 2616 4200 et

651 4220 853 4287 huius
917 4220 1134 4304 gratia
1197 4219 1413 4285 noluit
1475 4240 1659 4284 arma
1722 4220 1792 4285 in
1857 4230 2118 4287 nostros
2182 4241 2449 4287 movere
2490 4242 2613 4287 nec

652 4306 937 4372 militare
1003 4303 1126 4371 sub
1183 4304 1484 4372 Gaesare-
1573 4306 1659 4370 In
1714 4326 1792 4370 ea
1846 4307 2010 4373 urbe
2067 4306 2333 4390 agebat,
2402 4326 2613 4390 neque

655 4392 961 4459 Caesaris
1006 4412 1219 4474 neque
1253 4391 1501 4458 Bavari
1544 4391 1661 4457 sed
1703 4412 1821 4458 suo
1863 4391 2145 4458 nomine.
2214 4391 2613 4458 Admonitus

689 4649 830 4703 825.
869 4648 928 4713 1)
965 4650 1061 4702 sic.
1135 4646 1617 4703 Festinantissime
1660 4648 1794 4703 haec
1838 4648 2047 4717 scripta
2092 4647 2307 4703 videm
2352 4665 2519 4721 quum
2561 4657 2614 4705 et

652 4719 812 4784 infra
844 4718 1050 4771 simssia
1085 4724 1394 4772 occurrant.
1524 4722 1532 4731 '

860 4785 921 4851 2)
961 4785 1203 4841 Libellos
1237 4785 1363 4839 adv.
1400 4784 1602 4840 Amba
1677 4786 1689 4797 “
1736 4800 1801 4839 as
1848 4790 1897 4837 et
1937 4783 2248 4867 Libertinos
2290 4787 2462 4841 latine
2495 4802 2612 4871 venj-

653 4854 1540 5005 &apondmgnqfflssrggssh
1534 4940 1567 4975 a
1582 4851 2177 5004 ‘ffi'gffigffssmffi’
2185 4870 2311 4978 ”geo
2330 4857 2455 4995 35²⁸
2476 4857 2615 4979 36²2}

660 4990 946 5072 Galvpnum
977 4991 1177 5060 qalltce
1207 4993 1521 5061 ser-ipsusne,
1567 4990 1632 5045 sd
1656 4996 1995 5059 perspectum
2031 5008 2145 5046 non
2179 4993 2452 5048 memus.
2523 4992 2614 5048 De

656 5060 924 5115 Amtdoto
956 5066 1148 5115 contra
1165 5059 1448 5116 Atticulae
1485 5060 1931 5116 Somou-istarum
2060 5060 2201 5115 itari
2229 5063 2415 5132 nequit
2448 5079 2613 5132 quum

656 5130 758 5184 hoc
793 5129 962 5183 latine
1065 5130 1231 5183 imum
1266 5130 1469 5185 editum
1499 5130 1672 5197 sicori&
1702 5135 1754 5183 et
1786 5128 1900 5182 iam
1922 5144 1974 5183 a.
1997 5126 2028 5181 1
2154 5130 2351 5196 gallice
2383 5147 2611 5202 quoque.

863 5197 926 5260 3)
1047 5198 1214 5267 oleqq.
1263 5199 1323 5253 T.
1373 5201 1462 5255 V.»
1510 5240 1522 5252 .
1559 5198 1630 5254 38
1664 5197 1812 5269 (Psy
2104 5198 2267 5265 chia).

863 5264 924 5403 ἐξ
958 5264 1068 5390 ἐκεῖ)
1086 5266 1321 5408 hffigeaf
1362 5269 1435 5324 N.
1506 5268 1588 5337 10,
1629 5268 1734 5324 PS.
1771 5272 1821 5323 et
1922 5307 1933 5320 .
1968 5265 2033 5319 81
2075 5308 2089 5333 ,
2124 5275 2237 5324 not.
2271 5266 2324 5322 3.

2196 409 2725 483 EPIS'POLAE
2769 416 3111 478 825—827
4528 414 4619 478 380

2712 623 2753 667 a
2794 601 3041 668 nostris
3083 601 3194 668 hic
3236 605 3314 666 ut
3354 620 3427 665 se
3482 599 3765 666 amicum
3819 605 3936 664 aut
3992 597 4251 664 hostem
4303 597 4626 665 declararet

2710 688 3070 771 urbemque
3113 687 3416 771 aperiret,
3463 685 3729 751 tandem
3752 684 3998 751 nostris
4041 704 4112 750 se
4155 681 4405 749 dedidit
4446 691 4510 749 et
4542 707 4625 750 ur-

2712 773 2880 852 bem,
2924 782 2994 840 et
3034 794 3187 841 cum
3228 772 3472 838 nostris
3513 770 3769 835 militat.
3853 771 4129 837 Piorum
4162 770 4491 838 exercitus
4524 791 4628 837 non

2711 859 2943 945 procul
2985 880 3026 925 a
3069 858 3459 925 Caesariano
3502 865 3603 922 est
3644 856 3729 921 ad
3773 856 3995 942 sylvas
4037 855 4449 922 Bohemicas.
4527 854 4629 924 Nos

2711 944 2906 1011 valde
2939 945 3258 1030 frig-emus
3290 944 3363 1008 in
3398 941 3715 1026 precibus,
3751 952 3818 1008 et
3848 962 4190 1026 nunquam
4227 942 4439 1027 magis
4475 961 4631 1026 opor·

2713 1032 2842 1096 tuit
2884 1051 3150 1114 operam
3196 1029 3354 1095 dare
3405 1034 3486 1093 ut
3542 1027 3746 1094 solide
3799 1026 3882 1093 ad
3925 1028 4287 1094 Dominum
4332 1036 4633 1094 converte-

2711 1137 2953 1183 remur.
3026 1115 3203 1199 Quid
3248 1123 3459 1200 agunt
3501 1113 3711 1178 nostri
3752 1112 3987 1197 quibus
4030 1135 4227 1180 curae
4264 1123 4385 1189 est,
4427 1114 4520 1203 ita
4548 1134 4634 1181 eos

2712 1202 3086 1268 excierante
3105 1204 3161 1279 ⁶)
3207 1202 3475 1277 ambitu,
3519 1199 3707 1266 bonis
3743 1202 4083 1284 negotium
4117 1206 4194 1264 ut
4234 1200 4552 1266 facessant
4585 1209 4639 1265 ct

2714 1288 2921 1354 malos
2963 1287 3284 1354 tuantur?
3374 1285 3575 1351 Aliud
3636 1294 3791 1368 puto
3846 1305 3957 1351 eos
4016 1306 4246 1351 curare
4285 1306 4486 1368 quam
4522 1307 4639 1370 pre-

2715 1395 2840 1440 ces.
2924 1374 3029 1441 'Pu
3073 1372 3249 1457 apud
3305 1372 3587 1438 Viretwm
3630 1371 3805 1437 insta
3839 1379 3907 1436 et
3949 1371 4129 1449 alios,
4187 1378 4266 1436 ut
4308 1370 4491 1436 dedit
4526 1372 4641 1436 Do-

2714 1459 2934 1525 minus
2985 1480 3195 1543 posse.
3284 1458 3384 1524 Ac
3423 1456 3571 1523 vale
3628 1477 3779 1522 cum
3832 1456 3966 1522 tuis
4020 1455 4288 1540 collegis
4344 1456 4640 1536 omnibus,

2714 1565 2800 1610 ne
2844 1555 3248 1628 praeteream
3291 1542 3647 1609 Gallatium
3689 1553 3756 1607 et
3794 1541 4094 1626 Goppum,
4139 1543 4271 1608 imo
4315 1545 4642 1608 neminem.

2717 1629 2952 1696 Saluta
2996 1638 3180 1696 tuam
3223 1630 3565 1712 coniugem
3624 1648 3775 1693 cum
3831 1630 4034 1693 fratre
4090 1649 4166 1694 ac
4219 1637 4359 1694 tota
4401 1628 4642 1694 familia.

2713 1715 2939 1783 Nostri
2963 1723 3027 1782 te
3049 1715 3353 1792 salutant,
3398 1713 3646 1798 collega
3679 1735 3756 1780 ac
3782 1712 4032 1797 caspar
4064 1714 4429 1798 praecipue.
4496 1714 4645 1780 Neo·

2715 1802 2887 1868 comi
2932 1807 2988 1868 3.
3035 1800 3445 1885 Septembris
3501 1803 3681 1865 1546.

3754 1936 4060 2004 Farellus
4105 1945 4259 2004 tuus
4305 1945 4499 2004 totus.

3485 2233 3896 2242 μ

3613 2452 3771 2524 826.

3201 2604 3675 2673 OALVINUS
3718 2602 4181 2674 FARELLO.

2893 2775 3415 2844 Ommnentarimn
3472 2779 3543 2842 in
3606 2777 3870 2843 alteram
3933 2776 4020 2842 ad
4078 2774 4438 2842 Corinthios
4503 2795 4666 2859 quem

2716 2864 3107 2947 deperditum
3148 2862 3426 2929 credebat
3441 2914 3458 2944 ‚
3514 2865 3649 2929 iam
3691 2862 3941 2928 salvum
3982 2882 4113 2928 esse
4152 2864 4425 2928 rescivit.
4518 2861 4667 2927 Alia

2718 2971 2990 3016 exarare
3024 2954 3279 3015 conatus
3301 2948 3419 3014 huc
3451 2971 3650 3031 usque
3673 2969 3913 3031 pao-um
3926 2948 4208 3031 profecit.
4260 2947 4471 3015 Varia
4492 2948 4667 3029 refert

2718 3037 2792 3102 de
2838 3035 3083 3102 Farelli
3124 3036 3425 3120 commas,
3483 3035 3558 3102 de
3606 3035 3882 3115 Textore,
3939 3034 4014 3100 de
4054 3035 4161 3101 sui
4203 3035 4416 3117 ipsius
4458 3035 4668 3101 itinere

2722 3123 3097 3189 Neooomum
3139 3142 3359 3187 versu-s·
3389 3123 3723 3205 promisse,
3768 3125 4061 3202 suscepto,
4101 3122 4471 3203 interrupto.

2722 3294 2832 3358 (Ex
2890 3293 3227 3363 autographo
3284 3292 3414 3347 cod.
3454 3292 3690 3415 osshani
3727 3290 3991 3428 4ο2ἒ)τοι.
4028 3291 4076 3345 9.
4136 3320 4202 3332 -
4250 3254 4668 3347 Βι-ειωιιηεῑᾱοί
4778 3342 4779 3353 Ν

3210 3378 3217 3387 ”
3557 3378 3649 3430 pp.
3686 3377 3739 3431 p-
3848 3404 3857 3413 .
4778 3388 4779 3393 ¹

2718 3534 2982 3598 Eximio
3027 3553 3220 3599 servo
3266 3533 3537 3598 Domini
3583 3533 3793 3597 nostri
3834 3534 3986 3598 Iesu
4025 3531 4274 3598 Christi
4312 3532 4667 3600 Guillelmo

2717 3620 2984 3685 Farello
3021 3620 3083 3683 N
3087 3619 3485 3685 eocomensis
3522 3618 3827 3684 ecclesiae
3864 3620 4112 3703 pastori
4156 3619 4348 3685 fratri
4392 3629 4464 3685 et
4499 3638 4666 3704 sym·

3334 3712 3592 3790 mystae
3633 3704 3985 3771 carissimo.
4005 3709 4052 3782 ¹)

2891 3841 2963 3908 S.
3009 3842 3208 3908 Nunc
3248 3841 3734 3927 aliquantulum
3790 3840 3888 3907 fui
3942 3848 4274 3907 recreatus
4323 3848 4665 3925 postquam
4780 3890 4783 3919 2

2715 3928 3019 3994 intellexi
3063 3929 3320 3995 salvum
3366 3949 3507 3994 esse
3531 3926 3753 3993 meum‘
3779 3927 4411 4008 commentarium.²)
4505 3926 4667 3991 Nam
4780 3928 4783 3939 '

2716 4017 2969 4081 interea
3021 4015 3178 4080 dum
3243 4015 3515 4097 periisse
3577 4014 3875 4097 suspicor
3893 4064 3907 4087 ,
3974 4023 4154 4079 totus
4207 4014 4460 4079 mensis
4513 4010 4668 4076 mihi

2716 4101 2929 4186 periit.
2996 4100 3326 4166 Libellum
3371 4101 3452 4166 de
3496 4100 3822 4167 scandalis
3855 4100 4338 4166 inchoaveram.
4361 4101 4419 4179 ὃ)
4492 4096 4666 4164 Abii-

2716 4207 2864 4252 cere
2906 4198 3165 4253 coactus
3208 4208 3376 4253 sum.
3461 4185 3768 4271 Denique
3824 4184 4142 4270 quidquid
4182 4183 4527 4251 tentabam
4569 4201 4666 4253 ω·

2716 4273 2904 4338 rebat
2945 4292 3263 4338 successu.
3366 4273 3539 4337 Nam
3596 4272 3910 4357 epistolae
3958 4271 4042 4337 ad
4087 4271 4364 4337 Galatas
4407 4271 4535 4335 vix
4576 4268 4664 4334 di·

2714 4356 2995 4424 midium
3036 4368 3231 4441 caput
3264 4359 3450 4443 potui
3485 4360 3815 4442 perficere,
3862 4355 4173 4444 quamdiu
4216 4358 4313 4422 ila
4350 4356 4455 4421 fni
4487 4374 4666 4439 prae-
4786 4420 4789 4431 ⁴

2922 4648 2983 4716 6)
3019 4651 3113 4705 sic.
3191 4648 3337 4719 Quid
3370 4650 3471 4705 hoc
3505 4651 3617 4706 σῶα·
3646 4650 3771 4704 velit
3792 4656 3854 4705 tu
3887 4647 4095 4704 videas.
4151 4647 4412 4703 Pron-'me
4446 4658 4663 4717 aequm

2715 4724 2940 4772 tuantur
2971 4720 3087 4788 ipsi
3116 4720 3279 4775 tacite
3312 4719 3745 4777 mandassemus
3788 4718 3905 4773 nabi
3938 4717 4109 4787 plura
4153 4718 4217 4771 in
4277 4717 4377 4773 hac
4412 4731 4500 4786 cp.
4537 4714 4663 4769 talia

2715 4794 2893 4872 essent
2936 4795 2999 4841 ut
3046 4788 3341 4858 genuinam
3385 4788 3491 4843 tibi
3531 4788 3650 4843 eius
3691 4788 3890 4855 faciem
3933 4785 4459 4856 repraesentandam
4507 4782 4661 4837 dtu-ve·

2712 4872 2905 4979 ”3⁸22
2930 4925 2983 4994 1)
3023 4925 3140 4979 Pro
3173 4925 3277 4980 hac
3309 4925 3666 4993 marimum
3700 4923 4142 4979 firmandam
4174 4923 4339 4978 effluo
4369 4922 4550 4977 auam
4581 4935 4662 4974 a·

2716 4994 2860 5049 hibet
2891 4996 3075 5050 nescio
3108 4993 3256 5049 unde
3287 4993 3654 5063 desumptam.-
3687 4993 3893 5064 Insigni
3937 5008 4097 5047 servo
4132 4992 4198 5047 G.
4234 4992 4297 5046 F.
4335 4991 4506 5046 Neoc.
4542 4989 4659 5042 eccl.

2716 5063 3141 5202 &aggoi-{fflfgatri
3193 5062 3558 5133 integerrimo.
3664 5062 4035 5132 Inscriptiom'
4086 5059 4342 5116 Farcllus
4391 5059 4528 5115 aad.
4586 5054 4660 5110 15.

2920 5200 2982 5267 2)
3024 5200 3098 5255 N.
3128 5198 3238 5255 sic
3272 5216 3376 5271 seq.
3452 5198 3624 5255 Falso
3659 5199 3943 5255 Bretscha.
3991 5199 4059 5253 de
4102 5214 4289 5253 comm.
4330 5196 4391 5252 in
4433 5195 4660 5251 odam

2716 5271 2933 5341 cogitat.

2924 5336 2983 5405 3)
3028 5337 3113 5405 ΟΥ.
3153 5338 3397 5409 Prolem.
3444 5337 3503 5393 T.
3540 5336 3700 5393 VIII.
3729 5353 3788 5408 p.
3820 5332 3872 5393 9.
