4825 6175
578 452 656 518 19
2120 445 2648 517 EPISTOLAE
2692 448 3030 513 607-609
4497 448 4575 518 20

570 639 883 722 loquitur.
971 635 1225 702 Eadem
1279 655 1535 719 quoque
1578 634 1912 719 protervia
1962 635 2068 702 ins
2200 634 2250 699 ‘t
2267 711 2271 717 ,
2291 633 2529 700 deinde

574 726 651 792 in
694 723 1164 808 Augustinum.
1223 722 1393 787 Nam
1438 741 1641 804 quum
1686 741 1772 786 ex
1813 720 2115 804 pluribus
2185 720 2321 787 ocis
2363 740 2529 803 quos

580 809 984 878 adduxeram
1059 829 1265 873 unum
1342 806 1504 873 velit
1578 806 1905 885 refellere,
1995 807 2285 892 primum
2360 805 2530 871 mihi

576 897 736 963 affin
787 896 834 959 ‘t
876 913 1043 977 quae
1086 913 1426 976 nunquam
1459 892 1529 957 in
1565 900 1858 958 mentem
1899 903 2248 971 venerunt,
2290 911 2528 975 nempe

579 1002 709 1067 quo
799 979 1107 1045 dixerim:
1154 978 1331 1045 aliud
1377 977 1460 1043 ad
1506 976 1704 1044 aliud.
1789 979 1989 1044 Mitto
2031 979 2242 1060 ipsam
2287 978 2527 1060 episto-

576 1067 715 1133 lam
756 1087 958 1150 quam
1001 1086 1042 1130 a
1082 1064 1268 1131 vobis
1324 1064 1573 1148 recepi,
1634 1072 1708 1129 ut
1760 1061 1914 1129 inde
1972 1063 2161 1130 vobis
2214 1069 2531 1147 appareat

579 1161 862 1238 quantus
906 1172 1057 1216 eum
1096 1149 1538 1217 calumniandi
1571 1149 1755 1215 furor
1798 1150 2019 1233 agitet.
2087 1147 2334 1214 Statim
2368 1168 2529 1214 vero

579 1239 760 1305 hunc
802 1238 1019 1305 locum
1062 1238 1156 1303 sic
1189 1235 1465 1302 claudit:
1510 1235 1705 1301 Alius
1738 1242 1943 1318 pater,
1987 1234 2155 1300 alius
2189 1234 2382 1313 filius,
2430 1232 2529 1298 di-

576 1323 863 1393 oendum
907 1333 1026 1401 est,
1069 1323 1181 1406 qui
1225 1321 1393 1387 nolit
1423 1321 1494 1387 in
1518 1309 1967 1387 Arianismflm
2002 1319 2310 1386 incidere.
2380 1320 2528 1404 Ego

580 1419 801 1477 autem
843 1410 1105 1475 tametsi
1150 1408 1483 1487 confiteor,
1536 1406 1719 1472 hunc
1762 1427 1905 1472 esse
1947 1407 2286 1491 proprium
2331 1415 2530 1488 atque

580 1497 898 1563 usitatum
950 1493 1257 1577 loquendi
1311 1514 1559 1559 morem
1575 1543 1591 1572 ,
1648 1500 1727 1557 ut
1780 1491 2075 1559 dicamus
2129 1492 2328 1558 alium
2386 1511 2529 1557 esse

579 1592 833 1666 patrem
877 1602 918 1645 a
959 1579 1111 1658 filie,
1170 1600 1298 1645 non
1345 1576 1553 1657 aliud,
1611 1588 1833 1644 tamen
1890 1596 2301 1661 nequaquam
2358 1578 2530 1642 ferre

577 1688 848 1753 possum
905 1665 1265 1731 Arianismi
1319 1664 1769 1749 Augustinum
1824 1664 2152 1729 immerito
2218 1662 2528 1742 accusari,

579 1754 692 1837 qui
737 1754 830 1818 sic
872 1751 1147 1835 epistola
1205 1749 1287 1816 ad
1332 1750 1704 1817 Maximum
1749 1750 2162 1834 sexagesima
2203 1758 2392 1814 sexta
2433 1747 2530 1813 lo-

623 1839 837 1904 uitur:
900 1837 1086 1903 Haec
1141 1836 1362 1902 omnia
1415 1858 1534 1901 nec
1594 1836 1860 1902 confuse
1915 1856 2121 1900 unum
2167 1845 2350 1913 sunt,
2408 1854 2530 1900 nec

630 1925 902 1990 'siuncte
949 1924 1106 2003 tria,
1166 1922 1280 1988 sed
1335 1943 1542 2005 quum
1599 1923 1736 1987 sint
1788 1941 1996 1986 unum
2040 1920 2172 1986 tria
2213 1931 2402 1998 sunt,
2463 1927 2531 1984 et

581 2031 783 2095 quum
828 2011 962 2075 sint
999 2009 1134 2073 tria
1173 2029 1383 2073 unum
1427 2014 1600 2072 sunt.
1687 2003 1980 2072 Proinde
2023 2006 2135 2090 qui
2178 2013 2315 2071 tam
2358 2005 2530 2069 mul·

581 2096 668 2162 tis
712 2094 1019 2161 cordibus
1060 2092 1359 2159 fidelium
1409 2092 1682 2157 donavit
1734 2102 1810 2158 ut
1868 2100 2088 2157 essent
2134 2114 2340 2157 unum
2396 2112 2527 2169 cor,

582 2192 827 2264 quanto
871 2202 941 2244 m
1031 2179 1083 2246 's
1128 2187 1471 2247 conservat
1502 2178 1578 2242 in
1620 2199 1690 2243 se
1733 2179 1876 2260 ipso
1913 2187 1987 2242 ut
2028 2178 2162 2243 sint
2203 2176 2364 2242 haec
2399 2175 2530 2241 tria

581 2274 650 2333 et
691 2268 791 2333 sin
841 2265 952 2331 ula
1059 2285 1206 2344 eus,
1265 2282 1331 2329 et
1374 2264 1567 2330 simul
1627 2264 1848 2329 omnia
1905 2283 2035 2328 non
2090 2270 2224 2328 tres
2279 2263 2369 2328 dii
2413 2259 2528 2327 sed

581 2374 753 2419 unus
823 2374 954 2417 eus.
1002 2350 1197 2417 Certe
1233 2351 1345 2432 qui
1382 2350 1510 2415 tria
1553 2350 1899 2414 confitetur
1932 2369 2136 2413 unum
2158 2368 2319 2428 esse,
2345 2346 2525 2413 aliud

580 2438 663 2504 ab
719 2437 846 2503 alio
905 2436 1119 2501 dicere
1179 2456 1313 2501 non
1371 2435 1684 2500 horreret.
1795 2435 1967 2499 Nam
2015 2434 2127 2499 ubi
2172 2443 2306 2499 tres
2351 2440 2525 2511 sunt,

577 2524 830 2608 primus
852 2523 1021 2588 alius
1043 2529 1145 2588 est
1179 2543 1219 2585 a
1253 2518 1558 2598 secundo,
1606 2521 1717 2586 ubi
1746 2521 1893 2597 tria,
1938 2520 2070 2586 illic
2093 2540 2237 2585 esse
2259 2518 2437 2585 aliud
2461 2528 2528 2583 et

580 2608 759 2675 aliud
802 2630 1068 2674 necesse
1110 2616 1228 2673 est.
1298 2607 1379 2671 Iu
1422 2606 1705 2673 eundem
1749 2607 1946 2671 etiam
1990 2603 2256 2670 modum
2300 2602 2529 2671 scribit

577 2695 1040 2773 Nazanzenus,
1102 2715 1173 2759 se
1234 2714 1442 2757 unum
1499 2693 1746 2756 intueri
1800 2694 1871 2756 in
1931 2690 2075 2756 Deo
2129 2710 2262 2755 non
2316 2711 2523 2772 posse,

577 2781 736 2865 quin
781 2781 912 2845 tria
953 2800 1106 2845 mox
1150 2777 1495 2843 discernat.
1559 2777 1745 2844 Haeo
1787 2784 2045 2843 tantum
2087 2776 2234 2841 ideo
2278 2774 2527 2841 adduxi

578 2876 652 2933 ut
708 2864 1050 2950 paululum
1112 2864 1308 2929 huius
1364 2862 1598 2929 furiosi
1655 2864 1827 2928 tauri
1885 2863 2206 2947 impetum
2263 2861 2522 2927 cohibe·

578 2974 719 3018 rem
748 2953 827 3030 16)
864 2952 975 3035 qui
1019 2950 1429 3016 Arianismos
1475 2959 1540 3014 et
1584 2947 2120 3014 Sabellianismos
2163 2947 2522 3012 identidem

578 3045 815 3122 crepat,
854 3038 1107 3121 quoties
1154 3035 1426 3102 verbulo
1464 3056 1595 3101 uno
1632 3034 2002 3101 offenditur.
2091 3032 2361 3118 Alioqui
2401 3054 2525 3100 nec

581 3125 660 3191 de
704 3146 777 3189 re
821 3124 901 3189 ab
947 3146 1021 3189 eo
1066 3122 1415 3199 dissentio,
1476 3131 1544 3186 et
1601 3120 1881 3186 libenter
1934 3120 2006 3185 in
2062 3120 2374 3203 loquendi
2415 3142 2523 3184 ra-

576 3212 758 3276 tione
799 3210 1284 3275 distinctionem
1342 3208 1422 3273 ab
1466 3229 1542 3273 eo
1582 3207 1863 3291 positam
1908 3226 2161 3290 sequor,
2199 3205 2392 3273 modo
2438 3227 2523 3271 ne

577 3297 924 3382 tyrannica
977 3296 1294 3360 servitute
1346 3315 1481 3358 non
1547 3300 1805 3358 tantum
1872 3313 2097 3359 omnes
2153 3293 2265 3375 qui
2332 3290 2523 3356 hodie

575 3383 829 3461 vivunt,
875 3380 989 3447 sed
1034 3379 1374 3446 defunctos
1417 3379 1617 3444 etiam
1659 3380 1958 3462 attingat.

745 3465 970 3532 Redeo
1029 3465 1111 3531 ad
1168 3463 1335 3530 illud
1380 3465 1860 3530 atrocissimum
1904 3464 2244 3529 haereseos
2288 3469 2357 3527 et
2397 3463 2519 3529 im-

621 3553 839 3618 ietatis
882 3554 1130 3619 crimen
1174 3550 1343 3634 quod
1386 3550 1553 3615 mihi
1607 3558 1673 3615 et
1725 3550 1913 3616 vobis
1955 3549 2150 3615 simul
2193 3548 2518 3633 impingit.

575 3574 654 3705 Si
699 3638 890 3723 vobis
931 3658 1064 3704 non
1101 3652 1201 3702 est
1243 3643 1503 3702 tantum
1537 3636 1743 3702 animi
1779 3644 1856 3700 ut
1890 3636 2063 3702 hanc
2105 3635 2413 3701 ferociam
2437 3632 2519 3718 ¹⁷)

576 3724 947 3803 coerceatis,
1009 3731 1302 3789 vestram
1344 3721 1605 3805 quidem
1650 3722 1927 3787 nimiam
1967 3720 2350 3804 patientiam
2395 3720 2520 3784 im-

574 3810 881 3895 probabo,
930 3809 1043 3875 scd
1087 3807 1541 3876 commendata
1583 3806 1874 3873 Domino
1914 3828 2061 3872 mea
2100 3814 2169 3872 et
2212 3806 2522 3872 ecclesiae

575 3918 774 3964 causa
812 3896 1072 3979 quietus
1114 3916 1221 3960 me
1262 3893 1333 3958 in
1369 3893 1629 3960 silentio
1672 3893 2034 3959 continebo.
2122 3890 2246 3958 Sin
2290 3892 2522 3958 colleo-

532 3984 666 4047 -tis
724 3982 961 4047 animis
1022 3980 1105 4046 ad
1160 3978 1645 4064 repurgandam
1670 3980 1754 4062 18)
1811 3979 1936 4045 hoc
1999 3998 2198 4044 coeno
2265 3986 2329 4042 et
2395 3978 2521 4043 hac

577 4067 724 4133 labe
777 4066 1113 4133 ecclesiam
1172 4088 1287 4132 vos
1356 4065 1771 4131 accinxeritis
1787 4115 1803 4143 ,
1868 4084 2005 4130 non
2071 4063 2294 4129 dubito
2359 4064 2521 4146 quin

578 4155 828 4220 exitum
882 4160 1020 4218 tam
1077 4160 1341 4218 sanctae
1395 4152 1629 4218 actioni
1700 4151 1971 4216 daturus
2027 4150 2116 4214 sit
2168 4147 2519 4228 Dominus,

579 4239 841 4323 qualem
885 4240 1097 4321 optari
1132 4259 1171 4302 a
1203 4238 1390 4303 bonis
1427 4237 1726 4302 omnibus
1764 4257 1883 4319 par
1925 4245 2041 4301 est.
2110 4235 2299 4313 Mihi,
2346 4233 2520 4317 quod

578 4345 799 4390 meam
831 4324 1300 4407 querimoniam
1336 4321 1420 4386 ad
1453 4344 1569 4389 vos
1605 4321 1828 4402 detuli,
1864 4322 2091 4387 videor
2125 4320 2338 4386 officio
2369 4341 2519 4403 per-

579 4412 863 4477 functus,
951 4409 1305 4492 Reliquum
1354 4418 1455 4474 est
1501 4417 1575 4473 ut
1615 4429 1781 4492 quae
1823 4409 1959 4473 sint
2000 4414 2258 4473 vestrae
2300 4415 2521 4489 partes

582 4496 899 4580 cogitetis,
949 4515 1071 4560 nec
1112 4495 1345 4560 sinatis
1398 4503 1621 4559 vestra
1675 4494 2039 4560 cessatione
2090 4495 2193 4576 (ut
2234 4513 2319 4556 ne
2362 4491 2520 4575 quid

584 4583 853 4668 gravius
921 4581 1160 4665 dicam)
1226 4581 1471 4645 malum
1528 4581 1727 4645 nimis
1786 4579 2057 4644 noxium
2123 4585 2191 4643 et
2253 4577 2521 4642 exitiale

586 4668 860 4753 gliscere
902 4667 1176 4732 ulterius
1231 4674 1300 4731 et
1356 4666 1658 4750 grassari.
1747 4665 2001 4744 Valete,
2043 4665 2279 4728 fratres
2320 4663 2522 4728 caris-

586 4755 735 4819 simi
778 4762 845 4818 et
885 4753 1050 4818 mihi
1086 4772 1344 4834 semper
1386 4750 1642 4818 colendi
1682 4750 1753 4814 in
1788 4748 2099 4815 Domino:
2144 4769 2335 4833 quem
2371 4769 2523 4831 pre-

462 4876 471 4885 ·
586 4860 698 4907 cor
740 4846 816 4903 ut
857 4837 1040 4904 vobis
1084 4858 1339 4920 semper
1388 4836 1558 4903 adsit
1613 4857 1690 4902 ac
1714 4841 1795 4913 ¹¹³)
1851 4836 2082 4918 spiritu
2138 4833 2524 4918 prudentiae

761 5093 855 5160 16)
889 5092 1013 5148 Hoc
1045 5090 1305 5147 vocabulo
1335 5093 1398 5146 in
1442 5090 1500 5144 T.
1535 5095 1587 5147 et
1622 5090 1693 5144 B.
1740 5103 1874 5146 casu
1909 5091 2120 5160 omisso,
2161 5089 2428 5147 simlerus
2458 5107 2527 5146 ex

585 5165 898 5223 coniectura
932 5162 1194 5231 excipiam
1228 5158 1477 5214 inseruit.

761 5229 854 5298 17)
890 5230 1084 5283 furiam
1125 5228 1190 5283 G.
1219 5228 1277 5282 T.
1300 5228 1369 5281 Β.
1396 5226 1451 5281 S.
1485 5225 1631 5297 quod
1651 5226 1809 5282 nobis
1839 5227 2260 5295 praeferendum
2292 5228 2524 5285 videtur.

760 5298 854 5422 ἐξ)
890 5297 1289 5420 repugnantiam
1326 5295 1406 5351 N.

834 5372 859 5436 )
895 5381 989 5422 ste.
1074 5405 1086 5418 .
1123 5366 1360 5434 supplet.-
1393 5379 1508 5418 vos.

2632 634 3042 701 fortitudinis
3091 634 3211 701 zeli
3277 636 3681 703 constantiae
3735 637 4025 702 instruat
4085 637 4157 701 in
4227 636 4415 722 regni
4478 635 4578 701 sui

2633 720 3170 788 aedificationem.
3259 726 3359 787 21.
3404 721 3654 789 Ianuar
3709 725 3888 787 1545.
3908 725 3999 803 ²⁰)

3486 859 3767 925 Ioannes
3813 858 4129 926 Calvinus
4172 866 4405 926 vester.

3531 1353 3687 1427 6⁰8.

3063 1489 3470 1560 VIRETUS
3515 1490 4151 1560 BULLINGERO.

2804 1662 2909 1729 De
2943 1662 3143 1728 libello
3189 1662 3453 1729 Lutheri
3491 1683 3693 1746 nuper
3747 1664 3823 1729 de
3877 1663 4111 1747 neqotio
4170 1663 4583 1730 eucharistiae

2636 1753 2848 1815 contra
2897 1749 3270 1814 Turicmses
3311 1749 3485 1815 edito.
3577 1748 3699 1815 Oui
3749 1755 3821 1814 ut
3872 1749 3967 1815 vel
4024 1751 4273 1816 omnino
4323 1770 4447 1816 non
4489 1770 4582 1815 re-

2632 1835 2975 1916 spondeant
3031 1835 3123 1898 vel
3178 1834 3396 1900 saltem
3454 1836 3763 1901 moderate
3824 1840 3880 1900 et
3934 1840 4177 1902 tantum
4236 1835 4584 1920 qermanice

2632 1920 2847 2070 magiis
2892 1920 3175 2071 &boletis
3237 1922 3622 2005 armamentis
3674 1921 3908 1987 suadet.
4024 1920 4272 1987 Calvini
4336 1920 4584 1989 libellus

2632 2025 2738 2072 oon
2767 2027 2848 2071 ra
2965 2006 2977 2018 ‘
3013 2007 3260 2072 ertinos.

2634 2176 2744 2242 (Ex
2796 2176 3132 2246 autographo
3179 2177 3343 2231 Arch.
3393 2177 3573 2231 Turio.
3613 2177 3757 2231 Plut.
3795 2177 3892 2231 VI.
3940 2176 4068 2232 Vol.
4123 2176 4221 2230 166
4266 2178 4395 2232 olim
4439 2178 4580 2247 Epp.

3062 2245 3270 2300 XXIV.
3306 2246 3398 2300 fol.
3434 2244 3554 2299 232.
3629 2246 3843 2300 Simler.
3882 2246 4006 2300 Vol.
4044 2246 4156 2312 56.)

2803 2415 3141 2501 Singulari
3187 2417 3551 2482 eruditione
3606 2437 3682 2484 ao
3737 2418 3981 2501 pietate
4034 2419 4451 2485 ornatissimo
4495 2417 4578 2485 D.

2629 2503 2968 2568 Henricho
3013 2502 3400 2587 Bullingero
3445 2502 3803 2586 Tigurinae
3847 2504 4155 2570 ecclesiae
4198 2506 4447 2589 pastori
4488 2506 4581 2571 vi-

2629 2589 3064 2673 gilantissimo

4157 2676 4402 2761 Tiguri.

2800 2809 3038 2876 Gratia
3081 2818 3149 2876 et
3185 2831 3318 2894 pax
3363 2832 3401 2876 a
3424 2809 3570 2876 Deo
3605 2817 3792 2896 patre
3826 2833 3946 2896 per
3965 2811 4185 2878 Iesum
4213 2811 4580 2881 Christum.

2629 2896 3078 2963 Vehementer
3140 2897 3443 2981 gravisus
3511 2918 3690 2977 sum,
3746 2896 4119 2982 Buzzinyere
4188 2899 4580 2979 doctissime,

2628 2981 2801 3067 quod
2845 3003 2926 3047 ex
2972 2983 3103 3048 tuis
3146 2981 3230 3047 ad
3276 2980 3551 3050 Coelium
3604 2983 3814 3049 literis
3859 2984 4329 3063 intellexerim,
4392 2995 4464 3050 te
4509 3006 4582 3052 ac

2628 3077 2779 3135 tuos
2832 3068 3113 3154 collegas
3185 3076 3250 3134 et
3316 3091 3347 3135 s
3394 3076 3715 3155 mmystas
3773 3092 3999 3137 omnes
4058 3093 4199 3138 esse
4260 3092 4583 3155 prospera

2627 3155 3036 3221 valetudine:
3084 3154 3198 3221 sed
3233 3155 3338 3221 val
3386 3177 3422 3220 e
3458 3155 3773 3221 cruciavit
3817 3157 4110 3223 animum
4146 3179 4368 3224 meum
4403 3178 4579 3223 nun-

2628 3242 2767 3307 cius
2811 3240 2922 3306 ille
2966 3241 3078 3324 qui
3124 3240 3206 3305 ad
3251 3262 3368 3307 nos
3409 3243 3716 3326 pervenit
3751 3242 3830 3307 de
3866 3242 4083 3308 libello
4121 3264 4316 3327 quem
4359 3265 4579 3328 nuper

2628 3325 2831 3393 edidit
2874 3325 3192 3392 Dathema
3246 3326 3325 3391 de
3379 3327 3637 3411 negotio
3680 3328 4133 3394 eucharistiae.
4160 3331 4209 3409 ¹)
4298 3329 4578 3395 Utinam

2626 3412 2950 3496 capularis
2995 3433 3198 3478 senex
3242 3412 3441 3477 aliam
3478 3413 3664 3478 nobis
3708 3434 4027 3498 cygneam
4063 3416 4430 3483 cantionem
4473 3437 4576 3483 ce-

2627 3498 2927 3577 cinisset,
2982 3519 3147 3582 quae
3192 3498 3337 3581 plus
3397 3499 3459 3562 ei
3502 3498 3833 3564 attulisset
3885 3503 4289 3581 ornamenti,
4345 3502 4577 3568 amicis

2624 3606 2783 3650 vero
2828 3596 2894 3650 et
2932 3585 3120 3650 bonis
3177 3584 3479 3649 omnibus
3533 3583 3684 3668 plus
3739 3584 4095 3668 voluptatis
4154 3595 4347 3670 atque
4390 3588 4577 3653 utili-

2626 3671 2810 3750 tatis,
2880 3677 2945 3735 et
2988 3671 3205 3735 minus
3263 3668 3722 3736 oblectamenti
3767 3670 4066 3738 hostibus
4109 3682 4376 3739 nostrae
4420 3674 4577 3739 reli-

2624 3755 2854 3906 gionis.
2927 3756 3098 3821 Nam
3135 3756 3432 3839 quamvis
3478 3757 3602 3822 sim
3647 3757 3786 3822 eius
3829 3757 4095 3843 linguae
4136 3759 4411 3841 ignarus
4447 3781 4578 3842 qua

2650 3842 2791 3908 iber
2823 3840 2934 3908 ille
2974 3841 3253 3924 scriptus
3289 3849 3405 3921 est,
3452 3863 3557 3906 me
3591 3852 3815 3909 tamen
3853 3865 4090 3927 parum
4126 3852 4395 3923 recreat,
4439 3845 4576 3911 imo

2623 3929 2915 4011 graviter
2970 3928 3156 4012 angit
3210 3927 3499 3992 animum
3556 3950 3810 4008 meum,
3867 3929 3924 3995 si
3982 3951 4142 3995 vera
4197 3938 4353 3998 sunt
4405 3952 4575 4014 quae

2627 4013 2707 4079 de
2761 4035 2837 4079 eo
2897 4012 3149 4088 audivi,
3215 4021 3357 4077 tum
3416 4035 3497 4078 ex
3552 4015 3682 4080 tuis
3732 4015 3943 4080 literis
3997 4026 4141 4081 tum
4199 4015 4280 4081 ab
4325 4017 4572 4097 amicis,

2625 4120 2839 4182 nuper
2882 4120 3078 4181 quum
3125 4099 3386 4164 Bernae
3430 4119 3668 4165 essem:
3729 4122 3895 4184 quae
3940 4122 3980 4166 a
4034 4101 4221 4168 vobis
4265 4102 4571 4168 omnibus

2626 4187 2868 4267 scripta
2912 4204 3044 4247 non
3088 4184 3370 4251 arbitror
3411 4186 3539 4251 nisi
3584 4207 3742 4251 vera
3785 4194 3959 4253 sunt.
4031 4186 4246 4253 Audio
4289 4207 4411 4253 vos
4457 4187 4571 4253 ad·

2626 4292 2854 4336 versus
2903 4290 3053 4334 eum
3109 4291 3341 4352 parare
3406 4291 3811 4355 responsum,
3831 4274 3889 4356 ²)
3953 4272 4126 4356 quod
4191 4271 4373 4340 vobis
4438 4295 4572 4339 non

2625 4357 2835 4421 ausim
2880 4354 3271 4422 dissuadere.
3294 4359 3351 4440 θ)
3439 4356 3502 4421 N
3506 4378 3589 4422 on
3636 4358 3811 4423 onim
3858 4358 4091 4441 opinor
4132 4379 4254 4424 vos
4299 4358 4384 4424 ad
4418 4360 4574 4425 scri·

2625 4441 2914 4506 bendum
2957 4441 3161 4508 fuisse
3206 4443 3497 4507 animum
3545 4444 3953 4526 appulsuros,
4014 4445 4140 4509 nisi
4185 4442 4254 4508 id
4299 4464 4572 4529 magno·

2626 4548 2779 4610 pere
2850 4548 2954 4592 res
3018 4529 3162 4612 ipsa
3225 4527 3584 4611 postularet
3647 4537 3713 4594 et
3778 4550 3818 4593 a
3882 4530 4066 4595 vobis
4131 4538 4569 4614 extorqueret.

2796 4818 2891 4884 20)
2931 4818 3141 4872 Datum
3193 4833 3313 4873 cum
3361 4820 3756 4889 subscriptione
3809 4823 4154 4891 amoyrapha
4207 4822 4460 4891 leyuntur
4509 4822 4573 4876 in

2627 4888 2742 4942 solo
2775 4887 2892 4942 cod.
2928 4886 3003 4942 N.
3109 4887 3320 4942 imario.
3801 4940 3808 4949 ,

2651 4954 2794 5011 608.
2836 4956 2887 5021 1)
2936 4903 3277 5037 Ῠόἀξήςυρνα
3314 4956 3388 5011 Ν.
3425 4955 3544 5024 586,
3578 4963 3688 5013 not.
3723 4956 3758 5011 9
3792 4966 3844 5014 et
3875 4958 3994 5027 606,
4029 4964 4141 5014 not.
4178 4957 4262 5012 12.

2833 5023 2890 5089 2)
2928 5023 3168 5145 Prodtit2
3185 5040 3363 5079 mense
3400 5024 3637 5081 Martio:
3695 5026 3933 5083 Titulum
3977 5028 4364 5097 descripsimus
4397 5042 4572 5096 supra

2629 5093 2706 5244 “si
2743 5092 2887 5244 ‘Na
2924 5109 3047 5216 1²0·ss
3078 5177 3268 5241 sequ-a
3309 5161 3606 5231 dissuadet,
3642 5164 3790 5234 quoa
3822 5170 3872 5220 et
3892 5164 4282 5220 Mezancmon
4312 5165 4444 5232 feeit
4475 5180 4573 5235 qu·

2630 5230 2772 5286 ubil
2800 5236 2963 5284 intem
3003 5237 3226 5285 numus
3258 5245 3372 5285 esso
3402 5232 3548 5287 dixit
3582 5249 3745 5303 quam
3780 5235 3879 5290 hoc
3921 5239 4024 5290 tem
4066 5249 4159 5289 ors
4193 5235 4303 5301 πῦρ
4337 5231 4425 5286 ἐπὶ
4456 5234 4570 5301 πῦρ

2630 5298 2834 5382 addere
2868 5303 2919 5353 et
2952 5245 3244 5354 ‹l'omestica
3279 5300 3568 5357 accendere
3601 5304 3916 5358 &tamina-
3970 5304 3993 5368 (
4044 5319 4159 5373 erp.
4185 5303 4309 5371 Ros.
4359 5304 4417 5359 V.
4451 5301 4571 5358 525.

2639 5365 2721 5435 Of.
2756 5373 2918 5423 stiam
2957 5366 3242 5423 Οαῐυιηωηι
3276 5368 3352 5425 N.
3387 5368 3535 5437 586.)
