4825 6175
670 418 795 482 103

666 602 988 671 adversus
1041 601 1302 668 cimices
1354 599 1734 682 praestabis.
1824 600 1998 665 Nam
2041 599 2199 666 dum
2242 600 2310 664 in
2357 618 2627 664 arenam

670 689 989 756 adversus
1037 685 1330 753 Carolum
1373 684 1747 764 descendis,
1792 694 2127 752 certamen
2174 684 2487 751 adversus
2532 685 2625 751 ci-

668 776 872 840 mices
898 774 1196 856 suscipis,
1242 793 1409 855 quae
1447 793 1581 836 non
1617 771 1833 837 solum
1870 772 2195 837 morsibus
2232 769 2347 836 sed
2381 777 2452 835 et
2486 770 2621 834 foe-

670 867 815 926 tore
871 867 1175 943 pugnant
1231 857 1548 923 adversus
1605 855 1878 923 hostem.
1966 857 2333 922 Metuerem
2378 876 2462 920 66
2507 856 2625 921 tibi

670 944 740 1011 id
795 945 1116 1012 accideret
1167 942 1338 1026 quod
1395 942 1685 1009 carmine
1745 943 2109 1027 magistrali
2166 942 2281 1007 sed
2337 941 2625 1025 eleganti

672 1030 1021 1115 aliquando
1056 1029 1394 1095 Lutherus
1429 1028 1628 1095 Eccio
1672 1029 1937 1095 obiecit:
1985 1028 2124 1094 Hoc
2153 1029 2284 1094 seio
2304 1048 2431 1109 pro
2465 1031 2626 1093 certo

668 1117 833 1199 quod
871 1118 933 1181 si
974 1135 1114 1181 eum
1152 1120 1411 1182 stercore
1464 1120 1653 1195 certo,
1712 1114 1904 1181 Vince
1957 1114 2050 1180 vel
2104 1113 2339 1192 vincor,
2380 1132 2627 1195 semper

669 1223 779 1287 eqo
811 1202 1107 1278 maculer,
1143 1201 1271 1266 nisi
1298 1200 1561 1266 Carolus
1595 1220 1681 1264 ex
1717 1222 1793 1266 eo
1831 1201 2117 1266 hostium
2152 1220 2393 1284 genere
2431 1205 2622 1277 esset,

670 1288 782 1371 qui
827 1287 1158 1353 neminem
1217 1297 1476 1368 praeter
1519 1306 1590 1351 se
1633 1286 1852 1370 ipsum
1895 1284 2154 1352 foedare
2195 1303 2273 1350 ao
2314 1305 2623 1367 conspur-

667 1395 820 1440 care
876 1380 1121 1457 potest,
1166 1381 1245 1437 ut
1285 1371 1397 1454 qui
1453 1372 1745 1437 omnium
1798 1373 1932 1437 iam
1991 1390 2152 1437 suae
2196 1370 2624 1453 turpitudinis

667 1460 914 1525 foetore
972 1479 1165 1523 nares
1220 1457 1600 1541 oppleverit.
1686 1458 1842 1524 Huc
1898 1457 2149 1524 accedit
2205 1454 2375 1539 quod
2431 1455 2623 1521 titulo

670 1544 952 1610 aliarum
997 1565 1309 1609 manuum
1328 1545 1383 1621 3)
1428 1543 1636 1625 ipsius
1672 1543 1950 1609 foetores
1987 1542 2300 1626 exagitas,
2337 1562 2465 1625 quo
2499 1542 2624 1606 mi-

664 1651 796 1695 nus
850 1629 933 1695 ad
990 1639 1052 1696 te
1094 1629 1389 1713 ipsorum
1429 1628 1679 1694 halitus
1720 1628 2036 1711 pestilens
2080 1627 2442 1712 perveniat.
2532 1628 2626 1691 At

669 1715 881 1799 qualis
925 1717 1013 1781 sit
1056 1715 1279 1792 hostis,
1325 1735 1459 1779 non
1505 1723 1725 1779 tamen
1768 1735 2037 1798 prorsus
2065 1711 2621 1779 contemnendum

667 1822 843 1880 esse,
900 1802 1191 1885 pulicum
1247 1800 1485 1883 quibus
1540 1800 1748 1866 lectus
1804 1811 1956 1865 tuus
2000 1799 2295 1865 insessus
2339 1798 2467 1866 fuit
2510 1798 2619 1862 de-

664 1886 1147 1953 morsiunculae
1190 1886 1351 1952 satis
1395 1885 1623 1951 docere
1668 1884 2053 1951 debuerunt.
2112 1885 2177 1949 N
2178 1906 2285 1949 am
2330 1884 2455 1949 etsi
2499 1904 2619 1965 pu-

666 1972 776 2038 lex
832 1971 1040 2040 hostis
1097 1972 1185 2036 sit
1240 1971 1388 2036 vilis
1454 1969 1803 2036 admodum
1859 1983 1925 2036 et
1978 1978 2421 2052 contemptus,
2484 1989 2618 2034 non

668 2055 909 2124 desinit
953 2067 1172 2122 tamen
1218 2056 1407 2123 valde
1451 2057 1767 2123 molestus
1811 2078 1969 2123 6666.
2038 2057 2254 2139 Perge
2298 2076 2456 2140 ergo
2500 2076 2618 2137 pu-

662 2143 823 2208 lices
883 2153 949 2209 et
1002 2142 1265 2208 cimices
1336 2142 1498 2208 istos
1566 2142 1832 2226 abigere
1894 2142 2037 2224 qui,
2095 2143 2220 2207 etsi
2275 2140 2394 2205 tibi
2450 2140 2619 2205 nihil

664 2249 900 2294 nocere
936 2236 1232 2310 possunt,
1266 2237 1545 2311 possunt
1580 2238 1807 2294 tamen
1840 2228 2000 2292 alios
2039 2227 2347 2292 infestare
2382 2225 2619 2310 quibus

665 2315 887 2380 minus
932 2315 1073 2379 noti
1117 2320 1306 2394 sunt,
1349 2313 1588 2396 quique
1631 2314 1853 2380 minus
1896 2327 2104 2378 artem
2152 2320 2401 2377 norunt
2440 2312 2618 2411 ipsos

662 2399 1056 2465 conterendi.
1160 2390 1359 2464 Valde
1403 2399 1648 2482 placuit
1691 2398 1864 2483 quod
1906 2398 2225 2464 hactenus
2267 2397 2614 2480 scripsisti:

661 2506 821 2551 nam
879 2485 1211 2551 hominem
1265 2484 1430 2549 mihi
1475 2482 1716 2551 videris
1773 2505 1890 2567 pro
1936 2484 2254 2568 dignitate
2296 2483 2616 2567 excipere,

661 2592 797 2637 non
851 2591 1045 2653 quam
1110 2571 1385 2635 meritus
1441 2578 1575 2649 est,
1632 2569 1745 2637 sed
1799 2592 1992 2653 quam
2051 2569 2237 2635 decet
2293 2590 2449 2634 eum
2505 2570 2617 2652 qui

661 2657 976 2723 adversus
1042 2656 1183 2721 eius
1252 2656 1616 2720 calumnias
1671 2667 1738 2721 et
1793 2656 2072 2720 latratus
2144 2654 2356 2721 alieno
2425 2654 2617 2719 titulo

661 2741 1102 2808 defensionem
1146 2742 1436 2825 suscipit.

831 2828 1055 2893 Pauca
1090 2836 1249 2892 sunt
1282 2837 1506 2891 tamen
1542 2847 1824 2909 quorum
1857 2826 2207 2892 admonere
2240 2827 2459 2892 visum
2495 2835 2614 2904 est,

657 2935 790 2980 non
848 2912 1021 2996 quod
1076 2912 1496 2996 displiceant,
1553 2912 1669 2977 sed
1724 2921 1801 2976 ut
1844 2910 2177 2997 expendas
2233 2912 2615 2996 diligentius

658 3001 713 3066 si
779 3001 1054 3064 fortasse
1132 2998 1405 3065 lectores
1484 2994 1812 3063 offendere
1885 2999 2140 3082 possint
2203 3006 2322 3063 aut
2386 3018 2614 3063 ansam

655 3084 972 3169 praebere
1015 3083 1227 3151 Caroli
1282 3081 1643 3150 fautoribus
1688 3083 2149 3150 calumniandi.
2241 3083 2420 3150 Sunt
2462 3105 2613 3150 con-

659 3172 830 3238 vicia
873 3169 1189 3253 quaedam
1234 3191 1400 3254 quae
1453 3170 1749 3236 fortassis
1793 3169 2197 3237 videbuntur
2239 3170 2506 3236 duriora
2549 3178 2616 3236 et

660 3257 993 3323 acerbiora
1048 3258 1129 3322 iis
1190 3256 1424 3339 quibus
1480 3256 1698 3320 minus
1756 3266 1954 3322 notus
1997 3263 2097 3322 est
2144 3255 2439 3335 Carolus,
2501 3265 2617 3321 aut

657 3344 770 3427 qui
804 3343 945 3408 seni
977 3341 1183 3407 deliro
1224 3341 1467 3425 aliquid
1511 3341 2007 3408 condonandum
2053 3352 2307 3425 putant.
2376 3341 2617 3423 Qualia

656 3437 845 3494 sunt:
896 3427 1151 3508 nebulo,
1194 3425 1484 3505 furcifer,
1527 3435 1590 3492 et
1627 3427 1757 3493 alia
1789 3427 1859 3493 id
1895 3449 2122 3512 genus.
2144 3431 2201 3510 ⁴)
2259 3426 2616 3511 Expendes

658 3515 866 3599 igitur
910 3535 1073 3578 num
1116 3513 1518 3596 praestiterit
1559 3533 1636 3577 ea
1678 3513 1985 3579 nonnihil
2028 3513 2256 3593 lenire,
2302 3534 2431 3596 quo
2474 3535 2615 3578 ma-

659 3601 761 3685 gis
805 3600 1062 3666 eluceat
1102 3599 1503 3665 narrationis
1538 3599 1635 3664 rei
1670 3606 1894 3682 gestae
1930 3600 2054 3664 sim
2105 3600 2333 3678 licitas,
2380 3606 2447 3664 et
2488 3598 2614 3663 mi-

658 3707 783 3751 nus
818 3695 1121 3750 narrator
1156 3685 1498 3751 affectibus
1534 3683 1905 3750 indulsisse.
1925 3687 1982 3762 ὗ)
2098 3684 2178 3750 611
2213 3686 2376 3750 11666
2410 3705 2615 3768 parva

659 3778 849 3850 sunt,
906 3792 1025 3836 nec
1079 3770 1286 3835 multo
1343 3772 1647 3854 graviora
1696 3792 1862 3855 quae
1906 3779 2282 3853 sequuntur.
2373 3771 2614 3838 Cuius-

659 3878 917 3940 cunque
961 3856 1154 3920 titulo
1200 3857 1362 3939 haec
1407 3855 1688 3921 edantur
1721 3858 1980 3940 scripta,
2026 3856 2357 3922 videbitur
2392 3864 2613 3922 tamen

659 3950 848 4007 autor
871 3942 1220 4007 lectoribus
1257 3941 1465 4006 nostri
1502 3941 1853 4007 admodum
1888 3942 2220 4008 studiosus
2256 3951 2324 4008 et
2347 3962 2610 4008 amans:

656 4048 783 4110 quo
836 4029 915 4092 fit
970 4037 1045 4092 ut
1104 4048 1333 4093 verear
1386 4048 1469 4092 nc
1528 4027 1699 4110 quod
1753 4028 2084 4093 interdum
2143 4027 2478 4112 praedicat
2533 4028 2613 4094 de

657 4112 877 4189 nobis,
935 4133 1009 4178 66
1052 4113 1437 4195 praesertim
1499 4113 1672 4196 quod
1730 4112 1809 4179 de
1865 4122 1930 4178 te
1987 4114 2307 4197 principio
2364 4113 2608 4194 scribit,

658 4199 856 4265 nimis
914 4198 1208 4263 odiosum
1250 4199 1338 4263 sit
1379 4198 1707 4277 hostibus,
1767 4199 1879 4281 qui
1921 4209 2235 4282 perpetuo
2280 4201 2464 4282 queri
2509 4222 2610 4266 so-

656 4284 798 4349 lent
853 4283 1023 4366 quod
1081 4283 1200 4349 soli
1262 4283 1536 4349 velimus
1604 4306 1747 4350 csse
1803 4286 1869 4349 in
1925 4286 2168 4369 pretio,
2227 4294 2295 4350 et
2353 4296 2611 4352 nostros

656 4369 1016 4436 habeamus
1061 4378 1496 4434 assentatores
1537 4376 1605 4434 et
1648 4372 2105 4449 encomiastas,
2164 4371 2402 4454 quibus
2446 4372 2612 4437 nihil

656 4454 946 4520 arrideat
989 4455 1118 4519 nisi
1163 4455 1339 4538 quod
1384 4476 1423 4518 a
1466 4455 1653 4521 nobis
1698 4457 2177 4538 proficiscatur,
2226 4466 2293 4522 et
2336 4458 2448 4541 qui
2492 4480 2610 4523 nos

652 4541 840 4609 velut
904 4539 1083 4605 idola
1148 4550 1563 4606 venerentur.
1654 4541 1828 4605 Nam
1892 4563 2092 4624 quum
2148 4554 2212 4607 te
2271 4563 2609 4609 recusasse

651 4634 883 4691 narrat
899 4626 955 4710 ⁶)
1002 4626 1420 4709 scriptionem
1480 4626 1797 4693 adversus
1846 4627 2172 4707 Carolum,
2231 4629 2435 4693 nimio
2480 4629 2609 4694 for-

859 4847 920 4911 3)
957 4862 1148 4916 nempe
1186 4846 1441 4901 Galla-sii.

862 4915 924 4980 4)
968 4914 1123 4984 Quae
1155 4920 1334 4971 tamen
1366 4918 1585 4971 minime
1617 4918 1678 4971 in
1712 4916 1856 4972 edito
1891 4917 2065 4972 libello
2100 4917 2273 4972 doleia
2306 4924 2450 4973 sunt.
2513 4919 2610 4974 Ita

654 4984 843 5040 mam
876 4985 947 5038 ab
982 4986 1144 5039 initio
1178 5001 1214 5038 η
1411 5002 1508 5055 em,
1540 5001 1793 5055 porcum,
1827 4987 2053 5042 bestiam
2087 4987 2253 5042 habes
2315 5002 2485 5057 neque
2519 5004 2608 5043 us·

641 5054 809 5136 pianr
851 5054 961 5134 aaa·
1002 5054 1063 5107 in
1113 5053 1316 5109 tatibus
1364 5060 1640 5123 temperat.
1715 5053 1799 5122 of.
1846 5071 1900 5125 p.
1938 5052 2055 5109 297.
2095 5055 2213 5110 301.
2249 5028 2368 5113 ἑοῦ.
2402 5054 2506 5110 667
2559 5062 2608 5113 et

861 5189 923 5256 5)
939 5137 1057 5246 esic.
1128 5188 1353 5260 Supplex
1390 5190 1656 5245 videatur.

860 5258 919 5326 6)
957 5258 1177 5314 Annas:
1219 5260 1298 5315 ad
1342 5277 1404 5315 ea
1451 5276 1592 5331 quae
1630 5259 1896 5316 Calvinus
1939 5260 2085 5317 aia-a
2125 5276 2184 5330 p.
2217 5259 2345 5329 293,
2397 5263 2511 5319 scil.
2546 5262 2608 5317 in

646 5325 898 5384 Gallonio·
922 5342 1179 5398 pasena.

2219 408 2746 478 EPISTOLAE
2793 412 3128 476 660-661
3626 415 3632 420 ’
4550 415 4642 477 104

2731 618 2854 664 san
2895 606 3277 681 contemptu
3320 596 3402 664 de
3448 595 3698 678 carolo,
3760 598 3960 664 nimis
4002 619 4158 665 vero
4216 598 4550 683 magnifice
4583 598 4645 666 ds

2732 691 2797 749 te
2839 684 3020 768 loqui
3063 692 3130 749 et
3171 684 3415 750 sentire
3459 683 3668 750 videri
3722 684 3968 769 poterit
4019 684 4100 750 iis
4157 684 4273 767 qui
4328 685 4424 748 ita
4466 693 4645 753 trans-

2730 771 2908 858 versi
2952 778 3245 855 aguntur
3287 770 3655 848 affectibus,
3701 778 3779 835 ut
3819 770 3981 854 ipsis
4022 771 4243 836 minus
4287 770 4645 853 placeamus,

2731 863 3085 939 nostraque
3119 857 3357 935 omnia,
3404 877 3600 939 quam
3641 854 3906 922 Carolus
3939 856 4145 922 nobis.
4207 853 4341 922 Sed
4379 858 4488 939 qui
4519 866 4649 924 sunt

2731 942 3054 1007 eiusmodi
3107 963 3238 1007 non
3294 951 3450 1007 sunt
3516 940 3706 1007 nobis
3762 940 3889 1007 alio
3944 940 4228 1007 habendi
4284 941 4425 1008 loco
4481 965 4648 1026 quam

2732 1026 3014 1094 Carolus.
3100 1026 3283 1092 Hace
3342 1038 3561 1092 tamen
3610 1025 3785 1093 volui
3827 1025 4117 1093 indicare
4159 1036 4234 1092 ut
4276 1028 4649 1112 expenderes

2728 1134 2891 1179 num
2934 1114 3137 1198 digna
3170 1112 3306 1177 sint
3340 1114 3597 1179 minuta
3632 1113 3795 1178 haec
3829 1112 4416 1180 animadversione.
4473 1115 4649 1182 Prae-

2728 1207 2911 1265 terea
2952 1218 3038 1263 ne
3082 1200 3302 1264 omnia
3350 1197 3572 1265 Garolo
3629 1197 3918 1265 adimere
3969 1198 4220 1266 invidia
4262 1207 4331 1265 et
4372 1198 4515 1266 odio
4554 1201 4650 1267 ho-

2725 1284 2925 1350 minis
2968 1284 3284 1365 videatur,
3346 1284 3504 1350 dum
3550 1283 3711 1349 adeo
3771 1285 4102 1350 indoctum
4147 1286 4444 1350 omnium
4499 1286 4649 1368 facit,

2727 1371 2882 1453 quid
2926 1372 2981 1435 si
3026 1370 3125 1435 illi
3166 1369 3412 1453 aliquid
3467 1369 3967 1454 sophisticarum
4014 1372 4422 1455 argutiarum
4463 1380 4526 1437 et
4562 1393 4651 1440 ca·

2727 1455 3139 1522 villationum
3180 1455 3545 1535 tribuatur,
3603 1456 3837 1538 quibus
3897 1455 4194 1522 addictus
4237 1465 4365 1534 est,
4427 1464 4500 1523 ut
4546 1458 4651 1525 sibi

2727 1541 3014 1624 aliquam
3074 1543 3326 1626 ingenii
3370 1549 3436 1607 et
3478 1541 3866 1608 eruditionis
3922 1541 4183 1608 laudem
4207 1546 4262 1619 ⁷)
4319 1542 4493 1628 apud
4547 1544 4652 1610 im-

2727 1630 2971 1712 peritos
3015 1635 3081 1693 et
3123 1627 3319 1692 rudes
3363 1628 3702 1693 literarum
3746 1626 4077 1694 vendicet:
4129 1627 4223 1692 ita
4265 1637 4345 1694 ut
4386 1628 4566 1695 fucus
4603 1632 4654 1695 ei

2723 1713 2958 1796 aliquis
2995 1712 3422 1796 relinquatur,
3459 1734 3620 1779 vera
3653 1721 3872 1778 autem
3908 1712 4275 1779 eruditione
4311 1714 4651 1798 spolietur?

2725 1799 2896 1863 Nam
2932 1820 3066 1863 non
3089 1800 3298 1864 cuivis
3319 1798 3510 1864 facile
3543 1797 4058 1882 persuadebitur,
4100 1799 4438 1865 hominem
4473 1823 4655 1885 usque

2724 1884 2884 1949 adeo
2926 1883 3268 1950 indoctum
3311 1905 3485 1965 esse,
3544 1886 3655 1968 qui
3697 1883 3819 1950 sibi
3863 1907 3983 1950 sua
4025 1888 4457 1953 ostentatione
4500 1887 4655 1972 apud

2723 1970 3042 2053 plurimos
3087 1970 3373 2053 aliquam
3418 1971 3803 2036 eruditionis
3847 1970 4089 2036 famam
4137 1973 4404 2055 peperit.

2895 2056 3122 2134 Porro,
3159 2055 3331 2139 quod
3359 2055 3441 2122 ad
3462 2056 3773 2121 historiae
3793 2058 4141 2122 veritatem
4178 2058 4437 2139 attinet,
4475 2060 4656 2124 miror

2724 2162 2881 2206 6666
2946 2142 3299 2207 memoriae
3363 2141 3738 2207 felicitatem
3804 2150 3871 2207 et
3935 2141 4410 2209 dexteritatem.
4503 2145 4655 2210 Nam

2721 2226 2960 2293 melius
3001 2235 3187 2293 tenes
3231 2227 3515 2312 plurima
3556 2249 3723 2311 quae
3764 2227 3845 2292 ab
3884 2227 4166 2293 aliorum
4200 2250 4311 2295 ore
4346 2231 4655 2315 accepisti,

2722 2333 2919 2395 quam
2962 2333 3084 2397 ego
3128 2313 3240 2396 qui
3285 2313 3422 2378 vidi
3465 2322 3530 2378 et
3571 2334 3723 2396 pars
3768 2313 3987 2396 aliqua
4032 2315 4144 2380 fui.
4227 2313 4405 2381 Sunt
4449 2325 4658 2383 tamen

2721 2398 3044 2481 quaedam
3089 2399 3154 2464 in
3203 2398 3438 2483 quibus
3478 2409 3698 2465 metuo
3743 2407 3858 2464 aut
3900 2419 3984 2464 66
4028 2421 4147 2483 ego
4192 2401 4386 2467 fallar
4427 2424 4655 2468 memo-

2721 2485 2850 2562 ria,
2895 2491 3011 2549 aut
3054 2506 3137 2550 ne
3180 2506 3414 2569 parum
3457 2506 3619 2551 vera
3673 2485 3796 2550 tibi
3842 2495 4109 2550 narrata
4150 2486 4313 2566 sint,
4371 2488 4658 2571 quamvis

2722 2589 2853 2635 non
2898 2570 3032 2636 sint
3066 2572 3290 2655 magni
3327 2570 3488 2636 adeo
3522 2571 3855 2636 momenti.
3919 2568 4054 2636 Sed
4093 2570 4216 2639 hoc
4254 2594 4484 2653 unum,
4529 2593 4656 2639 meo

2721 2654 2985 2805 guidem
3029 2655 3285 2734 iudicio,
3334 2656 3681 2740 diligenter
3736 2656 4103 2723 cavendum
4123 2708 4139 2735 ,
4195 2661 4431 2725 necubi
4491 2681 4658 2725 men-

2767 2740 2890 2806 acii
2933 2741 3248 2806 historiae
3292 2742 3582 2807 narratio
3626 2741 3933 2826 redargui
3976 2744 4198 2825 possit,
4245 2744 4316 2809 in
4359 2745 4442 2810 iis
4487 2767 4657 2829 prac-

2719 2828 2948 2891 sertim
2992 2848 3268 2909 quorum
3325 2835 3527 2892 testes
3573 2848 3713 2892 6666
3766 2836 4038 2911 possunt
4085 2826 4298 2895 Caroli
4351 2831 4656 2897 fautores:

2720 2933 2993 2994 quorum
3052 2911 3161 2978 hic
3206 2920 3271 2977 et
3311 2913 3572 2978 Bernac
3627 2913 3787 2978 satis
3839 2934 4122 2997 magnus
4181 2924 4282 2979 est
4334 2938 4657 2994 numerus,

2719 2998 2829 3080 qui
2874 2998 3137 3062 tametsi
3180 3018 3313 3063 non
3358 3010 3579 3082 aperte
3625 2998 3903 3078 faveant,
3952 2998 4066 3064 sed
4113 3001 4448 3067 hominem
4493 3003 4658 3069 dam·

2719 3105 2880 3149 nare
2924 3093 3271 3169 cogantur,
3316 3085 3410 3150 ita
3452 3095 3677 3151 tamen
3722 3085 4039 3151 damnant
4081 3095 4157 3151 ut
4198 3097 4456 3171 partem
4501 3091 4660 3155 invi-
4781 3162 4787 3171 ,

2719 3167 2866 3235 11166
2919 3172 2989 3234 16
3049 3192 3163 3236 666
3222 3169 3518 3236 derivare
3576 3170 3911 3251 studeant,
3989 3193 4116 3255 quo
4182 3195 4299 3240 nos
4368 3185 4657 3259 gravent,

2716 3255 2908 3320 illum
2954 3278 3110 3321 vero
3166 3268 3557 3336 exonerent,
3616 3256 3787 3340 quod
3843 3266 4098 3341 partem
4153 3260 4444 3343 aliquam
4485 3263 4660 3346 igno·

2717 3342 2962 3407 miniae
3004 3343 3212 3425 ipsius
3256 3342 3339 3407 ad
3383 3364 3454 3408 se
3497 3363 3749 3426 quoque
3793 3344 4008 3409 redire
4052 3346 4358 3412 sentiant.
4451 3349 4661 3431 Atque

2718 3428 2813 3492 ita
2848 3447 3110 3492 causam
3153 3449 3338 3494 suam
3383 3437 3604 3511 agunt,
3652 3429 3932 3493 crimina
3969 3428 4180 3495 Caroli
4214 3440 4659 3508 extenuantes,

2721 3534 2796 3579 ac
2839 3513 3030 3578 nobis
3072 3513 3329 3598 eulpam
3375 3534 3616 3598 magna
3660 3535 3744 3579 ex
3837 3525 3976 3580 arte
4023 3515 4504 3598 adscribentes,
4565 3518 4660 3602 qui

2720 3619 2797 3665 eo
2842 3598 3312 3681 desperationis
3354 3600 3689 3665 hominem
3812 3602 4157 3684 egerimus.

2890 3685 2986 3751 Ut
3028 3692 3249 3749 autem
3306 3684 3639 3769 intelligas
3693 3707 3861 3769 quae
3917 3696 3981 3751 te
4038 3687 4234 3753 velim
4288 3693 4508 3774 magis
4561 3713 4660 3755 ex·

2720 3771 3021 3854 pendere,
3068 3770 3298 3835 ordine
3341 3772 3678 3856 attingam.
3771 3770 3963 3852 Quod
4020 3774 4250 3840 scribis
4295 3775 4376 3840 de
4417 3773 4661 3860 11111168)

2719 3877 2853 3921 666
2919 3856 3145 3939 procul
3218 3857 3399 3922 abest
3471 3880 3511 3922 a
3576 3878 3760 3937 vero;
3850 3858 3966 3923 sed
4031 3861 4295 3927 tametsi
4363 3861 4658 3928 nonnihil

2719 3943 3192 4026 tergiversatus
3248 3943 3336 4007 sit
3379 3941 3775 4028 Agathopoli
3835 3943 4010 4027 quod
4062 3967 4210 4010 eum
4273 3947 4467 4014 valde
4529 3969 4660 4032 pre-

2717 4034 2927 4091 meret
2969 4025 3323 4094 divortium
3369 4050 3519 4094 eum
3565 4051 3802 4107 uxore,
3863 4030 4046 4095 visus
4090 4040 4192 4097 est
4235 4042 4463 4098 tamen
4508 4031 4660 4099 mihi

2717 4113 2962 4178 bullam
3008 4134 3392 4196 agnoscere,
3439 4122 3507 4180 et
3549 4115 3767 4180 omnia
3811 4134 3882 4180 66
3927 4118 4181 4182 6666616
4237 4118 4411 4184 facta
4451 4121 4659 4195 fuisse,

2717 4198 3022 4282 quamvis
3068 4198 3311 4282 aliquid
3350 4202 3478 4266 tale
3513 4200 3821 4267 obiiceret
3855 4200 4044 4283 quale
4079 4223 4326 4269 narras.
4391 4204 4657 4281 Deinde,

2714 4283 3014 4368 quamvis
3068 4285 3336 4351 missam
3393 4286 3749 4366 damnarit,
3809 4287 3922 4352 diu
3979 4300 4197 4355 tamen
4255 4290 4659 4375 multumque

2715 4371 3190 4454 tergiversatus
3259 4382 3389 4450 est,
3459 4394 3588 4455 quo
3643 4374 3702 4438 ei
3758 4373 4041 4456 speeiem
4107 4375 4396 4458 aliquam
4466 4379 4656 4453 daret,

2714 4476 2840 4538 quo
2884 4455 3076 4521 valde
3119 4458 3618 4523 offendebantur
3661 4459 4221 4542 Agathopolitani.
4311 4463 4660 4529 Praeterea

2715 4542 2996 4620 Bernae,
3085 4564 3241 4607 uum
3289 4545 3359 4607 in
3401 4543 3781 4609 consistorio
3827 4552 3972 4609 acta
4015 4553 4118 4609 est
4158 4568 4356 4614 causa
4391 4550 4477 4615 de
4522 4569 4658 4633 pre-

2715 4628 2894 4693 cibus
2915 4629 3045 4691 -fun
3095 4626 3280 4693 endis
3316 4650 3432 4711 pro
3467 4638 3872 4695 mortuorum
3921 4635 4488 4719 resurrectione,⁹)
4535 4654 4658 4700 non

2713 4714 2981 4778 memini
3039 4713 3422 4779 damnatum
3464 4716 3664 4780 fuisse
3708 4715 3790 4780 ad
3838 4715 4267 4799 palinodiam,
4327 4729 4396 4785 et
4439 4730 4656 4786 nostro

2712 4806 2946 4883 rogatu
2988 4800 3349 4878 remissam,
3396 4799 3509 4866 sed
3553 4801 3946 4885 imperatum
3989 4803 4116 4886 ipsi
4161 4812 4421 4871 tantum
4464 4806 4656 4872 fuisse

2919 5055 2978 5122 7)
3015 5053 3358 5125 Apoyrapha
3403 5054 3627 5109 habent.-
3674 5055 3910 5121 tandem,
3958 5054 4105 5125 quod
4142 5053 4197 5110 S.
4236 5071 4303 5111 ea:
4350 5058 4656 5127 conjectum

2709 5126 3029 5192 emendavit,
3065 5126 3199 5195 quia
3232 5124 3611 5193 autom-ephon
3645 5140 3757 5179 non
3790 5123 4044 5192 inspexit.

2914 5193 2979 5329 33
3005 5190 3528 5316 {lagecaetfiaggdntur
3561 5278 3599 5315 a
3637 5261 3843 5317 Nostro
3886 5278 3941 5330 p.
3979 5259 4082 5315 328
4126 5277 4197 5318 u.
4244 5261 4343 5317 sed
4386 5263 4549 5319 aliter
4592 5276 4651 5318 ae

2723 5330 2941 5387 Viretus
2975 5330 3064 5387 lu'c
3097 5334 3327 5386 testeim-
3361 5345 3418 5384 se
3450 5330 3513 5384 in
3546 5330 3758 5387 moedis
3789 5331 3997 5401 leyme-
