4825 6175
206 390 311 458 173

432 575 496 640 A
539 571 1038 640 Madamoiselle
1078 572 1576 640 Madamoiselle
1618 572 1701 640 de
1740 572 1982 640 Fallez.

351 706 862 789 Madamoiselle,
906 710 969 775 ie
1013 730 1149 794 na)r
1191 730 1310 792 pas
1350 709 1558 795 loysir
1599 708 1951 775 destendre
1994 731 2135 776 mes

195 801 403 867 lettres
445 795 504 860 si
548 794 707 879 long
748 816 874 877 que
917 795 980 859 ie
1024 794 1361 861 vouldrois
1404 795 1574 873 bien,
1620 796 1895 861 attendu
1938 795 2138 862 lestat

197 906 275 950 66
310 901 470 947 6666
513 901 817 947 sommes.
877 880 984 946 La
1023 890 1328 963 presente
1371 902 1520 946 sera
1562 881 1928 947 seulement
1967 902 2137 966 pour

191 971 363 1036 louer
418 976 642 1031 nostre
694 965 825 1031 bon
870 967 1046 1032 Dieu
1088 964 1170 1032 de
1213 967 1279 1032 la
1321 976 1671 1033 constance
1698 967 1746 1053 ¹)
1791 966 1926 1050 quil
1967 987 2136 1034 vous

192 1056 421 1128 donne,
490 1052 919 1137 eslargissant
982 1061 1205 1117 vostre
1270 1074 1473 1118 66661
1525 1075 1611 1119 66
1665 1053 1956 1118 meillieu
2021 1052 2137 1118 des

189 1137 560 1225 anguoisses
603 1159 689 1203 66
732 1137 782 1202 11
824 1139 1123 1221 pourroit
1164 1147 1338 1204 estre
1382 1159 1535 1204 sans
1579 1138 1767 1203 avoir
1802 1161 1877 1205 sa
1909 1159 2137 1205 conso-

188 1227 377 1293 lation
434 1221 771 1288 denhault.
860 1221 1059 1308 Quoy
1098 1223 1235 1306 quil
1279 1244 1366 1288 en
1409 1225 1568 1304 soit,
1615 1225 1674 1290 si
1717 1246 1883 1290 nous
1927 1245 2138 1289 avons

185 1312 246 1378 la
286 1308 583 1394 patience
627 1308 708 1374 de
750 1318 1010 1392 prester
1051 1309 1300 1376 loreille
1344 1329 1385 1374 a
1426 1318 1651 1374 nostre
1696 1307 2043 1386 Saulwnr,
2089 1310 2136 1374 il

187 1417 345 1463 nous
388 1395 687 1460 donnera
728 1394 1057 1461 tousiours
1092 1396 1174 1461 de
1208 1416 1383 1480 quo)r
1422 1416 1590 1479 pour
1632 1415 1799 1460 nous
1840 1396 2137 1473 resiouir,

188 1490 250 1548 et
288 1501 460 1546 nous
504 1480 645 1544 fera
689 1494 956 1565 gouster
999 1491 1066 1546 et
1106 1481 1313 1549 sentir
1352 1482 1688 1548 vivement
1720 1501 1845 1564 que
1879 1502 1953 1547 ce
1989 1488 2139 1546 nest

183 1589 294 1652 pas
358 1587 442 1631 en
510 1567 669 1632 vain
734 1567 873 1650 quil
932 1587 1102 1632 nous
1146 1587 1188 1632 a
1229 1568 1477 1650 promis
1535 1567 1617 1632 de
1673 1588 1841 1632 nous
1896 1565 2137 1633 rendre

184 1651 574 1719 invincibles
632 1674 720 1717 en
779 1650 1216 1718 tribulatione.
1305 1652 1727 1718 Maintenant
1768 1652 1976 1735 doncq
2020 1673 2134 1736 ap-

179 1758 415 1823 prenez
452 1758 579 1820 par
604 1738 799 1802 effect
819 1758 949 1820 666
984 1739 1170 1804 vault
1203 1747 1380 1804 ceste
1414 1737 1582 1803 belle
1617 1759 1966 1821 promesse‚
2010 1759 2136 1822 666

179 1844 337 1890 6666
393 1843 683 1888 sommes
735 1822 886 1888 bien
942 1823 1269 1902 heureux,
1326 1824 1547 1906 quand
1599 1833 1749 1888 tout
1790 1823 1852 1889 le
1894 1823 2137 1890 monde

174 1909 464 1976 mesdira
509 1908 592 1975 de
634 1928 835 1988 nous,
898 1920 965 1974 et
1008 1930 1177 1975 nous
1235 1930 1399 1975 aura
1452 1930 1538 1974 en
1581 1909 1814 1987 haine,
1858 1918 1928 1974 et
1969 1929 2136 1974 nous

177 2002 601 2080 persecutera
641 2014 807 2077 pour
850 2016 967 2061 666
1011 2017 1185 2060 nom.
1272 1997 1432 2060 Uest
1471 1993 1554 2059 de
1597 1994 1663 2060 la
1704 1995 1842 2077 quil
1886 2016 2052 2063 vous
2096 2017 2137 2060 a

172 2101 487 2165 preparez
536 2080 602 2145 ia
644 2078 726 2144 de
769 2080 928 2165 long
983 2091 1117 2145 tem
1165 2106 1197 2147 s
1237 2101 1277 2145 a
1316 2101 1479 2146 vous
1522 2101 1800 2164 exposer
1843 2102 1928 2146 66
1972 2081 2135 2145 (166-

173 2167 326 2250 gier.
422 2165 592 2231 Oest
642 2166 855 2248 doncq
909 2167 976 2231 la
1017 2167 1130 2249 qui
1200 2187 1363 2233 vous
1420 2167 1733 2233 convient
1788 2176 2137 2232 retourner

167 2251 595 2317 maintenant
645 2273 812 2336 pour
869 2275 916 2338 y
971 2253 1373 2335 acquiescer,
1431 2272 1682 2317 comme
1742 2250 1822 2318 de
1876 2251 2036 2318 faict
2087 2251 2138 2316 il

163 2358 327 2403 vous
371 2360 421 2423 y
469 2336 776 2402 conduict
821 2359 943 2420 par
985 2339 1051 2402 la
1093 2338 1293 2404 main.

331 2422 497 2504 Quo
556 2444 641 2488 ne
699 2444 986 2488 sommes
1026 2444 1192 2490 nous
1248 2420 1580 2489 ensemble
1635 2443 1805 2507 pour
1846 2420 2137 2505 despiter

160 2508 420 2574 Sathan
440 2559 457 2587 ‚
524 2529 609 2572 66
655 2508 978 2574 meditant
1029 2509 1125 2575 les
1179 2509 1409 2576 choses
1465 2509 1581 2592 qui
1636 2528 1804 2574 nous
1861 2507 2132 2574 doivent

158 2595 445 2659 resiouir
493 2594 1062 2677 spirituellement,
1107 2602 1175 2660 et
1218 2617 1384 2661 nous
1419 2594 1712 2678 donnent
1743 2596 2015 2659 matiere
2051 2593 2133 2658 de

160 2701 330 2745 nous
368 2680 674 2763 glorifier
707 2680 862 2763 plus
896 2702 1023 2763 que
1060 2681 1380 2757 iammais,
1417 2689 1629 2763 quant
1662 2701 1826 2746 nous
1850 2701 2134 2746 sommes

158 2766 442 2832 abbatus
515 2766 699 2831 selon
763 2766 827 2831 16
871 2765 1129 2832 monde.
1218 2768 1402 2859 Mais·
1450 2767 1514 2831 ic
1571 2787 1729 2852 scay
1787 2787 1915 2850 666
1967 2786 2133 2832 vous

29 2872 32 2909 ³
153 2872 366 2917 naver.
430 2872 564 2936 pas
619 2853 888 2917 mestier
944 2853 1026 2918 de
1069 2875 1179 2918 ma
1222 2853 1629 2936 compaignie
1672 2874 1756 2917 66
1799 2853 1956 2918 6616.
2043 2852 2136 2917 Ε6

155 2939 332 3003 66661
396 2940 466 3003 16
527 2937 591 3002 16
645 2937 749 3003 (116
805 2939 954 3021 plus
1008 2961 1175 3022 pour
1237 2959 1395 3004 mon
1460 2946 1954 3003 contentement
2007 2957 2135 3020 que

27 3032 32 3063 ·’
148 3044 321 3108 pour
391 3032 628 3092 vostre
693 3025 1033 3092 necessite.
1124 3023 1261 3092 Sur
1325 3033 1469 3090 tout
1533 3025 1961 3109 congnoissez
2006 3044 2135 3107 que

151 3113 597 3176 maintenant
638 3111 869 3176 lheure
914 3121 1015 3177 est
1056 3133 1300 3189 venue,
1344 3111 1484 3195 quil
1527 3132 1691 3178 vous
1733 3110 1904 3176 fault
1945 3132 2135 3175 mon-

149 3205 328 3262 strer
389 3206 743 3263 comment
799 3219 960 3262 vous
1018 3209 1192 3263 estes
1248 3218 1331 3262 en
1377 3195 1545 3283 ayde
1588 3218 1628 3260 a
1670 3197 2137 3280 monseigneur

149 3291 384 3347 vostre
453 3303 677 3365 mal-y,
723 3282 1067 3349 tellement
1122 3283 1259 3367 quil
1314 3282 1408 3348 ait
1465 3284 1796 3349 666616616
1837 3283 2136 3348 occasion

27 3389 30 3426 ῑ
150 3366 229 3433 (16
279 3368 494 3434 benir
541 3370 735 3446 Dieu,
780 3389 1036 3434 comme
1078 3368 1126 3433 il
1167 3390 1208 3434 a
1249 3388 1332 3434 eu
1375 3369 1607 3451 166666
1648 3370 1756 3452 icy
1800 3368 1881 3433 de
1924 3367 2139 3433 lavoir

147 3473 410 3535 proven
460 3453 611 3518 dun
655 3454 746 3520 tel
788 3462 1078 3538 support.
1166 3455 1241 3520 Ie
1285 3454 1389 3519 diz
1431 3474 1590 3538 666)γ
1627 3473 1868 3538 pource
1910 3474 2036 3537 que
2077 3454 2139 3517 16

29 3573 30 3584 ¹
148 3539 519 3607 considere
578 3560 706 3623 666
759 3551 898 3606 cest
952 3541 1016 3605 le
1071 3540 1397 3624 principal
1455 3538 1581 3624 666
1638 3541 1813 3606 1)166
1871 3539 1988 3624 luy
2046 3538 2142 3603 ait

148 3622 348 3693 161666
398 3636 627 3709 quant
670 3648 803 3692 aux
847 3636 1209 3703 creatures,
1264 3647 1432 3708 pour
1475 3649 1558 3692 ne
1599 3625 1665 3691 le
1709 3627 1897 3709 point
1940 3624 2140 3690 desti-

149 3723 299 3777 tuer
347 3712 449 3777 du
504 3721 672 3777 tout.
758 3712 826 3777 Ie
867 3733 1000 3798 voy
1059 3721 1271 3778 certes
1329 3722 1548 3778 estant
1589 3713 1824 3779 absent
1866 3708 1947 3776 (16
1990 3709 2141 3794 6661

147 3796 286 3862 6616
323 3818 519 3864 vous
562 3805 734 3863 66666
776 3797 1042 3880 poulsee
1077 3818 1118 3863 a
1151 3819 1317 3864 vous
1353 3820 1435 3863 en
1471 3797 1781 3880 aequiter,
1825 3807 1894 3862 et
1930 3795 2143 3880 quelle

144 3883 354 3967 poine
403 3903 588 3951 vous
638 3904 881 3966 prcnez
924 3904 964 3948 a
1001 3906 1168 3951 vous
1210 3907 1254 3969 y
1299 3883 1631 3967 emploier.
1716 3884 2026 3966 Parquoy
2069 3903 2145 3948 66

147 3989 274 4051 666
309 3970 440 4035 166
483 3969 695 4052 parle‚
739 3979 892 4035 nest
923 3989 1044 4053 pas
1079 3979 1227 4035 tant
1260 3991 1382 4053 par
1416 3969 1625 4035 forme
1662 3968 2141 4047 dexhortation,

148 4075 330 4138 quen
381 4075 573 4121 vous
615 4055 1111 4140 congratulant‚
1156 4076 1322 4122 vous
1365 4057 1727 4121 entretenir
1769 4077 1853 4121 en
1898 4075 1971 4120 66
2014 4053 2142 4119 bon

146 4142 486 4226 couraige
533 4162 662 4224 666
706 4142 879 4207 Dieu
921 4161 1084 4208 vous
1129 4162 1169 4206 a
1212 4141 1444 4208 donne.

322 4227 409 4292 Ie
461 4248 640 4292 vous
681 4226 944 4292 adresse
988 4226 1268 4310 quelque
1310 4247 1623 4310 response
1666 4246 1791 4309 que
1834 4226 1943 4310 iay
1986 4223 2145 4290 faict

147 4331 184 4377 a
239 4313 310 4377 la
373 4334 556 4378 seur
570 4315 623 4392 ²)
681 4312 763 4378 de
821 4314 1284 4396 monseigneur
1336 4311 1618 4395 laquelle
1674 4319 1776 4376 est
1829 4333 1870 4377 a
1926 4310 2143 4386 Mons,

147 4419 265 4463 sur
309 4419 460 4464 666
501 4399 780 4464 missive
823 4400 1037 4482 quelle
1081 4398 1320 4464 envoia
1362 4418 1685 4482 nagueres
1719 4417 1760 4461 a
1794 4396 1860 4461 la
1902 4397 2144 4461 femme

147 4481 228 4550 de
277 4484 536 4552 Saind
578 4483 818 4550 Andre.
904 4483 981 4551 Si
1029 4483 1152 4550 bon
1196 4505 1360 4550 vous
1403 4482 1667 4561 semble,
1713 4503 1875 4550 vous
1919 4482 1986 4547 la
2026 4482 2145 4567 luy

145 4569 324 4636 ferez
373 4569 594 4646 tenir,
627 4587 799 4637 ’avec
842 4592 915 4637 66
958 4591 1086 4653 666
1129 4570 1410 4656 ienvoye
1452 4590 1493 4633 6
1535 4569 1599 4634 16
1642 4590 1796 4635 6661
1830 4566 1912 4634 (16
1945 4568 2144 4633 Μ66·

145 4656 329 4809 311ζὲ1
375 4655 642 4722 David.
730 4655 853 4722 Ien
910 4664 1192 4723 remectz
1245 4656 1310 4722 le
1365 4664 1513 4722 tout
1567 4674 1608 4720 a
1647 4662 1874 4720 vostre
1927 4653 2145 4719 bonne

193 4742 207 4755 '
291 4743 559 4808 retion.

178 5031 271 5088 δ’

269 5033 327 5088 Γ·

366 5033 403 5086 μ

481 5032 769 5087 confiance
808 5030 902 5084 Bt.

365 5035 440 5168 23
486 5100 589 5155 La
630 5097 944 5169 ydus-§alme
992 5095 1203 5154 ὄκεένέο
1253 5099 1399 5153 dam
1454 5095 1699 5154 Pedaion
1743 5095 2145 5152 ‹I'Amsterdm

27 5177 28 5188 ¹
148 5167 955 5226 maneronta-dem.
997 5167 1065 5222 de
1155 5162 2146 5236 aldamum-nareiacum„

784 5237 852 5292 de
887 5237 1159 5308 Fremoy.
1230 5237 1296 5291 11
1326 5254 1365 5307 y
1400 5237 1557 5292 avait
1598 5252 1791 5291 encore
1834 5251 1943 5289 une
1986 5240 2146 5289 autre

379 5306 728 5378 stancona,
762 5307 981 5363 abbesee
1014 5305 1082 5360 de
1120 5307 1214 5360 Su.
1249 5304 1432 5361 Glaire
1464 5308 1503 5361 ὰ
1536 5306 1707 5361 Lisle.

1863 389 2026 451 1545
2071 382 2529 453 SEPTEMB.

4071 397 4195 461 174

2410 574 2594 640 Pour
2655 573 2823 640 faire
2893 577 2988 641 fin
3006 626 3023 656 ,
3084 574 3579 644 Madamoiselle
3642 587 3711 645 et
3771 580 4193 648 treshonoree

2238 680 2409 740 seur,
2470 680 2661 743 apres
2715 668 2960 726 mestre
3025 662 3604 729 affectueusement
3653 666 4108 732 recommande
4153 688 4194 734 6

2238 754 2459 811 vostre
2502 746 2716 812 bonne
2760 767 2970 831 grace,
3016 756 3085 814 et
3115 769 3282 814 vous
3320 750 3506 814 avoir
3538 751 3716 816 aussi
3758 763 4061 834 presente
4094 752 4193 820 les

2239 829 2545 897 humbles
2595 833 3228 899 recommandations
3285 832 3366 900 de
3423 856 3534 900 ma
3589 835 3858 917 femme,
3912 837 4193 921 laquelle

2239 916 2372 1000 gist
2414 939 2500 981 au
2542 917 2660 984 lict
2700 918 2979 999 malade,
3022 920 3086 984 ie
3130 920 3411 1005 supplye
3455 928 3679 987 nostre
3720 922 3853 988 bon
3897 924 4071 988 Dieu
4111 922 4193 990 de

2239 1022 2405 1068 vous
2471 1002 2745 1086 remplir
2807 1001 2889 1069 (16
2952 1012 3172 1071 666666
3236 1026 3494 1090 616666,
3572 1029 3739 1091 pour
3802 1017 4193 1093 augmenter

2240 1088 2751 1154 iournellement
2803 1110 2876 1155 sa
2930 1091 3138 1174 gloire
3191 1113 3277 1157 en
3333 1112 3532 1171 vous,
3579 1102 3645 1158 et
3692 1095 4054 1178 triompher
4107 1116 4191 1160 66

2240 1181 2467 1239 vostre
2511 1184 2877 1253 constance,
2924 1177 3080 1242 affin
3125 1198 3250 1259 666
3294 1177 3699 1244 finallement
3742 1200 3909 1246 nous
3950 1200 4192 1264 soyons

2242 1260 2418 1324 aussi
2462 1260 2865 1344 participans
2908 1260 2990 1327 de
3034 1282 3107 1327 66
3148 1262 3358 1347 gloire
3406 1264 3541 1346 quil
3598 1286 3763 1331 nous
3803 1287 3844 1331 a
3884 1268 4188 1348 promise.

2240 1344 2347 1410 De
2391 1344 2711 1427 Genefve‚
2751 1367 2827 1412 66
2876 1353 2950 1412 18
2996 1346 3079 1413 (16
3121 1350 3505 1432 septembre.
3521 1352 3582 1426 ⁸)

2411 1462 2657 1530 Vostre
2700 1467 3029 1532 serviteur
3073 1474 3142 1532 et
3182 1466 3452 1532 humble
3494 1468 3685 1547 frere,

3506 1553 3717 1619 Iehan
3760 1553 4014 1621 Calvin.

3144 1977 3297 2049 7⁰2.

2778 2116 3180 2198 Vmerus
3225 2129 3660 2199 GALVINO.

2418 2300 2677 2379 Orbana
2729 2302 2981 2370 ecclesia
3027 2323 3165 2369 vere
3218 2301 3371 2369 orba
3408 2308 3468 2367 et
3513 2308 3776 2386 pastore
3816 2310 3873 2370 et
3913 2306 4187 2374 diacono.

2239 2386 2464 2470 Ipsius
2507 2389 2733 2455 domus
2769 2390 2901 2473 fere
2941 2390 3259 2471 dissepata
3298 2389 3600 2454 monibus
3636 2395 3695 2455 et
3730 2390 3981 2456 morbis

2239 2558 2351 2624 (Ex
2385 2558 2724 2629 autographo
2758 2558 2889 2614 Cod.
2923 2558 3126 2615 Genev.
3148 2558 3244 2613 111
3262 2570 3316 2625 ⁸,
3351 2558 3590 2626 sonu-1.
3625 2561 3778 2615 Alibi
3812 2578 3922 2616 666
3955 2564 4190 2630 exstat.)

2409 2729 2795 2796 Clarissimo
2860 2729 3005 2796 viro
3070 2731 3155 2795 D.
3213 2729 3451 2795 Ioanni
3528 2729 3806 2795 Calvino
3882 2733 4191 2799 ecclesiae

2239 2814 2651 2914 Genevensis
2686 2816 2963 2915 ‘pastori
3031 2815 3532 2900 vigilantissimo
3596 2817 3784 2882 fratri
3849 2826 3918 2882 66
3980 2819 4187 2884 616166

2237 2922 2436 2985 quam
2480 2922 2832 2967 canss1m0.

3682 2987 4015 3055 Genevae.

2412 3122 2487 3191 S.
2533 3122 2834 3191 Farezzus
2865 3124 3159 3191 Bernam
3209 3124 3597 3207 616166666,Ι
3684 3126 4072 3193 afflictorum
4115 3148 4192 3196 66

2237 3210 2586 3295 praecipue
2630 3210 2837 3277 vincti
2877 3211 3098 3275 ftatris
3141 3230 3356 3289 causa,
3400 3210 3555 3276 inde
3644 3232 3727 3277 uc
3770 3233 3841 3278 66
3874 3222 4055 3280 recta
4087 3237 4191 3281 re·

2238 3298 2430 3380 cepit,
2473 3317 2552 3361 ea
2593 3296 2932 3361 nobiscum
2976 3303 3323 3361 curaturus
3368 3296 3450 3360 de
3493 3298 3728 3379 quibus
3763 3296 3846 3362 ad
3883 3306 3947 3363 te
3983 3300 4191 3385 scrip-

2243 3404 2491 3449 seram:
2544 3402 2709 3464 quae
2766 3381 3013 3447 auxilio
3065 3381 3336 3446 Domini
3392 3381 3666 3448 feliciter
3722 3393 4191 3450 successerunt.

2241 3467 2378 3535 Sed
2421 3489 2631 3533 unum
2673 3477 2970 3551 superest
3025 3467 3096 3532 in
3152 3486 3279 3550 666
3320 3466 3512 3532 nobis
3555 3478 3670 3532 tua
3710 3468 3840 3534 fide
3883 3477 3952 3534 66
3993 3491 4032 3536 6
4116 3490 4193 3537 16

2240 3575 2403 3637 opus
2441 3563 2558 3618 666.
2609 3551 3174 3633 clerembardus‚²)
3212 3551 3293 3617 de
3329 3573 3456 3636 quo
3493 3552 3655 3618 61166
3688 3552 3899 3620 multa
3933 3576 4016 3620 au
4068 3557 4081 3570 '
4121 3557 4192 3636 ti,

2241 3641 2353 3723 qui
2395 3639 2505 3704 hic
2549 3637 2861 3705 diaconus
2904 3647 2974 3703 66
3014 3638 3468 3722 ludimagister
3512 3639 3908 3706 constitutus
3956 3642 4189 3720 fuerat,

2242 3746 2369 3809 quo
2411 3733 2709 3807 tempore
2751 3724 2860 3792 hic
2898 3724 3012 3805 fui,
3058 3723 3279 3790 statim
3325 3720 3407 3789 ab
3450 3723 3640 3789 initio
3680 3734 3864 3807 peste
3895 3724 4192 3793 sublatus

2243 3821 2360 3878 est.
2413 3809 2775 3894 Caumanus
2816 3831 2972 3875 vero
3017 3832 3092 3876 66
3137 3810 3427 3892 corporis
3470 3809 3709 3874 affectu
3724 3859 3742 3889 ,
3800 3809 3882 3875 de
3923 3832 4054 3898 666
4109 3809 4194 3878 6(1

2244 3907 2310 3962 66
2353 3897 2586 3979 scripsi
2602 3946 2619 3974 ,
2677 3896 2867 3980 quids
2893 3897 3099 3980 possit
3154 3915 3390 3978 operae
3434 3907 3767 3978 praestare
3808 3896 3881 3960 in
3923 3897 4195 3964 ecclesia

2243 3982 2538 4062 Domini,
2574 3989 2650 4047 tu
2731 4002 2804 4046 er
2838 3989 2905 4048 66
2926 3982 3088 4047 66616
3110 3981 3391 4047 66611616.
3436 3981 3618 4065 Ergo
3639 3979 3910 4047 ecclesia
3930 3992 4194 4066 pastore

2245 4078 2313 4134 et
2356 4067 2628 4134 diacono
2729 4068 2998 4133 estituta
3048 4075 3176 4146 666,
3231 4066 3437 4131 616616
3490 4074 3783 4147 mortuo,
3836 4067 4042 4134 altero
4096 4069 4195 4134 ita

2247 4155 2481 4219 affecto
2498 4204 2513 4230 ‚
2558 4165 2635 4217 ut
2667 4173 2804 4219 non
2845 4152 3054 4218 multo
3097 4152 3246 4236 plus
3282 4152 3344 4218 ei
3386 4152 3707 4217 inservire
3749 4153 3959 4235 possit
3999 4173 4195 4236 quam

2248 4242 2304 4305 si
2340 4249 2642 4304 mortuus
2675 4247 2863 4304 esset.
2922 4236 3138 4319 Quem
3182 4257 3517 4322 sperarem
3559 4236 3784 4301 utilem
3820 4238 3959 4304 fore
3993 4238 4197 4306 eccle-

2247 4326 2412 4405 siae,
2471 4325 2528 4390 si
2571 4323 2896 4390 Dominus
2950 4344 3068 4406 pro
3130 4344 3254 4389 666
3308 4321 3755 4387 misericordia
3792 4344 3942 4388 eum
3985 4323 4195 4389 bonae

2250 4408 2608 4476 valetudini
2662 4410 3054 4476 restitueret.
3144 4407 3277 4477 Sed
3341 4429 3673 4492 perquam⁸
3722 4407 3961 4494 exigua
4025 4428 4192 4492 spes.

2245 4496 2372 4563 Ille
2427 4497 2611 4564 novit
2654 4495 2970 4562 Simonem
2986 4498 3046 4572 ⁸)
3106 4493 3293 4560 illum
3358 4494 3470 4577 661
3531 4492 3708 4577 apud
3772 4513 3892 4560 vos
3954 4501 4195 4560 exutus

2248 4589 2351 4648 est
2394 4581 2779 4661 ministerio,
2824 4587 3166 4648 accusatus
3201 4601 3242 4646 a
3274 4578 3660 4645 mulieribus
3701 4577 3836 4646 11116
3867 4577 4194 4658 veneficis,

2389 4889 2403 4902 ·
2454 4819 2518 4889 8)
2556 4819 2765 4875 comm
2798 4820 2844 4874 il
2876 4824 2962 4874 est
2990 4819 3250 4889 probable
3280 4833 3382 4889 que
3402 4818 3704 4899 6666166116
3728 4822 3777 4872 a
3804 4816 3861 4871 1oe
3881 4813 4197 4885 puidam

2245 4883 4199 4971 pamfmmsoenble,eeuedatepeatemutiludepourffiutn

2246 4972 2434 5081 aggi..
2472 5026 2531 5094 1)
2568 5026 2643 5081 N.
2671 5023 2793 5095 69⁷,
2825 5025 2925 5080 ubo·
2956 5023 3097 5079 etde
3125 5024 3422 5092 Campano.
3459 5021 3551 5077 De
3569 5023 3748 5090 fratre
3771 5020 3988 5077 Farelli
4015 5023 4198 5079 vindo

2246 5110 2298 5151 θ’
2332 5093 2516 5229 επὶ)
2548 5162 2705 5217 Alam
2734 5163 2797 5217 in
2830 5161 2975 5218 hunc
3006 5176 3121 5217 non
3152 5159 3463 5215 bessius.

2454 5230 2518 5297 8)
2557 5229 3014 5297 &Mon-mnu
3057 5223 4195 5299 m‚dowcideN.683‚m&

2250 5296 3402 5371 Reffiduoonoedhoefotssssetlffi.
