4825 6175
182 453 285 521 305

177 640 319 707 sime
360 636 749 703 absolvatur.
839 635 919 703 Si
957 635 1285 703 malorum
1326 636 1486 721 fuga
1521 645 1588 701 te
1630 632 1991 720 instigabat
2023 645 2104 701 ut

178 723 432 801 venires,
475 724 720 789 mirum
759 723 817 787 si
858 723 1177 789 bonorum
1233 722 1602 806 procuratio
1657 741 1795 787 non
1850 731 1918 786 te
1959 740 2102 785 ma-

172 810 264 896 gis
301 824 562 893 urgeat:
617 808 858 892 alioqui
896 815 1202 892 exspecta
1257 828 1365 873 me
1408 807 1738 875 dict-urum
1780 827 1932 874 cum
1975 804 2103 873 So-

173 901 350 974 crate,
394 893 568 977 quod
609 893 724 960 ille
767 895 959 959 uxori
996 895 1299 977 querenti
1340 894 1756 961 innocentem
1800 891 2102 959 damnari

173 982 340 1066 quasi
381 979 726 1046 maluisset
765 1000 956 1045 reum
996 978 1220 1063 plecti:
1353 980 1487 1045 tius
1531 978 1739 1046 velles
1781 977 1955 1044 hanc
1995 978 2102 1043 in-

169 1068 374 1135 visere
426 1066 765 1132 ecclesiam
833 1065 908 1131 in
960 1086 1202 1149 magno
1308 1064 1639 1132 ‘scrimine
1693 1085 1780 1130 ne
1834 1063 2100 1146 periret,

171 1174 353 1237 qnam
395 1151 631 1219 melius
687 1152 1067 1227 habentem,
1124 1159 1203 1217 ut
1255 1172 1456 1235 quam
1511 1151 1758 1234 optime
1807 1150 1938 1232 ipsi
1994 1149 2099 1215 sit.

167 1239 446 1317 Fratres,
490 1248 567 1304 ut
607 1237 728 1304 tibi
779 1237 1027 1322 gratias
1083 1246 1283 1320 agant
1298 1287 1315 1316 ,
1369 1235 1494 1303 hoc
1547 1257 1775 1302 omnes
1832 1242 2103 1301 conten·

169 1324 322 1389 dunt
363 1324 794 1406 cupiuntque,
847 1334 926 1389 nt
966 1321 1195 1389 adesse
1237 1342 1465 1388 omnes
1506 1322 1789 1405 possint,
1841 1342 1976 1387 non
2031 1319 2105 1385 in

165 1408 263 1475 die
305 1407 632 1475 dominico
666 1411 800 1488 fiat,
845 1406 962 1475 sed
1003 1408 1073 1472 in
1119 1407 1224 1473 die
1265 1428 1553 1491 precum.
1639 1407 1895 1475 Volunt
1925 1406 2106 1473 enim

164 1494 358 1561 semel
403 1493 626 1560 videre
668 1515 869 1578 quam
922 1495 1009 1559 sit
1064 1494 1173 1561 hic
1209 1493 1618 1578 pergendum
1662 1501 1731 1558 et
1772 1491 2104 1577 agendum

160 1589 549 1648 reverenter.
637 1580 809 1647 Vale
870 1579 1131 1645 iterum.
1221 1578 1525 1646 Christus
1591 1599 1819 1645 omnes
1885 1584 2106 1644 servet

161 1677 391 1734 tecum.
479 1665 793 1733 Neocomi
838 1669 937 1731 25.
982 1663 1332 1732 Februarii
1380 1669 1563 1730 1546.

1326 1836 1632 1903 Fal-ellus
1672 1844 1847 1903 tuus.

1068 2467 1211 2540 774.

692 2638 1165 2707 GALVINUS
1204 2636 1576 2705 VIRETO.
1602 2736 1612 2747 ι

323 2847 649 2914 Genevam
700 2851 770 2912 ut
832 2803 902 2912 se
955 2845 1214 2926 recipiat
1269 2844 1472 2910 animi
1525 2844 1859 2912 relaxandi
1912 2863 2112 2910 causa

138 2934 390 3014 suadet,
461 2934 692 3001 seilicet
742 2937 932 2999 morte
987 2931 1210 2997 uxoris
1252 2931 1492 3012 afflicti.
1582 2930 1808 3012 Ipsum
1874 2949 2112 3013 quoque

21 3062 24 3069 ›
140 3024 474 3086 mortitam
515 3026 571 3085 et
610 3020 862 3103 quidem
903 3038 1123 3084 veneno
1158 3017 1539 3099 exstinctum,
1580 3037 1799 3083 rumor
1839 3035 2112 3100 sparsus

134 3106 358 3188 fuerat
405 3108 547 3173 iam
583 3106 848 3189 feliciter
889 3104 1097 3188 ipsius
1137 3104 1340 3170 literis
1380 3104 1744 3187 dissipatus.

139 3329 610 3410 (Antographon-
639 3345 746 3410 non
791 3333 990 3382 exstat.
1071 3326 1374 3381 Habuimus
1420 3327 1752 3396 exemplaria
1798 3324 2114 3407 appgrapha

134 3405 406 3521 ῗῗῖᾞὲἷῑ
444 3397 907 3521 1¹23*¹¹1{›‚⁸.3¹.?.ss‘}
944 3394 1950 3535 {2⁰:4¹.¹⁸÷1f1?¹·p1⁹’5³23÷·’.ff¹¹sfffi¹1²¹⁰.¹2
1979 3395 2112 3517 ἳῖῖ·

166 3508 254 3589 5θῖ
328 3535 430 3591 Ita
468 3507 754 3604 insin-iptio
789 3482 1146 3588 desiderai’ur.
1216 3533 1441 3603 Anglioe
1477 3534 1673 3602 legitur
1705 3533 1742 3588 1.
1776 3533 1814 3587 1.
1854 3532 1926 3586 11.
1963 3505 2111 3600 23.)'

309 3739 514 3805 Veni
554 3738 679 3804 hac
720 3738 866 3823 lege
908 3745 984 3803 ut
1017 3758 1148 3803 non
1184 3735 1377 3802 modo
1412 3759 1453 3802 a
1485 3756 1779 3803 moerore
1822 3738 2115 3804 animum

129 3825 408 3892 relaxes
474 3824 591 3890 sed
635 3825 833 3890 etiam
891 3824 973 3889 ab
1028 3824 1208 3889 omni
1259 3822 1576 3888 molestia.
1671 3823 1827 3888 Noli
1882 3824 2115 3889 timere

132 3933 215 3975 ne
261 3910 443 3995 quid
469 3909 592 3975 tibi
614 3910 832 3975 oneris
874 3910 1224 3993 imponam.
1291 3909 1426 3974 Per
1446 3930 1552 3974 me
1576 3909 1752 3974 enim
1794 3909 2015 3974 licebit
2035 3921 2115 3975 ut

128 3998 455 4080 quiescas
504 4007 621 4062 tuo
643 3996 932 4061 arbitrio.
998 3992 1192 4076 Quod
1214 3995 1271 4059 si
1291 3995 1436 4077 quis
1478 3994 1596 4059 tibi
1621 3997 1748 4060 erit
1780 3995 2113 4076 molestus,

129 4102 252 4166 ego
323 4104 451 4148 me
522 4083 956 4165 interponam.
1046 4081 1319 4145 Fratres
1371 4080 1571 4145 etiam
1623 4101 1881 4147 mecum
1937 4079 2113 4145 idem

125 4169 248 4234 tibi
291 4168 731 4252 pollicentur.
821 4168 923 4232 De
977 4166 1231 4233 civibus
1286 4167 1483 4230 etiam
1538 4165 1880 4252 praestabo
1937 4165 2115 4249 quod

125 4253 336 4320 voles.
444 4251 635 4333 Quid
679 4252 1112 4320 nebulonibus
1145 4252 1494 4335 imprecari
1538 4251 1828 4328 debeam,
1874 4253 1986 4334 qui
2029 4250 2112 4319 de

125 4351 346 4407 morte
397 4349 531 4405 tua
587 4359 917 4404 rumorem
974 4348 1380 4422 sparserant,
1439 4337 1675 4402 nescio.
1764 4337 1947 4403 Nihil
1989 4359 2111 4404 un-

126 4446 329 4508 quam
391 4426 619 4490 literis
675 4425 808 4490 tuis
871 4424 1298 4508 opportunius
1361 4421 1549 4488 nobis
1607 4422 1891 4489 advenit.
1981 4425 2107 4487 'Pa-

123 4514 325 4579 metsi
376 4511 474 4576 de
519 4519 732 4576 morte
788 4511 1174 4577 nunciatum
1216 4518 1386 4586 erat,
1446 4510 1597 4592 quia
1645 4521 1863 4574 tamen
1910 4530 2106 4575 vene-

125 4600 258 4663 ficii
303 4597 531 4664 fiebat
573 4597 822 4662 mentio
840 4647 857 4675 ,
917 4597 1050 4660 iam
1093 4617 1162 4661 se
1217 4593 1302 4660 ad
1357 4596 1484 4659 iter
1540 4593 1812 4678 parabat
1859 4595 2105 4674 Textor,

126 4691 200 4749 ut
267 4684 484 4769 equis
529 4682 847 4750 celeribus
890 4681 1140 4747 Orbam
1196 4679 1551 4746 advolaret.
1640 4678 1892 4746 Aderat
1934 4681 2108 4746 bona

123 4790 284 4851 pars
328 4770 663 4845 ftatrum,
705 4788 935 4833 omnes
977 4768 1156 4832 luctu
1195 4766 1467 4834 confusi.
1553 4767 1716 4832 Mox
1758 4767 1917 4833 visis
1959 4766 2105 4831 lite·

125 4854 220 4922 ris
275 4863 492 4921 tanta
548 4853 898 4919 exsultatio
952 4853 1170 4919 subito
1237 4852 1455 4936 erupit
1504 4865 1582 4917 ut
1636 4853 1752 4918 vix
1815 4873 2107 4918 essemus

124 4944 343 5007 nostri
392 4948 756 5022 compotes.
830 4940 1018 5005 Bene
1060 4937 1295 5006 accidit
1338 4936 1510 5021 quod
1553 4937 1806 5004 nullam
1847 4948 2106 5004 noctem
2154 4982 2162 5002 .

126 5024 523 5093 luctuosam
571 5025 951 5104 habuimuS,
1007 5046 1214 5109 neque
1255 5025 1434 5090 enim
1475 5025 1745 5106 impune
1788 5024 2104 5091 tulissem.

131 5109 266 5178 Sed
325 5111 512 5197 quid
566 5121 634 5175 te
687 5110 980 5190 detineo,
1045 5131 1121 5176 ac
1177 5132 1305 5176 non
1359 5112 1579 5195 potins
1636 5110 1988 5176 exstimulo
2033 5118 2109 5176 ut

129 5218 331 5280 quam
405 5198 737 5265 citissime
802 5197 1142 5264 accurras?
1250 5195 1438 5276 Vale,
1503 5198 1708 5262 frater
1770 5205 1837 5262 et
1901 5196 2107 5261 amice

131 5286 571 5352 suavissime.
659 5282 893 5349 Saluta
936 5282 1283 5367 diligenter
1323 5282 1579 5361 fratres,
1625 5282 1939 5360 Iacobum,
1987 5282 2107 5347 Ri-

135 5368 376 5450 bittum,
443 5368 819 5449 Imbertum,
887 5367 1269 5450 Corderium,
1327 5367 1619 5449 Coelium,
1678 5369 2107 5447 Franci-scum,

352 5472 597 5528 Caluini
624 5487 812 5541 opera·
894 5471 1008 5527 Vol.
1045 5470 1194 5525 XII.

1906 449 2069 513 1546
2111 445 2396 517 MART.

4030 448 4161 512 306

2203 631 2567 700 Mer-lium
2631 631 2964 699 Dominus
3006 637 3075 697 te
3108 651 3261 698 cum
3292 631 3550 716 reliqua
3586 631 3841 699 familia
3872 640 4163 702 tueatur.

2204 719 2518 788 Gonane
2560 723 2621 785 8.
2666 717 2826 785 Idus
2866 717 3165 785 Martias.
3194 717 3246 803 ¹)

3129 853 3415 921 Ioannes
3459 854 3780 925 Calvinus
3823 863 3995 925 tuus.

2978 1148 3390 1163 *—

3110 1368 3261 1439 775.

2618 1521 3026 1590 vmn'ms
3069 1520 3752 1625 wATmEWYmo,

2382 1693 2654 1761 Mortem
2690 1695 2914 1760 uxoris
2957 1695 3326 1761 carissimae
3382 1700 3437 1761 et
3491 1697 3660 1761 omni
3696 1683 3895 1764 ‘laude
3935 1697 4165 1782 dianae

2208 1783 2402 1863 deflet.
2508 1781 2757 1847 Multus
2813 1786 2902 1845 est
2956 1781 3030 1846 in
3082 1782 3434 1847 excusando
3493 1780 3790 1850 Gor-derio
3841 1783 3917 1848 de
3979 1785 4167 1851 ouius

2209 1869 2511 1934 severiore
2547 1867 2889 1950 disciplina
2919 1871 3108 1949 pater
3144 1865 3276 1948 filii
3318 1886 3517 1934 causa
3557 1874 3811 1950 questus
3853 1874 4006 1938 erat.

2213 2039 2322 2122 (Er
2346 2037 2694 2121 ‘autographo
2728 2037 2787 2091 in
2821 2036 3092 2120 tabulario
3124 2037 3202 2093 ill.
3237 2038 3418 2120 gentis
3451 2036 3521 2091 de
3534 2038 3858 2164 Wattevggg
3884 2047 4167 2095 asservato

2213 2108 2389 2162 edidit
2421 2108 2486 2163 B.
2526 2107 2790 2162 Rnetscln
2821 2106 3085 2161 meeol.
3104 2106 3333 2161 Studien
3369 2115 3428 2161 et
3442 2107 3706 2162 Kntiken
3722 2108 3753 2162 1
3860 2148 3876 2164 .
3899 2109 3993 2164 III.
4011 2107 4164 2176 566.)

2385 2293 2771 2361 Clarissimo
2824 2294 2971 2360 viro
3023 2296 3110 2362 D.
3167 2295 3435 2362 Nicolao
3487 2295 3993 2364 Wattevilliano
4047 2320 4169 2383 pa-

2213 2389 2405 2448 trono
2449 2402 2570 2449 suo
2612 2379 2975 2465 plurimum
3014 2380 3421 2448 observando
3716 2468 3977 2535 Romae

2392 2602 2632 2670 Grada
2696 2609 2765 2668 et
2826 2624 2959 2686 pax
3023 2625 3065 2671 a
3116 2604 3263 2670 Deo
3327 2625 3448 2689 per
3500 2605 3863 2671 Dominum
3920 2604 4168 2673 Iesum.

2215 2687 2533 2755 Reddidit
2575 2688 2742 2755 mihi
2784 2696 2898 2756 tuo
2954 2689 3221 2755 nomine
3265 2700 3606 2757 coronatos
3652 2693 3881 2777 vigint·
3933 2691 4168 2758 Alber—

2215 2783 2326 2840 tus
2371 2774 2749 2855 Ludwieus,
2795 2795 3075 2858 quorum
3117 2794 3316 2841 causa
3371 2774 3579 2842 habeo
3631 2778 3930 2862 gratiam.
4021 2779 4171 2863 Ego

2216 2880 2374 2927 vero
2420 2861 2720 2942 quamvis
2760 2860 2990 2927 multis
3042 2861 3251 2944 iisque
3304 2863 3716 2946 gravissimis
3767 2885 4030 2948 premar
4068 2866 4173 2930 in·

2217 2943 2575 3013 commodis
2614 2953 2683 3012 et
2722 2946 3056 3025 molestiis,
3098 2946 3260 3013 adeo
3313 2957 3389 3013 ut
3427 2954 3686 3014 tantum
3729 2969 3867 3015 non
3911 2950 4172 3030 obruar,

2218 3032 2386 3100 dabo
2430 3040 2657 3102 tamen
2700 3052 2963 3099 omnem
3004 3052 3269 3118 operam
3284 3083 3301 3111 ‚
3362 3053 3446 3099 ne
3488 3054 3711 3101 meum
3753 3035 3871 3103 abs
3913 3045 3981 3102 to
4024 3035 4173 3102 offi-

2215 3120 2391 3186 cium
2455 3139 2736 3202 usquam
2800 3119 3033 3185 merito
3098 3118 3457 3186 desiderari
3512 3122 3736 3204 possit.
3840 3120 4175 3189 Dominus

2216 3225 2324 3270 me
2368 3205 2765 3289 gravissima
2807 3206 3026 3271 affecit
3066 3204 3292 3290 plaga,
3352 3213 3420 3271 et
3474 3214 3681 3273 totam
3723 3228 3938 3273 meam
3980 3209 4173 3274 fami-

2219 3291 2374 3356 liam
2393 3342 2411 3369 ,
2468 3290 2697 3356 uxoris
2750 3291 3124 3358 carissimae
3177 3293 3330 3357 fato.
3421 3292 3717 3358 Abstulit
3769 3293 3935 3359 mihi
3979 3293 4171 3360 dimi-

2220 3375 2404 3442 dium
2440 3376 2574 3442 mei
2607 3383 2674 3442 et
2706 3398 2812 3443 me
2847 3377 2979 3444 fida
3011 3386 3309 3444 consorte
3338 3385 3406 3443 et
3436 3376 3643 3460 proba
3675 3379 4173 3447 matrefamilias

2219 3470 2289 3528 et
2325 3462 2603 3547 coniuge
2645 3462 2811 3530 meis
2853 3462 3142 3529 moribus
3184 3471 3254 3529 et
3295 3461 3530 3531 studiis
3581 3484 3657 3531 ac
3699 3484 3846 3531 meo
3891 3464 4173 3551 denique

2219 3548 2588 3614 ministerio
2631 3568 2672 3613 a
2718 3548 2974 3615 tissima
3015 3549 3300 3616 orbavit:
3347 3569 3476 3633 qua
3517 3549 3713 3635 plaga
3752 3552 3848 3616 ita
3889 3573 4038 3618 sum
4072 3552 4173 3618 af·-

2218 3634 2426 3702 fectus
2471 3643 2547 3699 ut
2587 3635 2677 3699 mi
2731 3634 2745 3649 “
2797 3634 2972 3700 domi
3026 3655 3215 3701 meae
3266 3636 3657 3720 peregrinus
3698 3635 3942 3704 videar.
4032 3635 4173 3705 Sed

2218 3720 2314 3785 ita
2368 3720 2583 3786 visum
2638 3729 2742 3786 est
2792 3719 3111 3798 Domino,
3179 3722 3366 3788 cuius
3409 3743 3666 3805 semper
3706 3730 3808 3788 est
3862 3722 4172 3790 voluntas

2219 3826 2444 3889 aequa,
2492 3807 2597 3872 cui
2617 3803 2930 3891 indignus
2953 3807 3135 3873 visus
3157 3828 3306 3872 sum
3346 3808 3458 3891 qui
3480 3806 3728 3873 diutius
3763 3808 3881 3873 tali
3914 3809 4174 3876 fruerer

2218 3891 2453 3957 solatio
2518 3904 2585 3956 et
2646 3892 2865 3958 fructu
2929 3892 3402 3960 iucundissimo
3454 3893 3946 3960 consuetudinis
4006 3897 4168 3975 eius,

2219 3998 2416 4061 quam
2460 3976 2605 4043 iure
2648 3998 2870 4044 amare
2914 3977 3129 4056 debui,
3176 3991 3244 4044 et
3277 3999 3443 4062 quae
3477 3979 3842 4045 ministerio
3886 4001 4031 4046 meo
4067 3982 4169 4047 ni-

2219 4062 2316 4127 hil
2361 4063 2713 4147 derogarit,
2770 4063 2883 4130 sed
2929 4064 3288 4149 plurimum
3343 4064 3796 4146 cohonestavit
3846 4087 3965 4131 sua
4018 4067 4171 4147 fide,

2216 4149 2483 4232 pietate,
2527 4150 2846 4233 probitate
2889 4161 2956 4215 et
3012 4150 3159 4216 aliis
3214 4149 3567 4234 praeclaris
3625 4151 3829 4216 animi
3888 4151 4167 4232 dotibus,

2215 4233 2452 4317 quibus
2506 4254 2548 4298 a
2605 4235 2888 4301 Domino
2943 4236 3159 4302 fuerat
3213 4256 3342 4300 non
3408 4234 3776 4320 vulgariter
3827 4239 4164 4323 insignita.

2214 4322 2309 4385 At
2352 4318 2720 4386 laudandus
2762 4321 2951 4387 Deus
3006 4321 3110 4389 cui
3160 4342 3280 4387 nos
3333 4330 3687 4404 nostraque
3742 4324 3962 4388 omnia
4016 4325 4165 4391 iure

2212 4407 2621 4472 committere
2684 4405 3013 4474 debemus.
3138 4407 3623 4474 Gravissimum
3685 4409 3851 4473 mihi
3919 4410 4167 4476 vulnus

2209 4492 2535 4557 inflictum
2595 4500 2726 4572 est,
2771 4513 2900 4576 quo
2956 4494 3069 4558 vix
3112 4494 3327 4578 potuit
3383 4494 3653 4578 gravius
3707 4495 3945 4578 infligi,
3992 4494 4165 4578 quod

2208 4598 2467 4644 mecum
2509 4598 2762 4663 quoque
2804 4579 3064 4645 sensuri
3106 4588 3264 4645 sunt
3306 4579 3524 4664 aliqua
3566 4601 3653 4645 ex
3693 4589 3883 4663 parte
3925 4580 4167 4664 quibus

2230 4834 2371 4889 774.
2411 4834 2469 4900 1)
2508 4834 2643 4889 Non
2676 4834 2725 4889 8.
2766 4834 2970 4889 Martii
3022 4840 3082 4889 ut
3123 4834 3386 4890 Simlerus
3427 4837 3600 4891 habet.
3689 4834 4014 4890 Tui-retinas
4058 4835 4160 4890 ad-

2209 4904 2426 4959 scribit.-
2469 4903 2627 4958 Hanc
2671 4905 2957 4974 epistolam
3016 4903 3086 4957 ad
3131 4922 3178 4958 a.
3230 4905 3365 4959 1546
3450 4907 3687 4959 ertinere
3734 4905 3928 4972 colligo
3975 4921 4043 4958 ex
4092 4922 4161 4960 eo

2210 4974 2354 5042 quod
2407 4972 2664 5026 Calvinus
2710 4990 2817 5026 non
2860 4973 3059 5027 salutat
3102 4990 3323 5027 uxorem
3361 4974 3543 5029 Vireti
3588 4973 3685 5026 sed
3732 4974 3995 5043 reliquam
4041 4974 4160 5028 eius

2209 5042 2488 5112 familiam,
2558 5042 2667 5095 nod
2701 5042 2917 5096 videtur
2932 5043 3156 5095 innuere
3176 5060 3294 5096 eam
3328 5049 3444 5095 tum
3464 5054 3730 5096 mortuam
3765 5042 3947 5096 fuisse.
4005 5043 4158 5097 Idem

2211 5127 2427 5231 qupque
2459 5111 2541 5233 ge
2558 5119 2680 5164 etur
2724 5112 2949 5192 innuere
2991 5127 3206 5231 moelroi·
3254 5129 3413 5233 qnclrin
3462 5111 3927 5191 Viretofiribuit,
3970 5130 4003 5165 a
4049 5130 4156 5193 quo

2209 5187 2467 5312 2232..
2509 5195 3099 5314 5⁰13m³m32¹²⁰zz²025f
3121 5187 3306 5302 ⁶532..
3343 5195 3520 5303 .ῡῖῗῶ
3535 5182 4159 5305 mamma

2211 5317 2438 5399 definire
2472 5319 2788 5398 accuratius
2822 5334 2934 5399 nen
2947 5332 3288 5440 50⁸⁸3⁴¹ff⁸¹⁸⁸2
3339 5318 3608 5399 (Piervefi.
3632 5316 3774 5386 184.)
3814 5317 3902 5372 De
3934 5334 4157 5374 rumore

2209 5387 2305 5441 illo
2327 5401 2487 5441 cutus
2520 5394 2717 5442 mentio
2748 5389 2814 5454 fit
2845 5403 2906 5440 m
2992 5388 3164 5441 alvum
3198 5387 3427 5456 epistola
3462 5386 3685 5441 aliunde
3721 5402 3832 5441 non
3867 5393 4096 5442 constat.

3674 5470 3745 5526 20
