4825 6175
2411 1716 2972 1803 MDXLVII.

1585 2006 1736 2079 871.

1133 2162 1566 2231 strennus
1595 2166 1647 2240 ι)
1692 2134 2159 2227 musmo,

851 2336 1169 2401 Miserum
1202 2339 1430 2400 statum
1471 2333 1852 2398 Germaniae
1892 2352 1935 2397 a
1983 2330 2251 2397 Caesare
2291 2349 2523 2414 mayna
2555 2351 2631 2394 ex

664 2428 852 2507 parte
892 2422 1025 2487 iam
1067 2420 1356 2486 subactae
1389 2420 1562 2498 deflet
1595 2424 1653 2482 et
1691 2418 2010 2500 iynaviam
2039 2417 2408 2499 principum
2452 2421 2508 2481 et
2546 2416 2632 2482 ci-

673 2510 936 2574 vitatum
965 2507 1217 2589 foedere
1257 2504 1657 2571 smalcaldico
1696 2504 2048 2569 iunctorum
2089 2503 2367 2585 castiyat.

678 2680 857 2743 (Anto
955 2677 1102 2746 phou
1139 2681 1322 2729 exstat
1366 2675 1424 2727 in
1460 2673 1799 2727 Bibliotheca
1842 2679 2122 2743 pastorum
2157 2671 2628 2738 Neocomensinm,

674 2748 815 2816 Epp.
891 2747 1052 2799 ivers.
1091 2745 1160 2799 N.
1195 2744 1246 2798 7.
1315 2743 1520 2797 Ibidem
1554 2760 1614 2795 re
1655 2743 1796 2795 eries
1830 2742 1978 2795 aliud
2013 2759 2167 2795 exem
2209 2742 2291 2794 lar
2326 2742 2435 2793 alia
2469 2758 2630 2793 manu

675 2815 1034 2884 descriptum,
1082 2815 1168 2866 cui
1217 2813 1428 2866 adiecta
1472 2817 1558 2864 est
1652 2828 1702 2879 p.
1749 2812 1948 2865 Farelli
1996 2811 2066 2866 N.
2099 2809 2167 2864 87
2206 2850 2218 2862 .
2289 2807 2434 2862 Illud
2479 2810 2630 2878 prins

674 2884 838 2937 hodie
873 2885 1108 2936 lacerum
1146 2899 1212 2934 ex
1248 2880 1561 2950 apographo
1607 2880 1807 2949 passim
1857 2881 2003 2933 refici
2049 2883 2248 2949 potest.
2332 2878 2454 2931 Hoc
2498 2894 2630 2931 vero

675 2958 888 3005 textum
923 2951 1270 3004 multifariam
1306 2956 1619 3017 corruptum
1651 2949 1885 3002 exhibet.
1941 2948 2180 3002 Videtur
2213 2947 2459 3000 Farellus
2497 2948 2630 2999 alte-

675 3038 797 3074 rum
832 3021 1111 3090 exemplar
1145 3020 1214 3072 ab
1249 3033 1574 3140 ementiendae
1609 3019 1785 3069 minus
1816 3018 1992 3154 >docto
2037 3018 2370 3085 descriptum
2402 3015 2629 3069 Calvino

1537 3090 1811 3141 estinasse.

675 3278 841 3343 Viro
884 3276 1373 3361 religiosissimo
1429 3277 1511 3340 D.
1559 3273 1810 3339 Wilhel
1818 3295 1923 3338 mo
1965 3273 2205 3339 Farelo
2261 3274 2454 3339 fratri
2512 3295 2632 3340 suo

1212 3362 1285 3426 in
1330 3360 1600 3427 Christo
1643 3360 1996 3426 carissime.
2021 3364 2078 3442 ²)
2365 3400 2371 3408 -

847 3497 918 3565 S.
964 3498 1026 3564 d.
1082 3506 1149 3565 et
1205 3508 1589 3582 perpetuam
1642 3497 1918 3562 Domini
1981 3496 2504 3563 benedictionem
2559 3497 2629 3561 in

676 3607 926 3652 annum
967 3583 1447 3668 ingredientem
1491 3597 1558 3647 et
1601 3603 1795 3647 omne
1840 3603 2096 3660 aevum,
2144 3583 2519 3648 venerande
2562 3590 2631 3647 et

676 3671 1011 3737 carissime
1055 3672 1275 3735 frater.
1367 3668 1516 3749 Quo
1559 3669 1887 3751 pertineat
1934 3670 2347 3750 querimonia
2388 3678 2503 3733 tua
2549 3667 2628 3733 de

676 3755 1046 3822 doctoribus
1091 3754 1344 3840 gallicis
1378 3755 1627 3839 ignoro.
1651 3752 1707 3839 ⁸)
1795 3753 2074 3819 Caetera
2118 3752 2201 3818 ad
2236 3755 2627 3818 Bernatium

674 3844 1162 3909 concionatores
1226 3843 1453 3906 refero.
1563 3839 1888 3904 Dominus
1953 3841 2261 3922 respiciat
2323 3840 2629 3906 ecclesias

675 3949 847 3994 suas·
935 3925 1113 3993 Sunt
1164 3926 1444 4010 sparsim
1500 3924 1784 3990 ministri
1839 3926 1954 4008 qui
2012 3926 2146 3988 vim
2192 3925 2360 3991 sacri
2406 3926 2629 3989 minis-

673 4014 826 4078 terii
841 4011 899 4098 ⁴)
934 4012 1320 4096 intelligunt
1351 4019 1420 4076 et
1453 4012 1825 4075 restitutam
1860 4012 2164 4093 cupiunt:
2213 4010 2327 4075 sed
2364 4012 2434 4076 hi
2472 4020 2629 4075 sunt

672 4108 808 4164 tam
867 4099 1087 4182 pauci,
1149 4114 1216 4163 et
1273 4099 1367 4161 sic
1423 4094 1872 4179 impediuntur
1926 4117 1965 4160 a
2020 4096 2317 4180 collegis,
2384 4097 2626 4178 partim

671 4185 869 4267 plane
925 4184 1120 4261 fucis,
1172 4184 1411 4265 partim
1465 4180 1761 4246 nondum
1817 4181 2021 4247 doctis
2081 4190 2147 4246 et
2199 4181 2628 4248 corroboratis

673 4270 833 4335 satis
891 4268 973 4334 ad
1028 4269 1201 4334 hanc
1255 4269 1693 4347 functionem,
1749 4275 1824 4331 ut
1883 4268 2048 4332 nihil
2105 4277 2220 4332 aut
2273 4288 2628 4351 perparum

673 4355 937 4421 valeant
979 4356 1234 4420 efficere
1269 4355 1339 4417 in
1373 4353 1825 4419 concinnanda
1867 4363 1935 4418 et
1976 4351 2380 4418 restituenda
2423 4353 2627 4419 eccle-

672 4441 805 4505 siae
850 4440 1303 4506 communione
1357 4446 1426 4503 et
1482 4437 1842 4521 disciplina.
1941 4440 2200 4504 Poenas
2243 4442 2467 4523 itaque
2513 4439 2627 4503 da-

672 4547 822 4590 mus
866 4525 1288 4610 hypocriseos
1339 4524 1646 4608 ignaviae
1705 4534 1771 4588 et
1823 4525 2067 4607 teporis
2124 4526 2353 4591 nostri.
2447 4524 2623 4591 Socii

709 4764 844 4820 8¹71.
881 4764 935 4832 1)
986 4762 1201 4819 Nomen
1248 4763 1453 4817 Buceri
1493 4764 1750 4830 epistolae
1798 4780 1910 4816 non
1958 4765 2232 4829 additum,
2280 4778 2467 4818 verum
2502 4763 2629 4816 huic

669 4835 1014 4903 potissimum
1051 4833 1395 4887 tribuendam
1428 4832 1570 4885 nulli
1601 4834 1927 4886 dubitamus.

879 4900 938 4969 2)
979 4901 1276 4967 Inscriptio
1311 4902 1463 4954 abest
1495 4903 1563 4953 ab
1598 4901 1956 4970 autoyrapbo.

881 4969 943 5035 3)
981 4969 1070 5022 De
1118 4971 1444 5038 quibusnam
1492 4969 1750 5023 Farellus
1803 4976 2026 5039 questus
2066 4968 2240 5034 fuerit
2284 4985 2397 5022 uon
2443 4969 2622 5038 liquet,

676 5040 772 5093 sed
803 5044 989 5107 potius
1026 5039 1092 5092 de
1125 5039 1243 5092 suis
1292 5043 1342 5092 et
1380 5038 1598 5091 Galm'ni
1644 5039 2010 5103 antaaonistis
2054 5038 2322 5091 helveticis
2366 5039 2623 5106 coyitari-

675 5124 798 5161 mus
830 5125 992 5176 quam
1028 5108 1094 5161 de
1129 5108 1689 5174 Arymtoratensibus.
1748 5107 1940 5160 Etiam
1977 5122 2043 5159 ecc
2078 5107 2416 5176 sequentibus
2451 5122 2622 5174 appa-

675 5183 758 5230 ret
790 5192 909 5229 eum
941 5192 1046 5242 pro
1081 5192 1229 5229 more
1261 5176 1472 5244 oblique
1506 5183 1556 5229 et
1589 5176 1873 5230 obscurius
1908 5175 1974 5230 de
2007 5175 2286 5229 variorum
2338 5175 2540 5229 studiis
2574 5181 2624 5229 et

673 5246 962 5301 conatibus
993 5245 1294 5313 scripsisse.

881 5312 942 5379 4)
982 5314 1090 5366 vim
1125 5314 1245 5365 fieri
1280 5313 1581 5366 ministerio
1617 5314 1823 5383 Apoyr.

2736 2000 3066 2087 [foederis]
3084 2005 3141 2080 ὁ)
3188 2002 3525 2087 religionis
3566 2003 3933 2069 iuramento
3968 2023 4111 2070 sese
4147 2002 4659 2076 constrinxerant,

2734 2110 2820 2153 ne
2865 2089 3012 2170 quis
3054 2091 3198 2154 sine
3243 2088 3390 2154 aliis
3435 2109 3662 2172 pacem
3698 2110 3848 2154 cum
3893 2089 4353 2155 communibus
4399 2086 4662 2153 hostibus

2734 2177 2995 2239 faceret.
3097 2175 3237 2239 Iam
3299 2173 3537 2259 oppida
3591 2183 3828 2240 cuncta
3872 2175 4227 2259 superioris
4274 2172 4660 2248 Germaniae,

2734 2268 2998 2344 praeter
3041 2260 3416 2345 Augustam
3473 2270 3540 2326 et
3581 2277 3873 2326 nostram
3920 2282 4060 2326 rem
4112 2260 4398 2326 ublicam
4416 2262 4472 2332 6)
4517 2270 4660 2336 (nes

2735 2347 2946 2411 cimus
2988 2366 3072 2410 an
3118 2348 3318 2411 otiam
3363 2345 3755 2412 Constantia
3808 2356 3878 2411 et
3919 2347 4051 2412 Lin
4098 2347 4249 2412 ovia
4305 2345 4661 2417 subsistant)

2734 2432 3164 2515 Imperatoris
3209 2454 3279 2497 se
3322 2433 3767 2514 permiserunt
3818 2432 4239 2510 clementiae,
4296 2431 4497 2513 idque
4538 2431 4660 2495 sim·
4770 2431 4771 2482 ἰ

2736 2518 2993 2601 pliciter
3037 2519 3177 2582 sine
3221 2518 3358 2582 ulla
3401 2519 3787 2601 exceptione
3843 2517 4164 2584 libertatis
4222 2525 4290 2583 et
4332 2517 4659 2600 religionis
4772 2541 4773 2546 ¹

2734 2604 2828 2668 Et
2871 2603 3218 2669 clementia
3252 2613 3475 2668 tamen
3513 2605 3607 2668 eis
3650 2604 3971 2686 permissa
4005 2615 4105 2670 est
4138 2601 4510 2670 conditione
4542 2602 4663 2665 obe-

2736 2687 3021 2754 dientiae
3085 2697 3152 2753 et
3228 2689 3474 2754 multae
3551 2709 3708 2773 prae
3832 2689 3999 2755 ndis.
4120 2689 4392 2756 Ulmum
4473 2687 4667 2752 ferunt

2738 2773 2895 2839 dare
2948 2773 3048 2839 bis
3100 2785 3375 2839 centena
3432 2775 3553 2851 M„
3613 2775 3684 2839 H
3754 2797 3859 2840 am
3918 2781 4028 2842 50:
4096 2784 4421 2860 quantum
4475 2773 4666 2839 solvat

2734 2859 3238 2938 Francofordia,
3299 2861 3681 2944 ignoramus
3736 2861 3968 2927 adhuc.
3990 2865 4042 2943 ⁷)
4160 2859 4424 2945 Oppida
4476 2857 4664 2925 foede-

2734 2953 2880 3010 rata
2923 2947 3053 3009 iam
3109 2943 3329 3010 dedita
3386 2956 3546 3011 sunt
3606 2950 3702 3011 13.
3791 2947 4084 3030 Recepta
4140 2958 4298 3012 sunt
4352 2945 4552 3011 etiam
4596 2966 4664 3009 ex

2735 3030 3146 3097 neutralibus
3188 3033 3562 3098 faventibus
3607 3032 3951 3118 evangelio
4005 3031 4321 3117 quaedam
4401 3053 4547 3132 cum
4587 3028 4664 3095 di·
4766 3057 4773 3089 ·,

3039 3202 3669 3286 Wirtenperqensisss)
3716 3205 3924 3270 voluit
3979 3226 4119 3271 com
4129 3226 4371 3288 ponere
4383 3127 4663 3284 ,θῖἓῇ

2736 3311 2938 3372 quum
2984 3287 3416 3377 Impe[rator]
3473 3292 3869 3356 munitiones
3915 3290 4036 3355 sibi
4081 3290 4233 3356 dedi
4275 3312 4507 3356 omnes
4541 3309 4661 3372 pos-
4776 3294 4777 3355 ἰ

2735 3375 3010 3453 tularet,
3078 3375 3400 3458 impositis
3463 3375 3596 3440 illis
3653 3375 3992 3459 praesidiis
4051 3376 4370 3441 ditionem
4431 3393 4661 3441 omnem
4766 3396 4772 3409 ·

2734 3120 2911 3182 tione
2991 3118 3172 3182 ducis
3202 3118 3457 3183 Othonis
3482 3119 3751 3185 Henrici
3778 3130 3847 3184 et
3869 3122 4179 3185 comitum
4220 3120 4301 3184 ab

2738 3202 2932 3290 [Dux

2735 3459 3129 3542 Imperatori
3172 3460 3468 3544 reliquit,
3525 3483 3692 3544 quae
3731 3485 3908 3530 nunc
3950 3463 4265 3528 miserum
4310 3462 4382 3527 in
4425 3461 4663 3526 modum

2734 3545 3051 3630 affligitur
3095 3567 3135 3610 a
3177 3547 3387 3613 milite
3430 3554 3497 3612 et
3539 3549 3748 3613 fertur
3767 3549 4138 3632 Imperator
4173 3570 4319 3614 eam
4367 3548 4532 3614 velle
4565 3542 4661 3610 ad-

2736 3632 2951 3696 dicere
2995 3634 3217 3715 nepoti
3275 3654 3392 3698 suo
3450 3633 3692 3698 iuniori
3751 3634 4176 3700 Fer-elinando.
4276 3633 4555 3700 Vacillat
4605 3636 4662 3693 et

2740 3716 2954 3782 Catius
2997 3726 3265 3801 propter
3307 3719 3759 3784 infirmitatem
3819 3721 4162 3787 civitatum
4207 3722 4657 3785 saxonicarum.
4766 3758 4774 3767 -

2734 3803 2985 3869 Elector
3026 3816 3282 3885 partem
3327 3803 3592 3869 ditionis
3649 3825 3806 3870 suae
3864 3806 4139 3889 recepit,
4195 3816 4453 3888 partem
4496 3803 4661 3869 Mau·

2731 3891 2923 3954 ritius
2965 3889 3180 3955 adhuc
3225 3901 3418 3955 tenet.
3507 3890 3761 3955 Nullibi
3817 3911 3895 3955 ea
3949 3894 4050 3957 vis
4105 3893 4376 3975 spiritus
4418 3895 4657 3974 apparet
4776 3900 4777 3947 ὲ

2730 3996 2872 4039 rem
2916 3974 3137 4057 populi
3158 3977 3287 4040 Dei
3322 3976 3712 4041 restituendi
3749 3997 3914 4059 quae
3950 3977 4021 4041 in
4064 3978 4145 4043 iis
4188 3980 4508 4060 scriptura
4538 3994 4656 4040 ser-

2734 4060 2835 4125 vis
2871 4061 3142 4125 Domini
3178 4072 3497 4126 memorat
3537 4083 3698 4144 quos
3740 4073 4105 4129 servatores
4147 4064 4373 4148 populi
4400 4062 4521 4127 Dei
4551 4080 4653 4125 vo·

2731 4156 2866 4224 cat,
2923 4168 3043 4211 nec
3096 4149 3353 4230 uspiam
3404 4154 3676 4230 apparet
3730 4148 3951 4232 populi
4012 4149 4128 4213 illa
4183 4148 4266 4214 ad
4321 4149 4651 4214 Dominum

2935 4417 2997 4483 5)
3033 4419 3346 4474 Abscissum
3380 4422 3443 4474 in
3477 4421 3819 4490 autoqrapho
3843 4422 3983 4476 sicut
4015 4422 4171 4488 infra
4205 4422 4515 4491 saepiam-
4532 4417 4649 4471 Foe-

2734 4488 2894 4554 deris,
2936 4486 3283 4543 Smalcaldici
3317 4490 3430 4542 scil.

2938 4556 2998 4621 6)
3036 4557 3127 4610 Au
3232 4564 3289 4612 ta
3327 4557 3724 4611 Vindelicos-um
3760 4575 3812 4612 a.
3851 4558 3903 4612 d.
3943 4558 4052 4612 IV.
4096 4558 4211 4613 Gal.
4250 4559 4411 4614 Febr.
4447 4553 4564 4611 154⁷
4593 4567 4647 4605 se

2736 4624 3069 4691 Imperatori
3102 4574 3329 4688 diffidit,
3367 4628 3787 4694 Arqmtoratum
3822 4627 4035 4681 dmum
4069 4644 4138 4681 m.
4190 4628 4417 4682 Martio.
4486 4623 4645 4688 Serip-

2732 4701 2900 4747 torem
2933 4695 3189 4760 epistolae
3223 4697 3729 4763 Arqentoratcnsem
3771 4696 3947 4762 fuine
3993 4713 4107 4749 uon
4152 4705 4231 4751 est
4273 4696 4416 4767 quod
4446 4694 4643 4748 dubim.

2734 4762 3011 4815 Lindovia
3047 4767 3159 4816 iam
3196 4763 3470 4815 Ianuario
3504 4765 3790 4831 submissa,
3831 4766 4155 4819 Constantia
4190 4774 4451 4831 postremo
4482 4766 4590 4816 loco.

2934 4830 2995 4891 7)
3034 4832 3319 4885 Ulmenscs
3364 4832 3561 4885 Caesar
3607 4834 3800 4884 multat
3846 4846 4063 4885 centum
4107 4834 4348 4887 millibus
4389 4842 4643 4886 aureorum

2728 4902 3014 4952 tormentis
3051 4900 3332 4953 duodecim
3368 4910 3425 4954 et
3461 4902 3644 4953 decem
3681 4904 3834 4970 sigua
3870 4902 4113 4969 peditum
4148 4903 4258 4955 illis
4293 4901 4510 4971 imponit
4538 4936 4550 4950 .

2728 4969 3205 5021 Francofurtenses
3254 4970 3446 5037 legatis
3494 4970 3564 5021 ad
3612 4969 3901 5023 Caesarem
3946 4971 4127 5023 missis
4173 4971 4231 5023 in
4278 4970 4496 5040 gratiam
4526 4978 4640 5019 rem·

2723 5038 2992 5170 Qutur)
3021 5037 3275 5105 depensis
3346 5054 3633 5090 aureorum
3702 5039 3944 5091 millibus
4014 5040 4293 5108 octoginta
4349 5035 4530 5105 (Szu'd.
4576 5029 4635 5083 ss·

2862 5121 2917 5158 se
2954 5144 2967 5158 .
2997 5145 3009 5158 .
3354 5156 3361 5165 ‚

2917 5123 2993 5236 98)
3037 5173 3540 5242 Wittembcrgensis
3576 5177 3780 5244 Apoqr.
3820 5206 3885 5216 -—
3916 5175 4132 5229 Utricus
4166 5176 4284 5229 dux
4316 5169 4635 5237 30090011οΓ-

2727 5242 2930 5296 solvere
2961 5246 3147 5295 iussus
3181 5249 3259 5296 est
3291 5250 3341 5296 e!
3378 5252 3491 5296 tria
3535 5245 3757 5297 castella
3788 5245 4090 5312 praesidiis
4124 5246 4455 5300 caesarianis
4482 5249 4637 5295 cond·

2730 5312 2856 5365 dere
2889 5311 3089 5379 (Sleid.
3128 5312 3198 5365 11.
3237 5309 3354 5365 568.
3391 5310 3512 5366 584.
3586 5312 3784 5366 Baulos
3816 5314 3907 5367 IV.
3944 5312 4092 5379 361).
