4825 6175
664 437 790 500 411

665 622 725 690 si
765 622 840 688 in
881 639 1042 688 saxa
1082 618 1263 686 versi
1303 640 1436 685 non
1477 619 1724 685 fuerint
1741 669 1758 699 ,
1813 641 2205 705 omnemque
2262 628 2405 686 tum
2448 618 2618 687 divi-

666 728 828 774 num
869 713 1013 771 tum
1066 705 1436 771 humanum
1490 725 1759 771 sensum
1815 706 2138 773 exuerint.
2236 704 2346 771 Ad
2402 705 2620 772 ravim

666 813 873 876 usque
915 790 1308 858 vociferatus
1349 789 1520 856 nihil
1561 792 1831 874 proficio
1844 844 1863 869 ,
1929 798 2006 858 ut
2047 801 2298 860 taceam
2339 790 2501 876 quid
2542 799 2619 856 tu

665 878 878 964 egeris
918 883 998 942 ut
1037 897 1148 942 eos
1188 895 1546 942 revocares.

839 961 1051 1045 Optas
1093 962 1338 1028 referre
1381 962 1543 1028 certi
1585 960 1831 1045 aliquid
1887 960 1968 1029 de
2021 962 2190 1029 bello
2230 960 2405 1047 quod
2447 961 2618 1029 Ger-

667 1049 849 1117 mani
891 1047 1102 1113 nostri
1117 1097 1134 1127 ‚
1189 1055 1449 1131 praeter
1503 1046 1571 1113 id
1623 1047 1799 1131 quod
1851 1047 2145 1131 ipsorum
2200 1049 2328 1114 fert
2379 1056 2620 1113 natura

665 1143 928 1218 tempus
971 1141 1040 1198 et
1079 1133 1279 1211 locus,
1321 1133 1456 1198 imo
1489 1132 1657 1198 ratio
1702 1133 1934 1212 omnis,
1979 1132 2347 1201 cunctando
2389 1153 2620 1218 gerere

667 1220 1041 1296 voluerunt,
1060 1217 1118 1303 3)
1160 1218 1338 1302 passi
1376 1218 1633 1284 ratione
1666 1217 1791 1284 hac
1831 1218 2088 1285 hostem
2133 1222 2308 1286 vires
2349 1218 2620 1286 consilia

670 1316 737 1372 et
776 1302 937 1388 quid
978 1324 1113 1369 non
1157 1323 1389 1388 capere
1447 1312 1525 1368 ut
1567 1324 1638 1370 se
1695 1310 1962 1369 tueatur
2015 1314 2084 1371 et
2141 1305 2305 1371 alios
2363 1304 2616 1389 perdat.

669 1391 799 1457 Tot
837 1390 1052 1473 capita
1101 1410 1251 1455 raro
1286 1387 1531 1472 aliquid
1565 1388 1860 1455 efficiunt
1892 1389 2168 1458 feliciter
2202 1389 2377 1474 quod
2410 1389 2620 1458 cadat.

671 1475 807 1543 Sed
846 1496 979 1540 non
1021 1483 1123 1540 est
1165 1473 1337 1558 quod
1386 1474 1510 1540 hoc
1555 1482 1671 1540 aut
1711 1473 1874 1541 illud
1917 1495 2287 1543 causemur:
2355 1483 2622 1560 peccata

670 1569 930 1628 tantum
972 1559 1138 1626 haec
1193 1579 1268 1625 ac
1325 1559 1533 1625 multo
1587 1559 1896 1645 graviora
1949 1570 2247 1645 poscunt.
2335 1562 2620 1628 Veniam

666 1666 933 1714 necesse
976 1651 1078 1711 est
1130 1652 1204 1711 ut
1258 1652 1561 1728 petamus
1615 1666 1775 1711 vere
1828 1646 2307 1731 resipiscentes.
2396 1646 2474 1714 Si
2518 1646 2621 1711 ui-

671 1732 823 1799 dem
886 1732 958 1796 in
1022 1730 1253 1797 castris
1314 1737 1596 1815 pereunt
1657 1729 1851 1796 multi
1866 1782 1882 1810 ‚
1949 1731 2389 1798 absumuntur
2520 1741 2624 1797 tra

668 1827 921 1903 pestem
965 1814 1181 1901 gladio
1223 1837 1359 1882 non
1402 1817 1609 1899 pauci.
1676 1816 1907 1884 Hostis
1950 1838 2092 1883 sese
2134 1818 2379 1883 munit:
2425 1816 2620 1882 undi-

670 1924 796 1988 que
839 1909 1201 1986 comportat
1240 1902 1312 1966 in
1347 1908 1562 1968 castra
1597 1901 1917 1986 quidquid
1955 1922 2038 1969 ex
2073 1902 2340 1970 aedibus
2384 1902 2620 1968 vicinis

667 1996 904 2073 potest,
951 1996 1026 2053 ut
1058 1988 1338 2053 iniuriae
1361 1987 1526 2053 coeli
1545 1988 1767 2052 minus
1790 1987 2035 2053 habeat
2069 2009 2224 2054 suos
2267 1991 2614 2072 expositos.

665 2075 928 2140 Ferunt
970 2072 1367 2151 Palatinum,
1413 2072 1904 2158 Moguntinum,
1962 2074 2425 2140 Trevirensem
2466 2094 2618 2138 cum

668 2159 864 2228 Gallo
909 2156 1342 2237 contendisse,
1381 2180 1531 2225 cum
1571 2156 1792 2237 hoste,
1847 2159 1929 2226 de
1970 2180 2158 2242 pace,
2213 2169 2280 2225 et
2322 2159 2617 2243 repulsos

662 2244 888 2311 fuisse.
981 2245 1275 2310 Albretus
1313 2243 1840 2324 Brunsvicensis,
1886 2246 1999 2328 qui
2043 2244 2258 2311 laesus
2301 2246 2536 2324 fuerat,
2555 2246 2616 2322 ⁴)

664 2330 843 2398 obiit.
943 2327 1138 2411 Quod
1202 2329 1501 2413 queritur
1566 2329 1858 2396 Buoems
1921 2335 1989 2397 et
2052 2330 2328 2397 Rochius
2342 2331 2397 2410 ⁶)
2463 2339 2617 2397 tuus

663 2437 840 2483 nunc
873 2422 1163 2500 paratur,
1208 2415 1280 2479 ni
1313 2414 1522 2481 fallor.
1587 2415 1842 2481 Verum
1882 2415 2166 2482 tardius:
2211 2424 2435 2482 tamen
2473 2438 2618 2482 sero

663 2508 959 2586 praestat
1002 2521 1197 2584 quam
1240 2521 1598 2583 nunquam.
1688 2500 1872 2567 Deus
1926 2521 2298 2568 successum
2342 2501 2454 2567 det
2496 2524 2618 2570 nec

661 2588 1004 2653 intueatur
1045 2592 1147 2650 tot
1190 2584 1518 2659 Achanos.
1557 2585 1671 2652 sed
1715 2595 1792 2651 ut
1832 2585 1988 2651 olim
2033 2587 2114 2653 ob
2160 2587 2381 2654 decem
2424 2589 2617 2671 quin-

663 2693 788 2757 que
830 2672 962 2737 illis
1006 2670 1381 2737 civitatibus
1443 2680 1584 2736 erat
1640 2672 2037 2755 parciturus,
2095 2673 2192 2738 ita
2243 2694 2424 2740 nunc
2479 2695 2616 2739 non

662 2759 745 2824 ob
799 2759 1059 2835 decem,
1122 2755 1238 2821 sed
1302 2777 1542 2838 unum,
1607 2758 1719 2840 qui
1780 2758 2147 2840 innumeris
2209 2758 2617 2845 myriadibus

661 2850 956 2927 praestat
996 2842 1239 2925 quique
1281 2862 1400 2924 pro
1456 2843 1760 2909 omnibus
1815 2845 2059 2927 poenas
2101 2843 2228 2908 luit
2243 2895 2259 2922 ,
2315 2845 2617 2911 omnibus

661 2930 751 2996 sit
792 2928 1133 3013 propitius,
1177 2939 1246 2993 et
1287 2948 1550 2993 causam
1595 2936 1863 2993 tueatur
1906 2937 2041 2993 tam
2098 2937 2427 3009 sanctam,
2483 2952 2615 2995 non

663 3021 953 3098 exponat
995 3033 1226 3078 rursus
1270 3011 1613 3079 Christum
1657 3034 1852 3079 suum
1896 3014 2244 3080 ridendum
2288 3017 2612 3094 omnibus,

660 3103 936 3166 verbum
981 3120 1172 3165 suum
1218 3099 1629 3164 contumeliis
1683 3100 2100 3167 afficiendum
2117 3153 2132 3180 ,
2191 3101 2307 3168 sed
2363 3103 2614 3167 nomini

661 3207 779 3251 suo
822 3184 933 3251 det
1010 3185 1265 3263 loriam,
1311 3193 1449 3250 tam
1484 3183 1829 3251 sublimem
1863 3188 2265 3271 magnificiat
2282 3190 2340 3264 ⁶)
2386 3209 2613 3255 serva-

662 3279 900 3350 torem,
989 3271 1257 3353 axitque
1314 3279 1389 3335 ut
1443 3269 1715 3335 verbum
1776 3292 1972 3336 suum
2029 3273 2331 3340 omnibus
2392 3275 2482 3339 sit
2545 3274 2614 3339 in

658 3357 888 3442 pretio,
934 3364 1254 3435 servetur,
1300 3355 1554 3422 colatur
1596 3365 1665 3421 et
1708 3355 2038 3508 {amessun
2059 3359 2115 3441 ⁷)
2205 3359 2428 3425 Gallia
2470 3380 2616 3426 sese

658 3443 806 3509 vult
843 3442 1354 3526 primogenitam
1389 3444 1586 3509 scorti
1606 3443 1707 3508 Ba
1752 3443 1970 3527 ylonis
2005 3446 2255 3523 testari,
2299 3454 2614 3511 matrem-

659 3549 786 3612 que
830 3529 1142 3654 ebrietage
1188 3548 1498 3627 superare
1565 3528 1905 3627 contendit
1959 3529 2030 3593 in
2087 3527 2462 3630 sang[uine]
2511 3533 2615 3631 in7

656 3610 1060 3765 ᾓΞἝΞἪΥ·
1072 3613 1190 3763 0310
1200 3610 1449 3764 Vssi‘ss‘l
1498 3612 2450 3783 ss‘ssffissssssnissffsstnssffi
2486 3618 2615 3769 22¹1}

659 3782 949 3850 Satanae
983 3803 1058 3848 ac
1091 3782 1448 3851 mendaciis
1485 3785 1860 3851 mortiferis.
1924 3784 1986 3852 Ο
2021 3789 2336 3854 miserum
2380 3788 2611 3866 solum,

656 3878 797 3935 tam
830 3889 1137 3952 perverse
1159 3869 1502 3936 Christum
1527 3878 1595 3935 et
1625 3892 1794 3953 quae
1815 3871 2069 3938 Christi
2103 3882 2261 3938 sunt
2292 3894 2615 3957 respuens

657 3976 732 4021 ac
773 3975 1194 4038 persequens,
1239 3963 1380 4020 tam
1423 3976 1654 4022 amans
1677 3956 2081 4023 Antichristi
2122 3965 2189 4024 et
2227 3960 2443 4026 omnis
2484 3959 2614 4026 ini-

657 4039 958 4124 quitatis!
1049 4041 1144 4105 At
1184 4062 1318 4105 non
1354 4040 1516 4107 feret
1552 4043 1842 4124 impune.
1931 4041 2238 4110 Christus
2282 4065 2437 4112 suos
2473 4066 2613 4110 ser-

658 4136 789 4192 vet.
879 4125 1050 4190 Vale
1094 4145 1241 4190 cum
1288 4134 1403 4192 tua
1445 4128 1719 4211 coniuge
1774 4149 1850 4192 ac
1893 4130 2023 4194 tuis
2073 4131 2380 4197 omnibus
2425 4131 2614 4198 colle-

659 4213 781 4295 gis,
861 4233 944 4277 ne
1009 4220 1417 4295 praeteream
1487 4213 1850 4279 Galzasium
1866 4259 1883 4288 ,
1951 4213 2260 4297 Coppmn,
2326 4217 2609 4284 Abdum.

664 4296 935 4363 Thomas
971 4304 1036 4362 te
1079 4296 1341 4375 salutat,
1387 4299 1498 4380 qui
1540 4297 1706 4363 mihi
1748 4298 1872 4364 has
1928 4299 2111 4365 dedit
2152 4300 2347 4368 valde
2390 4301 2614 4369 doctas

654 4382 886 4449 literas
929 4381 1012 4446 ad
1058 4390 1124 4447 te
1167 4383 1615 4450 remittendas.
1684 4383 1948 4451 Salutat
1993 4396 2058 4451 te
2102 4387 2367 4471 collega.
2436 4389 2502 4454 N
2503 4410 2611 4454 eo-

657 4471 825 4534 comi
864 4472 920 4533 6.
968 4467 1364 4533 Novembris
1415 4474 1596 4535 1546.

1691 4555 1999 4623 Farellus
2039 4566 2193 4624 tuus
2237 4564 2439 4626 totae.

858 4723 916 4792 3)
958 4722 1278 4781 Rectissime
1310 4726 1398 4780 hic
1431 4725 1643 4783 iudicat
1677 4727 1746 4781 de
1776 4730 2195 4796 protestantium
2213 4730 2383 4795 fatali
2413 4731 2478 4784 in
2511 4730 2612 4786 hoe

653 4791 786 4849 bello
857 4792 1056 4848 erendo
1090 4795 1419 4864 nequaentia
1453 4801 1504 4849 et
1535 4796 1842 4852 tumiditate.
1915 4796 2065 4851 Erat
2098 4797 2314 4867 quidem
2355 4797 2609 4854 Schertli-

655 4876 762 4916 mts
835 4877 914 4914 aa:
949 4864 1245 4929 exereitus,
1295 4862 1393 4917 sed
1435 4865 1460 4917 a·
1498 4879 1555 4918 ee
1597 4866 1821 4920 multum
1865 4864 2161 4934 impeditus
2210 4872 2262 4922 et
2294 4867 2611 4923 retardatus

653 4931 835 4986 variis
950 4931 1183 5000 ’κοίρανε
1216 4939 1269 4986 et
1301 4880 1744 4989 concilior-iorum
1779 4935 2146 5002 opinionibus.

894 4999 915 5063 )
951 4998 1025 5052 In
1051 5001 1264 5067 praelio
1367 5017 1466 5069 ope
1501 5002 1898 5072 Noa-azimam
1928 5003 2095 5070 facto.
2134 5001 2330 5070 (Sleo'd.
2348 5005 2425 5058 11.
2461 5003 2608 5073 540.)

860 5065 925 5199 2))
955 5067 1166 5192 figam.
1204 5070 1294 5124 Ba
1316 5070 1537 5125 duinus.

859 5202 916 5270 7)
953 5204 1110 5260 Haec
1140 5212 1190 5261 et
1225 5213 1504 5277 sequentia
1536 5224 1604 5263 ex
1637 5210 1947 5264 coniectura
1981 5209 2335 5264 restituimus.

859 5271 920 5337 8)
962 5272 1037 5328 D.
1064 5274 1121 5356 .4·
1151 5275 1364 5331 Octobr.
1400 5277 1807 5399 &mordeam
1840 5280 1980 5334 cives
2007 5277 2315 5334 Meldensee
2348 5281 2615 5336 combusti

644 5342 894 5411 luerunt.
966 5343 1134 5406 (Hm.
1173 5346 1292 5401 eccl.
1330 5345 1376 5399 1.
1483 5346 1529 5414 .)

2217 431 2744 499 EPISTOLAE
2789 435 3130 497 848-850

4530 437 4622 499 412

2891 620 3206 687 Miseram
3257 617 3342 684 ad
3400 618 3683 685 Vir-emm
3736 619 4078 705 exemplar
4128 620 4468 687 literarum
4514 619 4629 688 B«-

2718 706 2862 785 ceri,
2882 707 2940 788 ⁹)
2983 705 3098 771 sed
3138 726 3273 771 non
3315 705 3618 770 meminit
3658 726 3732 772 se
3773 707 4115 790 accepisse,
4147 726 4365 791 neque
4404 726 4629 791 respon-

2721 790 2823 857 dit
2862 810 3067 875 quum
3109 789 3445 874 exemplar
3494 797 3765 857 tuarum
3821 791 3907 858 ad
3947 793 4472 876 Arctopolitanos
4507 813 4629 877 pas-

2720 883 2898 943 tores
2931 885 3242 960 peterem.
3331 874 3557 958 Quum
3613 896 3823 943 unum
3877 878 4045 944 mihi
4098 887 4275 945 esset
4314 878 4631 961 exemplar,

2722 961 2806 1028 ad
2849 969 2915 1028 te
2957 962 3137 1029 volui
3177 961 3439 1027 mittere
3495 961 3749 1029 duabus
3803 964 4120 1047 scriptum
4175 963 4498 1030 manibus.
4570 964 4635 1030 Id

2719 1049 2881 1115 boni
2923 1047 3243 1115 consules.
3334 1046 3659 1114 Saltem
3713 1070 3849 1114 non
3890 1048 4232 1134 respondit
4280 1071 4369 1116 an
4411 1070 4637 1134 accepe-

2722 1134 2830 1199 rit.
2893 1133 3095 1200 Forte
3137 1132 3402 1198 viliores
3445 1153 3693 1214 sumus,
3739 1155 3936 1219 quam
3978 1156 4293 1222 responso
4337 1133 4516 1222 digni
4550 1158 4637 1203 su·

2722 1241 2890 1310 mus,
2918 1223 2997 1300 ¹⁰)
3040 1227 3158 1284 aut
3199 1219 3511 1303 graviora
3553 1227 3799 1286 tenent.

3480 1565 3895 1576 ——-—--——-.-.-

3627 1834 3784 1906 849.

3216 2005 3699 2075 SULZERUS
3743 2005 4181 2074 CALVINO.

2717 2192 3867 2349 mSibietomioiseaeadvm
3936 2194 4651 2280 novieolleyaemia

2906 2300 3002 2346 sa.

3007 2451 3113 2520 (Ex
3148 2453 3485 2521 autographo
3520 2452 3651 2507 Ood.
3691 2452 3897 2507 Gener.
3935 2450 4062 2519 112,
4098 2452 4188 2507 fol.
4228 2450 4371 2518 102.)

2722 2638 2945 2705 Vireto
2989 2639 3236 2724 pietate
3275 2648 3343 2705 et
3388 2638 3686 2707 doctrina
3726 2640 4087 2707 clarissimo
4121 2641 4208 2706 D.
4246 2640 4493 2707 Ioanni
4524 2638 4656 2707 Cal·

2764 2726 2920 2791 vino
2964 2735 3368 2812 symmystae
3412 2726 3484 2791 in
3528 2725 3812 2794 Domino
3854 2724 4448 2794 observandissime
4492 2748 4613 2794 suo.

2894 2878 2964 2945 S.
3010 2878 3095 2943 In
3137 2899 3381 2962 magna
3421 2878 3910 2962 perturbatione
3945 2899 4291 2946 versamur
4324 2888 4392 2946 et
4436 2878 4655 2964 premi-

2719 2988 2885 3043 mur,
2918 2963 2965 3050 ¹)
3008 2964 3078 3029 in
3122 2984 3250 3047 qua
3292 2964 3521 3031 solatio
3555 2965 3745 3032 nobis
3789 2973 3891 3031 est
3922 2986 4055 3031 non
4090 2965 4302 3032 solum
4346 2966 4652 3032 conscien-

2719 3051 2848 3116 tiae
2892 3050 3149 3117 bonitas
3192 3048 3308 3117 sed
3339 3050 3618 3116 fratrum
3659 3071 4013 3136 eorumque
4048 3051 4490 3118 cordatiorum
4532 3072 4650 3117 om·

2717 3138 2904 3203 nium
2949 3158 3321 3203 consensus.
3408 3137 3583 3202 Nam
3623 3138 3795 3221 quod
3840 3145 3934 3217 tu,
4009 3138 4258 3205 Viretus
4300 3138 4649 3221 caeterique

4752 1973 4779 2406 ⁸

4742 2551 4775 3048 4

2718 3222 3064 3289 consilium
3108 3221 3408 3302 dedistis,
3464 3243 3832 3307 quanquam
3890 3224 4101 3289 serius
4158 3232 4332 3291 esset
4375 3224 4647 3299 allatum,
4770 3276 4773 3317 s

2717 3316 2941 3374 tamen
2995 3329 3237 3392 magna
3290 3330 3374 3373 ex
3428 3317 3613 3392 parte
3685 3310 3816 3374 iam
3874 3308 4422 3392 praemeditatum
4482 3308 4647 3375 nobis

2717 3395 2934 3460 fuerat
2977 3403 3043 3459 et
3105 3395 3173 3459 in
3226 3401 3363 3459 toto
3415 3394 3675 3479 negotio
3729 3396 4135 3478 praestitum.
4231 3394 4371 3462 Sed
4431 3403 4651 3462 eventu

2718 3500 2948 3563 parum
2995 3499 3307 3563 prospero
3322 3530 3338 3560 ,
3398 3478 3570 3564 quod
3627 3480 3875 3565 collega
3895 3483 3949 3562 2)
4006 3492 4310 3565 receptus
4355 3480 4649 3549 conditio-

2717 3585 2872 3630 nem
2909 3566 3196 3631 oblatam
3251 3567 3635 3649 susceperit,
3694 3574 3761 3631 et
3817 3568 4028 3651 primo
4085 3568 4311 3633 statim
4366 3569 4649 3653 ingressu

2718 3658 2945 3716 nostra
2987 3650 3206 3717 studia
3248 3673 3380 3716 non
3424 3652 3781 3737 suggillare
3838 3652 4051 3719 solum
4095 3653 4211 3719 sed
4255 3662 4482 3737 aperte
4520 3674 4647 3737 pro-

2717 3758 2842 3820 que
2895 3736 3159 3821 publica
3206 3738 3518 3804 concione
3570 3737 3822 3823 ingenii
3878 3759 4026 3805 cum
4082 3740 4442 3807 acerbitate
4457 3738 4512 3824 ⁸)
4564 3739 4650 3803 in-

2718 3843 2971 3889 cessere
3021 3844 3218 3888 ausus
3274 3824 3361 3889 sit
3380 3874 3396 3903 ,
3452 3823 3787 3890 electionis
3840 3833 4235 3909 potestatem
4276 3847 4414 3892 non
4459 3824 4647 3891 solum

2717 3928 3131 3975 communem
3161 3908 3483 3975 ministris
3517 3918 3585 3974 et
3614 3909 4109 3994 magistratibus
4144 3917 4460 3992 statuens,
4496 3908 4647 3994 quod

2714 4015 2835 4059 nos
2877 3994 3280 4071 volebamus,
3326 3995 3442 4061 sed
3483 4003 3698 4060 totum
3751 3998 3949 4061 etiam
4012 3996 4094 4062 ad
4146 3997 4398 4064 curiam
4455 4006 4648 4062 trans-

2716 4080 2954 4158 ferens,
2974 4079 3032 4165 ⁴)
3058 4081 3189 4145 nisi
3214 4101 3332 4164 pro
3356 4080 3698 4148 affectibus
3722 4081 4098 4165 praesidum
4118 4082 4411 4149 ministri
4446 4105 4488 4149 a
4517 4102 4646 4165 pas-
4776 4180 4777 4183 Ἴ

2716 4166 2965 4231 toribus
3010 4164 3453 4249 designentur.
3517 4167 3854 4234 Factionis
3887 4169 4046 4233 item
4069 4170 4334 4234 nomine
4355 4190 4491 4234 non
4511 4166 4643 4233 sub·

2715 4251 2988 4317 obscure
3012 4271 3133 4317 nos
3154 4254 3430 4331 notavit,
3458 4272 3610 4318 cum
3634 4252 3870 4337 quibus
3894 4261 4114 4320 tamen
4136 4255 4494 4322 amicitiam
4512 4273 4641 4319 con·

2716 4335 3129 4420 cordiamque
3172 4337 3518 4421 stipulatus
3562 4346 3721 4405 erat.
3800 4340 3970 4405 Eam
4014 4340 4392 4408 concionem
4435 4340 4529 4407 sic
4559 4337 4642 4403 vi·
4768 4374 4777 4403 l

2717 4420 2836 4487 deo
2871 4431 3127 4507 gratam
3164 4426 3418 4490 senatui
3455 4425 3802 4507 exstitisse,
3839 4432 3916 4491 ut
3947 4425 4120 4492 idem
4162 4447 4319 4493 mox
4340 4426 4639 4492 Thomam

2725 4614 2859 4622 ———-

2918 4730 2953 4785 9
3015 4731 3439 4813 ἀρρενᾱὸιαηηι.

2749 4798 2990 4937 849191)
3013 4816 3212 4938 abeam
3257 4870 3370 4924 scil.
3418 4869 3900 4941 Ztoinqlianismus
3946 4872 4169 4928 Bernae
4216 4873 4392 4929 denuo
4433 4883 4636 4942 praeva-

2713 4936 2890 4991 hieru.
2967 4935 3051 5004 Of.
3089 4938 3164 4995 N.
3198 4937 3319 5004 842,
3353 4945 3465 4994 not.
3505 4941 3549 4994 l.
3622 4941 3696 4996 N.
3731 4939 3853 5008 843,
3886 4947 3997 4997 not.
4030 4942 4081 4997 9.

2918 5004 2980 5073 2)
3016 5006 3253 5063 Iudaeus
3274 5006 3684 5077 Kasthaneia-ue,
3723 5010 3930 5065 Βίτωνι·
3961 5026 4257 5084 successor,
4293 5006 4636 5066 striae-m

2711 5075 2947 5198 amiam,-
2966 5076 3317 5212 {offlam
3349 5078 3512 5132 etim
3534 5077 3755 5133 Calvino·
3786 5086 3839 5134 et
3885 5079 4058 5136 Vde-eti
4086 5080 4443 5138 adom
4474 5074 4637 5143 (ΠΨ

2712 5143 2859 5293 ἅτθ’..
2884 5160 3275 5295 1’3).Ιοι1οι3ιιιιι
3309 5213 3545 5271 ferocem
3578 5220 3636 5271 et
3658 5217 4021 5287 praefi-actum
4041 5219 4225 5273 reddit
4256 5218 4478 5273 inscitia.
4510 5210 4634 5283 (Oul-

2712 5296 2878 5336 vmue
2926 5283 3107 5338 Vereto
3144 5282 3223 5336 19.
3260 5283 3405 5340 Non.
3440 5283 3616 5353 1547.)

2919 5349 2979 5418 4)
3018 5367 3055 5406 α
3088 5369 3201 5422 qua
3231 5354 3352 5422 ipse
3382 5361 3606 5412 vocam
3637 5355 3823 5420 fuerat
3856 5356 4214 5412 renites-mue
4247 5354 4519 5412 mm.
