4825 6175
188 461 303 521 677

187 645 397 712 omnia
441 643 784 711 revolvens
828 642 950 709 has
1003 643 1168 708 mihi
1217 650 1437 726 partes
1493 641 1939 727 suscipiendas
1982 663 2126 709 esse

188 731 358 809 duxi,
398 737 479 794 ut
518 729 601 796 de
642 730 964 813 capitibus
1003 728 1335 796 doctrinae
1369 729 1544 796 inter
1583 749 1705 796 vos
1748 738 2124 796 controver-

185 815 510 969 3³3bi¹0¹¹⁰3¹d
526 815 1082 968 &tmiffl
1099 813 1981 968 sszttta'ss‘pffiffl
2017 814 2128 965 ¹:³52

185 991 533 1072 ingressus.
622 985 945 1070 Equidem
988 985 1155 1051 mihi
1196 994 1456 1052 tantum
1492 1007 1626 1052 non
1667 1007 1857 1052 sumo
1898 995 1977 1051 ut
2012 1007 2125 1052 vo-

187 1074 279 1141 bis
320 1074 391 1138 in
435 1073 582 1137 istis
625 1072 1112 1155 quaestionibus
1172 1072 1562 1138 definiendis
1605 1073 1804 1139 velim
1848 1074 2122 1156 praeire.

186 1157 315 1227 Sed
356 1159 510 1243 quia
549 1178 684 1224 non
729 1156 857 1223 alia
898 1159 1064 1224 ratio
1108 1166 1383 1242 apparet
1423 1158 1848 1236 commodior,
1905 1157 2129 1223 omnia

186 1245 349 1310 malo
393 1245 681 1328 experiri
720 1263 917 1326 quam
958 1264 1091 1310 non
1135 1242 1384 1327 aliquid
1428 1265 1639 1328 agere.
1732 1242 2125 1327 Quanquam

186 1332 345 1397 forte
386 1350 727 1415 nunquam
771 1329 902 1396 huc
944 1350 1327 1414 progressus
1370 1329 1597 1408 forem,
1657 1329 1790 1396 nisi
1832 1330 2125 1395 animum

185 1415 340 1482 mihi
382 1416 644 1481 fecisset
692 1416 839 1499 ipsa
891 1415 1317 1498 experientia.
1417 1414 1592 1481 Nam
1649 1436 1849 1498 quum
1905 1424 2125 1481 tecum

188 1502 263 1568 de
303 1501 582 1586 singulis
625 1503 1006 1579 conferrem,
1054 1500 1272 1568 Iadoce
1327 1501 1548 1579 frater,
1567 1503 1625 1577 ²)
1686 1499 2128 1567 animadverti

185 1597 246 1653 te
286 1608 326 1652 a
366 1608 567 1653 sensu
609 1607 753 1653 meo
793 1607 1202 1671 nequaquam
1247 1586 1616 1652 abhorrere.
1704 1585 1883 1668 Quin
1927 1587 2126 1652 etiam

186 1681 454 1739 testatus
493 1695 563 1740 es
605 1693 774 1756 quae
808 1671 1102 1738 dicebam
1137 1672 1257 1739 tibi
1295 1672 1569 1755 placere.
1635 1672 1886 1738 Eadem
1923 1693 2123 1756 quum

185 1779 470 1826 seorsum
517 1759 701 1826 vobis
758 1758 1069 1824 referrem
1084 1809 1100 1836 ,
1163 1757 1416 1824 Seclaere
1453 1767 1522 1823 et
1562 1756 1792 1837 Beate,
1844 1758 2125 1824 libenter

185 1845 462 1929 amplexi
505 1846 682 1911 estis.
768 1842 956 1910 Nihil
1001 1852 1220 1910 tamen
1265 1843 1372 1909 hic
1420 1865 1564 1908 sum
1612 1842 1906 1910 dicturus
1948 1842 2124 1926 quod

184 1951 311 1996 non
354 1929 736 1997 summatim
789 1938 951 1996 tunc
1003 1927 1627 2012 comprehenderim.
1715 1929 1902 1995 Haec
1954 1930 2123 1995 ratio

184 2017 359 2096 mihi,
405 2018 657 2101 opinor,
704 2035 820 2100 pro
873 2015 1293 2083 excusatione
1339 2014 1614 2094 valebit,
1670 2023 1749 2080 ut
1804 2015 1886 2082 ab
1944 2015 2123 2080 omni

185 2105 591 2188 arrogantiae
633 2103 996 2186 suspicione
1038 2100 1295 2179 liberer,
1356 2101 1413 2166 si
1456 2120 1562 2165 me
1605 2101 1789 2184 quasi
1831 2098 2126 2167 medium

185 2189 312 2255 inte
392 2210 598 2255 onens
640 2188 887 2271 primas
930 2185 1186 2254 dicendi
1229 2194 1448 2270 partes
1490 2206 1750 2270 occupo.

403 2275 505 2341 ria
548 2284 705 2341 sunt
748 2272 827 2339 de
871 2273 1109 2356 quibus
1159 2273 1332 2338 inter
1375 2292 1495 2337 vos
1539 2272 1888 2338 dissidetis.
1975 2271 2127 2338 Pri-

181 2381 353 2425 mum
397 2372 517 2440 est,
564 2361 709 2444 quis
752 2360 840 2423 sit
890 2360 1041 2425 finis
1095 2367 1164 2425 et
1218 2378 1383 2441 quae
1426 2358 1713 2424 efficacia
1756 2357 2121 2423 ministerii.

183 2443 579 2524 Secundum,
640 2444 793 2528 quid
833 2445 1023 2510 nobis
1067 2444 1407 2510 conferant
1448 2452 1871 2510 sacramenta.
1962 2443 2122 2509 'Per-

182 2532 371 2610 tium,
431 2555 516 2599 an
562 2540 629 2597 et
669 2529 994 2614 quomodo
1046 2530 1118 2595 in
1177 2550 1382 2596 coena
1438 2529 1828 2596 exhibeatur
1871 2529 2124 2597 Christi

183 2636 427 2701 corpus.

347 2701 483 2789 [De
504 2706 559 2780 ⁸)
625 2702 949 2768 ministris
1014 2709 1083 2767 et
1139 2720 1365 2766 eorum
1429 2700 1765 2768 functione
1821 2701 2122 2768 bifariam

181 2787 461 2872 loquitur
504 2790 846 2871 scriptura.
937 2787 1310 2870 Aliquando
1368 2787 1522 2870 quid
1585 2808 1702 2870 per
1742 2808 1813 2852 se
1853 2786 2123 2853 valeant

182 2873 495 2954 describit,
542 2874 889 2959 aliquando
942 2873 1214 2957 spiritus
1270 2873 1478 2939 sancti
1521 2873 1798 2957 gratiam
1842 2871 2125 2938 includit

183 2961 296 3026 sub
364 2982 594 3027 eorum
657 2959 1039 3026 ministerio.
1153 2956 1376 3039 Quum
1446 2978 1739 3024 seorsum
1807 2960 2123 3023 statuitur

181 3046 506 3127 minister,
580 3068 848 3131 prorsus
901 3045 974 3110 in
1043 3043 1326 3112 nihilum
1383 3043 1709 3129 redigitur
1776 3065 1923 3112 cum
1979 3052 2123 3110 tota

182 3153 296 3198 sua
338 3135 605 3201 virtute.
692 3131 1344 3200 Praestantissimum
1396 3131 1594 3196 etiam
1652 3150 1973 3214 quemque
2015 3131 2120 3195 iu-

182 3217 414 3303 telligo.
515 3220 686 3285 Nam
743 3219 854 3302 qui
916 3216 1219 3285 omnibus
1280 3217 1521 3299 alioqui
1585 3217 1854 3300 spiritus
1910 3217 2119 3283 sancti

182 3299 360 3370 donis
394 3306 476 3371 ad
514 3305 909 3372 miraculum
943 3324 1149 3388 usque
1182 3304 1543 3369 instructus
1577 3304 1721 3381 erit,
1767 3311 2121 3386 quantum-

181 3388 275 3453 vis
332 3390 588 3457 laboret
644 3410 1008 3473 nervosque
1060 3410 1287 3455 omnes
1344 3388 1660 3467 intendat,
1717 3398 1913 3473 atque
1958 3387 2120 3454 adeo

182 3471 344 3540 dona
373 3478 494 3543 illa
536 3497 702 3561 quae
737 3475 1005 3542 coelitus
1041 3475 1293 3559 accepit
1328 3474 1670 3559 depromat
1700 3474 1773 3539 in
1808 3474 2118 3552 medium,

181 3559 341 3625 nihil
383 3573 610 3629 tamen
653 3562 949 3646 proficiet
989 3568 1229 3627 conatu
1273 3582 1394 3627 suo
1440 3568 1558 3626 aut
1598 3558 1837 3627 labore.

341 3648 425 3714 In
468 3648 650 3714 hunc
691 3650 889 3713 finem
934 3646 1267 3713 ordinatos
1309 3668 1450 3713 esse
1493 3666 1535 3710 a
1575 3647 1719 3712 Deo
1761 3647 2119 3724 ministros,

182 3738 252 3793 ut
307 3753 390 3799 ex
456 3734 691 3800 mortis
745 3741 1061 3817 potestate
1118 3740 1373 3815 ereptos
1437 3732 1735 3798 homines
1800 3733 1870 3797 in
1915 3732 2119 3798 vitam

181 3819 561 3899 restituant,
620 3829 689 3885 et
744 3840 826 3885 ex
880 3817 1117 3884 diaboli
1186 3819 1396 3883 servis
1449 3817 1620 3883 filios
1677 3819 1802 3883 Dei
1856 3818 2118 3896 faciant,

181 3906 398 3986 negari
452 3928 586 3971 non
653 3915 884 3989 potest.
986 3901 1164 3985 Quid
1222 3904 1502 3989 amplius
1559 3902 1667 3968 vel
1725 3902 1851 3969 dici
1907 3913 2123 3987 potest

182 3988 280 4052 vel
324 3992 645 4078 cogitari?
736 3992 954 4074 Atque
970 4039 985 4070 ,
1041 3996 1117 4055 ιιι
1159 3990 1437 4073 propriis
1495 3988 1858 4071 scripturae
1900 3988 2120 4055 verbis

180 4081 470 4158 utamur,
513 4076 768 4143 Paulus
812 4076 1016 4152 docet,
1059 4075 1384 4159 placuisse
1428 4075 1572 4140 Deo
1614 4095 1729 4158 per
1771 4073 2117 4140 stultitiam

180 4161 672 4240 praedicationis
726 4162 943 4228 salvos
1015 4161 1223 4228 facere
1292 4161 1648 4227 credentes.
1751 4159 2121 4228 Malachiae

181 4256 529 4316 venturum
576 4247 840 4314 Heliam
944 4248 1239 4325 romittit,
1299 4257 1372 4313 ut
1414 4247 1610 4313 corda
1648 4254 1912 4331 patrum
1969 4266 2118 4310 con-

181 4341 384 4400 vertat
435 4335 523 4401 ad
561 4335 750 4400 filios.
837 4332 893 4398 O
947 4334 1147 4399 ristus
1202 4333 1528 4417 apostolos
1583 4333 1791 4398 mittit
1843 4341 1921 4397 ut
1961 4339 2120 4396 eant

181 4423 242 4479 et
279 4419 570 4488 fructum
613 4421 908 4487 afferant.
995 4420 1260 4485 Dicitur
1312 4418 1635 4504 apostolos
1694 4427 1763 4486 et
1818 4424 2117 4502 pastores

179 4519 421 4573 creasse
468 4507 550 4573 ad
586 4505 1128 4571 instaurationem
1170 4511 1541 4571 sanctorum
1560 4506 1617 4588 ⁴)
1663 4512 1783 4572 eto.
1874 4502 2115 4570 Paulus

181 4606 245 4653 se
292 4593 656 4677 apostolatu
710 4590 894 4675 fungi
961 4597 1242 4656 testatur
1295 4597 1370 4656 ut
1421 4598 1651 4675 gentes
1708 4588 1987 4656 adducat
2043 4591 2114 4655 in

180 4671 602 4746 obedientiam
656 4676 828 4757 Deo,
888 4696 958 4741 se
1015 4676 1084 4741 in
1140 4675 1263 4743 hoc
1318 4676 1698 4744 incumbere
1755 4684 1834 4741 ut
1887 4695 2116 4741 omnes

372 4969 430 5038 2)
474 4970 682 5041 Quotus
716 4970 846 5024 aliis
878 4965 1128 5037 epitheti·
1160 4979 1280 5020 suun
1313 4968 1596 5022 moverit
1627 4969 1691 5020 in
1721 4979 1938 5022 mera
1971 4965 2113 5021 cao-⁸⁸·

181 5033 317 5102 tatia,
352 5039 489 5106 leaeo
520 5039 679 5106 infra
711 5041 772 5094 in
808 5052 888 5106 ep.
922 5035 1001 5090 ad
1045 5034 1299 5090 Vironum.
1355 5035 1429 5089 N.
1469 5035 1620 5089 1010.

191 5164 203 5178 ,
373 5106 434 5171 3)
481 5108 669 5192 Tempu
703 5107 803 5163 hoc
834 5120 1041 5161 comma
1053 5143 1067 5170 ,
1114 5117 1287 5174 usque
1330 5104 1407 5158 ad
1438 5105 1632 5159 verba:
1676 5108 1772 5186 aut
1805 5104 2004 5186 labore,
2039 5103 2110 5158 ab

180 5180 334 5295 3⁸3&
336 5178 729 5301 mmetgx.1m
782 5174 1008 5229 mama
1054 5172 1279 5227 deleam
1332 5171 1463 5228 God-
1499 5172 1603 5227 108
1646 5172 1960 5241 complue-ter
2007 5187 2107 5225 om.

180 5366 212 5422 4
257 5374 323 5428 12
371 5310 432 5380 4)
470 5313 518 5367 1.
571 5313 692 5370 Gor.
730 5311 780 5379 1,
822 5309 905 5364 21.
990 5311 1127 5366 Mal.
1174 5309 1226 5378 3,
1272 5308 1358 5364 24.
1430 5310 1631 5365 Iouna.
1664 5308 1716 5377 4,
1749 5307 1838 5366 36.
1910 5308 2108 5376 Ephes.

211 5410 227 5438 2
326 5419 337 5430 ·
1385 5423 1398 5436 ι

1941 458 2103 520 1548
2147 454 2457 522 APRIL.

4055 460 4183 527 678

2227 643 2372 709 Deo
2405 644 2730 729 perfectos
2764 644 3090 710 exhibeat.
3148 644 3319 710 Item
3355 644 3541 711 alibi:
3585 650 3663 710 ut
3697 645 3890 713 sistat
3909 645 4181 714 Christo

2227 729 2559 813 virginem
2613 735 2880 795 castam.
2902 727 2960 817 ⁵)
3046 728 3352 813 Denique
3401 728 3796 813 praedicatio
3850 733 4181 818 evangelii

2227 814 2356 880 Dei
2421 835 2701 897 regnum
2766 823 3043 882 vocatur
3103 817 3174 880 in
3237 816 3609 881 hominibus
3625 869 3641 896 ,
3708 838 3931 884 semen
4003 820 4179 886 vitae

2227 907 2554 979 aeternae,
2597 900 2991 966 illuminatio
3033 901 3347 980 cordium,
3390 903 3681 984 potentia
3714 901 3843 969 Doi
3887 905 3957 969 in
4002 906 4183 971 salu·

2228 992 2364 1050 tem
2407 985 2587 1051 omni
2631 986 2943 1065 credenti,
2989 985 3276 1071 adeoque
3318 987 3478 1053 odor
3534 988 3707 1054 vitae
3755 988 3827 1053 in
3872 991 4179 1073 vitamst)

2229 1071 2337 1136 Ex
2379 1070 2505 1137 hoc
2548 1072 2681 1137 fine
2721 1072 2854 1137 iam
2899 1072 3156 1139 fructus
3198 1092 3454 1157 quoque
3508 1081 3575 1138 et
3618 1074 3906 1142 efficacia
3948 1075 4177 1143 minis·

2228 1156 2377 1223 terii
2421 1156 2637 1240 aliqua
2680 1177 2763 1222 ex
2805 1165 2995 1240 parte
3028 1167 3301 1242 apparet
3336 1208 3350 1222 .
3383 1208 3397 1223 .
3433 1208 3449 1224 .
3470 1163 3524 1237 ⁷)

2400 1517 2625 1583 Labor
2667 1524 2890 1583 noster
2943 1515 3197 1582 inutilis
3247 1536 3383 1580 non
3436 1517 3561 1581 fuit
3617 1516 3696 1583 in
3730 1516 4016 1584 Domino
4076 1539 4179 1585 se·

2229 1602 2517 1668 cundum
2580 1602 2946 1687 potentiam
3004 1603 3147 1667 eius
3199 1611 3500 1685 potenter
3556 1603 3627 1668 in
3683 1625 3792 1669 me
3840 1605 4180 1671 'efficacem

2228 1686 2422 1774 (Phil.
2473 1692 2531 1768 2,
2586 1693 2681 1754 16.
2780 1694 2832 1753 1.
2878 1687 3104 1754 Thess.
3154 1691 3213 1767 2,
3268 1694 3317 1752 1.
3408 1688 3547 1754 Ool.
3602 1695 3655 1767 1,
3702 1693 3833 1765 29),

2398 1773 2762 1842 Convertet
2803 1773 3034 1840 Helias
3087 1795 3199 1840 cor
3256 1781 3520 1857 patrum
3564 1773 3648 1839 ad
3691 1773 3888 1854 filios,
3944 1783 4021 1841 ut
4072 1776 4179 1841 in-

2225 1858 2524 1926 credulos
2583 1867 2927 1926 convertat
2983 1857 3067 1924 ad
3132 1859 3548 1942 prudentiam
3602 1861 3925 1927 iustorum
3986 1861 4175 1949 (Mal.

2399 2028 2702 2112 Quorum
2746 2029 3133 2097 remiseritis
3175 2038 3442 2114 peccata
3485 2028 3740 2115 (Ioann.
3785 2035 3886 2111 20,
3935 2035 4064 2113 23).

2399 2116 2600 2182 Mitto
2642 2137 2760 2183 vos
2803 2123 2880 2182 ut
2922 2117 3085 2181 eatis
3126 2124 3194 2181 et
3234 2117 3524 2184 fructum
3570 2116 3861 2184 afferatis
3918 2118 4174 2195 (Ioann.

2398 2287 2838 2455 lglvangelium
2882 2288 3173 2371 potentia
3194 2288 3323 2352 Dei
3365 2288 3435 2352 in
3474 2287 3747 2353 salutem
3790 2298 3909 2355 etc.
3954 2290 4177 2365 (Rom.

2399 2458 2478 2526 Si
2523 2459 2742 2525 salvos
2794 2459 3030 2524 faciam
3080 2457 3331 2542 aliquos
3389 2480 3469 2524 ex
3527 2460 3687 2544 ipsis
3739 2459 4177 2527 ministerium

2226 2567 2451 2613 meum
2490 2546 2740 2611 honoro
2784 2544 2977 2610 Rom.
3028 2548 3097 2608 ll
3151 2542 3311 2629 (13).

2398 2630 2601 2697 Fides
2645 2652 2730 2696 ex
2774 2629 2999 2695 auditu
3046 2629 3263 2708 (Rom.
3322 2636 3413 2707 10,
3464 2632 3593 2705 17).

2396 2718 2540 2784 Vos
2582 2717 2654 2781 in
2699 2737 2926 2781 eorum
2970 2714 3223 2781 labores
3265 2715 3582 2781 introistis
3626 2714 3884 2791 (Ioann.
3938 2722 3999 2796 4,
4043 2721 4174 2799 38).

2307 2812 2314 2817 '
2398 2801 2773 2869 Mercedem
2818 2802 3089 2885 quisque
3126 2822 3245 2884 pro
3287 2801 3508 2866 labore
3552 2800 3852 2885 accipiet:
3899 2802 3955 2867 si
3991 2805 4177 2870 cuius

2226 2909 2391 2973 opus
2435 2887 2754 2954 manserit
2796 2887 2882 2974 (1.
2932 2885 3080 2953 Gor.
3128 2893 3187 2965 3,
3232 2889 3292 2951 8.
3350 2886 3472 2970 14).

2400 2975 2546 3059 Ego
2589 2993 2709 3057 per
2752 2994 2923 3039 evan
2972 2972 3170 3038 elium
3215 2992 3330 3037 vos
3372 2973 3572 3056 genui
3617 2971 3705 3058 (1.
3743 2972 3890 3039 Oor.
3938 2981 3999 3054 4,
4054 2974 4178 3059 15).

2395 3061 2537 3126 Vos
2582 3059 2738 3126 estis
2782 2994 3069 3144 sigillum
3108 3058 3508 3143 apostolatus
3543 3059 3672 3125 mei
3710 3061 3799 3142 (l.
3825 3058 3973 3127 Cor.
4004 3064 4062 3142 9,
4087 3063 4175 3142 2).

2361 3144 2583 3299 GOdor
2624 3147 2800 3212 vitae
2852 3146 2923 3211 in
2981 3146 3223 3224 vitam,
3279 3142 3439 3211 odor
3493 3145 3726 3210 mortis
3782 3146 3850 3211 in
3898 3154 4174 3213 mortem

2257 3237 2314 3299 2.
2421 3254 2510 3299 or.
2560 3236 2617 3311 2,
2671 3235 2797 3315 16).

2226 3232 2252 3319 (
2396 3318 2744 3384 Ministros
2787 3316 2942 3383 fecit
2984 3316 3254 3399 spiritus
3296 3317 3388 3400 (2.
3434 3315 3584 3382 Gor.
3633 3322 3690 3395 3,
3739 3319 3830 3393 8).

2395 3405 2630 3471 Posuit
2669 3404 2738 3467 in
2783 3402 2968 3468 nobis
3010 3400 3284 3468 verbum
3327 3402 3874 3469 reconciliationis
3910 3408 3999 3482 (2.
4022 3404 4173 3472 Gor.

2394 3575 2630 3658 Itaque
2674 3574 3000 3658 legatione
3043 3574 3385 3658 fungimur
3428 3576 3516 3648 (2.
3565 3572 3714 3640 Gor.
3763 3579 3823 3653 5,
3870 3574 4000 3662 20).

2393 3660 2756 3744 Sperantes
2798 3660 3207 3743 magnificari
3250 3667 3579 3725 crescente
3625 3660 3752 3725 fide
3794 3668 4019 3726 vestra
4071 3684 4175 3730 se-

2222 3746 2507 3813 cundum
2552 3753 2848 3811 nostram
2892 3743 3190 3830 regulam
3239 3748 3324 3827 (2.
3370 3744 3520 3810 Gor.
3577 3750 3670 3823 10,
3726 3749 3851 3821 15).

2397 3831 2533 3913 Qui
2575 3832 2812 3898 efficax
2866 3832 2990 3897 fuit
3043 3832 3111 3896 in
3166 3831 3368 3896 Petro
3427 3830 3508 3895 ad
3567 3830 4003 3912 apostolatum
4048 3833 4176 3898 cir-

2223 3919 2642 3985 cumcisionis
2685 3918 2755 3982 in
2799 3938 2906 3982 me
2951 3917 3079 3981 fuit
3121 3916 3356 3981 efficax
3399 3927 3517 3982 etc.
3566 3915 3743 4001 (Gal.
3793 3921 3851 3995 2,
3898 3920 3983 3992 8).

2514 4094 2634 4101 ——-

2427 4209 2488 4275 5)
2530 4208 2686 4264 Rom,
2726 4206 2775 4276 1,
2810 4205 2861 4263 5.
2935 4206 3043 4262 001.
3085 4207 3130 4270 1,
3166 4204 3249 4260 28.
3327 4205 3373 4257 2.
3413 4203 3532 4260 Gor.
3572 4203 3654 4268 11,
3691 4204 3739 4258 2.

2423 4277 2485 4338 6)
2527 4277 2650 4332 Gal.
2686 4275 2738 4345 6,
2772 4274 2823 4329 8.
2873 4274 3075 4345 Ephss.
3113 4274 3161 4340 1,
3198 4274 3282 4328 18.
3340 4275 3498 4329 Rom.
3536 4271 3582 4341 1,
3620 4272 3701 4327 16.
3754 4273 3802 4328 2.
3846 4274 3966 4329 (br.
3999 4273 4048 4339 2,
4087 4274 4170 4332 16.

2425 4346 2486 4414 7)
2520 4346 2641 4401 Hoc
2702 4345 2807 4410 scri
2848 4350 2963 4398 tum
3026 4360 3136 4398 non
3194 4344 3296 4398 fuit
3359 4344 3663 4396 absolutum
3721 4361 3768 4395 a.
3824 4344 3888 4398 D.
3943 4344 4167 4400 Calvino

2220 4417 2495 4483 (Ionem.)
2532 4443 2599 4455 -—
2641 4413 2771 4469 cod.
2810 4361 2912 4467 {08
2946 4414 3079 4468 haec
3110 4413 3296 4468 habet.-
3342 4412 3575 4480 Reliqua
3608 4411 3985 4492 desiderantur
4020 4414 4169 4482 quod

2216 4486 2360 4540 forte
2376 4485 2438 4538 O.
2476 4484 2762 4554 epistolam
2796 4499 2905 4536 non
2927 4482 3239 4536 absolverit.
3292 4481 3373 4533 At
3406 4480 3532 4533 huic
3567 4481 3827 4561 epistolae
3862 4482 3912 4533 fr
4037 4489 4166 4538 ento

2217 4554 2467 4610 chartula
2502 4552 2710 4607 adiecta
2744 4557 2830 4605 est
2877 4567 2984 4620 qua
3028 4552 3085 4604 in
3134 4550 3340 4603 duabus
3386 4550 3649 4603 columnis
3684 4549 3912 4603 collecta
4004 4558 4167 4606 erunt

2217 4642 2250 4678 a
2285 4624 2347 4680 Ο.
2381 4623 2564 4678 omnia
2595 4621 2897 4689 scripturae
2933 4620 3051 4673 loca
3137 4634 3237 4672 uae
3272 4618 3342 4671 de
3387 4617 3673 4672 ministerii
3709 4617 3945 4671 efficacia
3978 4626 4165 4689 agunt.

2214 4693 2278 4747 In
2314 4709 2425 4746 nna
2459 4693 2677 4744 exstant
2722 4688 2841 4741 loca
2888 4703 3026 4757 quae
3074 4704 3111 4757 p
3133 4687 3364 4740 utimum
3414 4687 3679 4740 efficaciae
3727 4686 4028 4741 ministerio
4065 4690 4164 4743 tri-

2215 4762 2404 4826 buunt,
2444 4775 2474 4812 e
2510 4758 2705 4827 quibus
2738 4756 2911 4810 multa
2955 4756 3044 4808 hic
3093 4772 3126 4807 a
3160 4755 3220 4810 O.
3255 4756 3488 4809 adducta
3531 4760 3681 4819 sunt,
3730 4755 3787 4807 in
3823 4757 3996 4808 altera
4030 4773 4165 4812 vero

2215 4844 2284 4884 ea
2318 4831 2539 4882 exstant
2572 4841 2711 4896 quae
2747 4824 2863 4879 Deo
2908 4824 3015 4894 ipsi
3062 4824 3165 4878 hoc
3209 4824 3524 4878 adscribunt
3558 4822 3703 4893 quod
3738 4823 3802 4876 fit
3838 4840 3868 4878 o
3912 4840 3941 4876 c
3976 4826 4162 4879 minis-

2214 4897 2362 4952 terii.
2430 4894 2591 4950 Unde
2625 4893 2914 4964 colligebat
2947 4892 3006 4947 Ο.
3044 4892 3190 4963 quod
3222 4894 3331 4946 iam
3377 4892 3592 4963 quidem
3627 4892 3684 4944 in
3720 4891 3822 4946 hoc
3880 4901 4165 4962 ragmento

2215 4969 2505 5019 notaverat
2538 4962 2635 5017 sed
2680 4967 2873 5033 postea
2917 4962 2975 5015 in
3023 4962 3374 5032 sequentibus
3422 4959 3816 5014 observandum
3854 4960 4160 5018 deleverat:

2215 5036 2284 5088 de
2318 5032 2579 5087 ministris
2615 5035 2674 5084 et
2706 5047 2892 5085 eorum
2928 5030 3201 5086 functione
3235 5030 3485 5084 bifariam
3521 5029 3669 5097 loqui
3706 5029 4027 5098 scripturam
4062 5036 4161 5088 etc.

2211 5103 2361 5158 Haec
2395 5103 2691 5156 observare
2720 5101 2897 5153 visum
2935 5105 3019 5153 est
3052 5106 3115 5152 ut
3147 5103 3336 5169 pateat
3370 5115 3478 5168 qua
3522 5097 3779 5151 methodo
3814 5097 3872 5151 Ο.
3908 5105 4162 5155 uteretur

2210 5168 2854 5307 ἑδέιὲῗῖᾁὲίοῃΐὲωέῗ
2878 5167 3685 5307 333231333230232.353
3686 5206 3700 5221 ·
3716 5166 4165 5305 ωἷὲἲᾷἒιίἰῆξὶ

2210 5308 2338 5362 inde
2371 5308 2652 5377 colligeret
2697 5306 2828 5377 quid
2876 5305 2943 5359 de
2992 5321 3056 5358 ea
3102 5304 3438 5359 sentiendum
3490 5310 3650 5359 esset.
3726 5302 3993 5359 Locorum
4027 5306 4161 5363 alle-

2205 5382 2460 5448 yatoram
2494 5375 2647 5430 sedes
2678 5390 2723 5429 s.
2759 5374 2942 5443 fontan
2974 5389 3077 5429 nos
3109 5372 3486 5430 adscribimus.

3635 5454 3737 5512 43·
