4825 6175
28 4541 32 4590 ζ
155 4541 255 4583 8οη

172 445 281 510 337

171 635 277 702 sub
318 631 562 698 ditione
612 631 870 699 Othonis
904 633 1186 701 Hem-ici.
1273 635 1441 701 Inde
1482 634 1569 702 ad
1608 657 1717 702 me
1759 636 2112 720 scripserat

177 725 261 785 13.
304 719 548 801 Martii.
650 718 962 786 Fratrem
1017 718 1301 787 habebat
1354 722 1608 788 Romae
1669 722 1938 791 nomine
1981 722 2108 788 Az-

159 806 472 890 phoneum,
519 805 634 889 qui
668 803 823 870 data
857 826 1057 891 opera
1090 806 1250 873 illuc
1288 809 1491 888 venit,
1535 816 1615 873 ut
1653 808 1842 892 pium
1889 809 2109 874 virum

168 892 411 957 tolleret
467 912 505 956 e
554 889 790 957 medio.
900 892 1281 976 Colloquuti
1338 902 1497 959 sunt
1550 894 1798 977 aliquot
1858 893 2107 960 diebus.

169 977 379 1060 Quum
436 976 710 1043 Ioannes
779 977 951 1043 nihil
1008 999 1080 1044 se
1131 981 1447 1063 proficere
1503 980 1924 1065 intelligeret,
1985 979 2108 1045 Az-

29 1150 32 1157 ,
156 1065 455 1148 plion-simi
505 1063 788 1146 reliquit.
890 1064 1022 1130 Hic
1080 1065 1397 1132 simulans
1454 1064 1702 1149 aliquid
1754 1067 1878 1132 sibi
1928 1067 2110 1132 ezei-2

167 1151 342 1229 disse,
387 1149 710 1215 famulum
753 1151 963 1215 mittit
1003 1152 1115 1233 qui
1158 1152 1428 1217 statrem
1462 1161 1728 1220 revocet
1768 1172 1845 1216 ao
1884 1153 1954 1217 16
1997 1152 2107 1216 iti-

164 1257 309 1301 nere
384 1234 757 1302 interficiat.
786 1235 869 1321 18)
991 1235 1449 1320 Subsequutus
1513 1249 1616 1303 est
1677 1237 1874 1321 paulo
1940 1244 2105 1320 post.

163 1324 258 1388 De
298 1319 496 1387 caede
539 1330 918 1405 perpetrata
960 1322 1156 1389 fidem
1202 1345 1334 1388 666
1380 1324 1613 1390 habuit
1650 1323 1932 1401 famulo,
1988 1322 2107 1388 do-

161 1429 272 1475 nec
313 1405 595 1473 cadaver
653 1418 1015 1491 spectasset
1067 1410 1226 1493 ipse.
1316 1410 1481 1474 Tum
1543 1410 1727 1493 equis
1784 1408 2108 1475 celeribus

161 1495 223 1560 16
284 1494 673 1560 comitatum
732 1493 1139 1560 Tirolensem
1182 1516 1253 1560 se
1305 1496 1643 1578 proripuit.
1744 1494 1904 1560 Dux
1956 1494 2109 1561 Otho

159 1579 555 1663 praefectum
620 1578 847 1662 palatii
913 1580 1114 1655 misit,
1178 1582 1288 1664 qui
1352 1581 1436 1646 ad
1500 1580 1890 1665 supplicium
1956 1602 2107 1646 eum

161 1665 532 1749 postularet.
622 1665 770 1730 Nisi
814 1665 1267 1732 Ferdinandus
1323 1666 1617 1732 humana
1647 1666 1897 1766 ‘omnia
1939 1664 2108 1733 divi-

160 1771 685 1902 2333&ss
703 1751 961 1904 fssisst.
987 1762 1600 1905 uffiafaffi
1622 1753 1994 1922 3332.ss
2035 1760 2108 1902 {³11⁵

159 1942 480 1990 carcerem
523 1942 595 1988 se
630 1944 766 1988 una
804 1922 998 1990 dedit.

318 2008 561 2074 Valete
615 2010 853 2075 fratres
918 2010 1256 2075 carissimi.
1363 2010 1688 2076 Dominus
1744 2008 1931 2074 Iesus
1989 2029 2108 2074 vos

155 2102 760 2263 fflperpssileialtlgg
825 2093 1136 2247 6861ιιιιῖἓὸῑιί1Θ
1172 2096 1728 2248 ffisoosciffiiffis·
1751 2093 2110 2264 165811166ξίίὲ-

39 2308 40 2311 =
154 2265 426 2332 Utinam
470 2265 819 2348 aliquando
861 2268 1031 2333 istuc
1066 2265 1378 2349 adrepere
1400 2265 1852 2350 quoquomodo
1894 2266 2102 2332 liceat.

151 2351 374 2419 Nostri
422 2373 649 2418 omnes
692 2373 809 2419 vos
852 2352 1163 2418 salutant.
1190 2354 1276 2434 ¹⁹)

1078 2489 1359 2556 Ioannes
1405 2487 1724 2557 Calvinus
1767 2496 2005 2555 vester.

313 2830 456 2897 Ubi
501 2829 856 2914 perlegeris
914 2831 1037 2896 has
1089 2829 1338 2909 literas,
1358 2827 1449 2915 ²⁰)
1492 2830 1776 2913 optarim
1820 2829 1950 2896 huc
1991 2830 2108 2896 abs

155 2924 213 2981 te
252 2915 546 2993 remitti,
603 2917 923 2997 quoniam*
966 2917 1050 2981 iis
1103 2915 1268 2980 mihi
1324 2915 1452 2980 erit
1504 2937 1670 3000 opus
1730 2918 1800 2980 in
1843 2917 2107 3000 negotio

154 3003 352 3067 nostri
402 3001 820 3069 carmelitae.
843 3003 938 3079 21)
1026 3001 1132 3066 De
1168 3000 1438 3066 Deotheo
1452 3000 1543 3086 ⁶²2)
1579 3000 1906 3066 nihildum
1952 3023 2106 3068 666-

152 3089 437 3155 tulimus.
551 3085 692 3152 Vix
758 3086 941 3154 vobis
1006 3087 1150 3153 dari
1213 3087 1471 3172 poterit.
1583 3086 1751 3154 Sum
1815 3089 2106 3154 Bernam

151 3175 358 3241 iturus
394 3194 554 3240 cum
576 3173 917 3241 Francisco
937 3173 1315 3239 Viviacensi
1346 3175 1649 3256 proxima
1686 3173 2103 3241 hebdomade.

153 3257 224 3326 Si
263 3260 437 3326 mihi
482 3259 667 3338 licet,
723 3281 841 3344 per
884 3282 1003 3327 vos
1061 3261 1186 3324 iter
1241 3258 1497 3325 faciam.
1585 3260 1839 3326 Vereor
1883 3271 2104 3326 tamen

152 3367 229 3411 ne
270 3368 406 3412 non
452 3347 717 3429 possim.
788 3345 1030 3413 Saluta
1072 3346 1315 3412 civium
1362 3346 1729 3430 magistros,
1775 3367 2105 3432 symmys-

33 3453 34 3460 ‘
152 3438 263 3512 tas,
307 3442 377 3498 et
421 3431 715 3514 reliquos
750 3433 993 3499 amicos
1028 3451 1174 3497 meo
1210 3432 1492 3497 nomine.
1559 3430 1730 3497 Vale
1766 3435 1868 3498 21.
1906 3433 2104 3516 Apri-

154 3515 226 3583 lis
267 3519 482 3585 Laus.
540 3522 721 3583 1546.

1289 3637 1474 3702 'Puus
1517 3636 1593 3703 P.
1639 3636 1930 3703 Viretus.

312 3810 525 3875 Mitto
568 3807 650 3874 ad
693 3815 762 3874 te
804 3827 985 3873 meas
1028 3806 1112 3872 ad
1140 3808 1491 3873 Tessanum

155 3893 364 3961 literas
386 3893 764 3979 reffignatas
787 3902 866 3959 ut
885 3915 996 3959 eas
1017 3892 1216 3978 legas,
1253 3891 1490 3959 deinde

153 3981 470 4065 obsignes,
511 4001 663 4046 cum
703 3978 957 4050 calvini
997 3978 1223 4045 literis.

311 4254 413 4320 18)
457 4252 608 4308 Edd.
642 4253 863 4308 habent:
913 4269 976 4305 ac
1021 4252 1165 4307 domi
1211 4252 1519 4306 interficiat.
1605 4252 1982 4323 subsequutus
2017 4261 2102 4308 est

156 4321 766 4460 dommilflfflffistolam
801 4390 942 4444 hanc
974 4396 1098 4457 post
1137 4388 1214 4443 15.
1252 4389 1434 4458 April.
1467 4394 1518 4443 et
1550 4396 1677 4443 ante
1709 4389 1796 4443 20.
1836 4394 2098 4460 scriptam

156 4472 257 4514 me
287 4477 356 4515 ex
451 4460 650 4514 urimis
683 4473 825 4528 quae
875 4459 938 4512 iii
982 4474 1053 4540 ea
1094 4462 1441 4541 attianmtur
1487 4466 1649 4540 patet,
1692 4466 1818 4514 item
1854 4475 1920 4513 ex
1951 4467 2098 4528 post·

168 4596 178 4609 ·
247 4531 257 4541 ”
308 4600 320 4611 ·
441 4530 583 4582 ireti-
624 4529 868 4652 b4bstlmt
912 4527 984 4581 ab
1029 4542 1311 4651 impigetsts
1353 4534 1466 4650 iffi?
1507 4528 1605 4581 illa
1653 4534 1916 4651 commatg

156 4605 782 4737 waiam..
800 4613 1198 4720 Ἒεῗῖὲῖαὲη.
1245 4612 1864 4735 ἲῒηῃιὲἛριῖἑΞᾏὶἒ
1947 4616 2099 4735 <2322

157 4733 275 4791 hinc
308 4751 364 4790 ae
441 4739 614 4789 antur
647 4736 710 4789 in
744 4734 863 4788 edd.
900 4750 1012 4815 noyn
1047 4736 1311 4815 lequuntur.

392 4810 413 4870 )
454 4804 871 4871 Post-emptum
919 4803 1086 4858 Vir-eti
1130 4802 1207 4884 ad
1241 4802 1521 4857 Farellum
1534 4844 1548 4869 ,
1594 4803 1670 4858 ad
1714 4819 1869 4874 quem
1913 4821 2100 4873 nempe

157 4869 279 4928 haec
308 4874 396 4928 illi
421 4889 528 4942 per
559 4873 710 4927 illius
743 4887 940 4927 manus
970 4887 1256 4940 pervenire
1291 4872 1524 4928 debebat.
1711 4943 1720 4954 ·

312 4941 411 5024 2⁸1)
449 4958 530 4996 aa
574 4942 726 4996 illius
769 4942 837 4996 de
880 4955 988 5010 quo
1031 4940 1111 4997 N.
1156 4939 1278 4995 395.
1315 4939 1434 4995 726.
1481 4939 1627 4995 7309
1668 4956 1720 4996 si
1765 4958 1956 4997 revera
2009 4943 2098 4998 hic

159 5023 307 5093 um·
332 5010 597 5132 αἰαῖκα.
675 5009 771 5064 An
812 5010 965 5064 illius
1013 5026 1169 5079 quem
1232 5026 1405 5079 supra
1449 5009 1728 5066 indoctum
1775 5012 2097 5067 monachum

161 5072 413 5215 &²523
449 5078 834 5218 ῑιῗίἰτοᾞῢίνο
868 5146 1278 5202 Lausannemi.

293 5454 519 5511 cama·
542 5471 727 5526 opera.
812 5456 923 5512 Vol.
961 5455 1106 5511 ΧΠ.

1907 450 2068 512 1546
2112 446 2421 516 APRIL.

4055 461 4184 526 338

3116 638 3269 709 792.

2717 789 3190 860 GALVINUS
3233 794 3673 863 PERRINO.

2389 959 2785 1027 Persuadere
2838 962 2941 1028 illi
2982 970 3242 1030 conatur
3281 971 3354 1031 ut
3392 968 3745 1035 consistorii
3785 972 4177 1039 iurisdictio-—

2212 1066 2353 1112 nem
2394 1052 2687 1130 aquosoat
2719 1053 2777 1113 et
2817 1049 3214 1133 castigationi
3255 1072 3322 1117 se
3363 1054 3698 1135 submittat,
3745 1062 3802 1121 et
3844 1078 4028 1123 suam
4072 1060 4171 1140 ip-

2204 1132 2700 1300 ᾓᾝωΐῶὼ
2738 1133 3101 1215 firmitatem
3155 1142 3211 1202 et
3256 1141 3666 1206 constantiam
3700 1142 3863 1221 flecti
3896 1145 4172 1211 nesciam

2208 1389 2402 1457 (Manu
2453 1389 2660 1512 scrigga
2713 1406 2824 1443 non
2876 1396 3073 1445 exstat.
3168 1392 3254 1446 Ex
3297 1394 3492 1461 gallico
3536 1411 3750 1450 versam
3797 1399 3946 1452 Beza
3992 1400 4169 1455 edidit

2213 1459 2416 1512 Genev.
2469 1475 2523 1527 p.
2630 1499 2642 1524 ,
2698 1459 2858 1514 Laus.
2902 1478 2956 1529 p.
2999 1459 3113 1528 170,
3172 1461 3385 1515 Hanov.
3435 1480 3487 1531 p.
3527 1462 3645 1533 191,
3698 1464 3910 1520 Obouet
3955 1485 4008 1538 p.
4046 1468 4162 1536 117,

2403 1527 2578 1581 Amst.
2616 1543 2667 1596 p.
2703 1526 2790 1582 53.
2859 1529 3089 1599 Anglice
3124 1547 3280 1583 versa
3312 1531 3511 1595 legitur
3546 1533 3607 1585 Τ.
3644 1533 3712 1586 11.
3748 1552 3802 1604 p.
3839 1534 3956 1601 42.)

2380 1714 2726 1780 Lubenter
2768 1725 2833 1781 te
2876 1718 3343 1797 convenissem,
3402 1719 3486 1785 D.
3533 1719 3911 1804 Capitanee,
3939 1727 3991 1801 ¹)
4036 1727 4163 1793 nisi

2211 1800 2405 1866 aliter
2450 1800 2759 1885 expedire
2795 1803 2957 1867 mihi
3001 1805 3218 1868 visum
3260 1816 3462 1870 esset:
3519 1827 3782 1873 causam
3828 1830 3948 1874 suo
3992 1820 4158 1877 tem-

2208 1907 2366 1970 pore
2410 1896 2479 1951 et
2520 1886 2662 1951 loco
2705 1888 2932 1953 audire
2987 1909 3069 1954 ex
3129 1911 3236 1955 me
3276 1890 3514 1957 licebit.
3606 1891 3957 1976 Optassem
3999 1918 4161 1964 vero

2208 1982 2285 2036 ut
2312 1982 2379 2036 te
2406 1973 2688 2038 stitisses
2730 1975 3131 2055 consistorio,
3177 1997 3304 2058 quo
3348 1976 3492 2042 aliis
3528 1979 3830 2063 exemplo
3854 1984 4161 2065 praeires.

2212 2056 2436 2138 Quum
2479 2059 2548 2122 in
2594 2080 2670 2123 eo
2720 2059 2966 2142 aliquid
3020 2059 3462 2127 desideratum
3506 2066 3619 2140 sit,
3681 2066 3849 2147 quod
3902 2077 3971 2131 tu
4028 2070 4164 2134 for-

2210 2154 2384 2209 tasse
2425 2144 2797 2209 admonitus
2839 2167 2970 2211 non
3014 2166 3223 2226 esses,
3283 2158 3605 2230 optassem
3665 2152 3898 2217 saltem
3957 2164 4023 2217 te
4080 2155 4166 2220 ad

2212 2238 2577 2294 extremam
2620 2232 2999 2297 concionem
3044 2232 3269 2299 adesse
3314 2234 3523 2311 hodie,
3569 2247 3643 2300 ut
3676 2237 3812 2303 11116
3847 2239 4164 2322 syndicus

2217 2313 2494 2382 Cernetis
2537 2324 2605 2379 et
2647 2335 2768 2399 ego
2812 2326 3029 2381 tecum
3066 2340 3425 2403 ageremus.
3493 2320 3687 2386 Unde
3725 2325 3985 2390 steterit
4026 2347 4162 2391 non

2209 2399 2434 2465 video:
2481 2399 2648 2466 illud
2690 2421 2849 2466 vero
2893 2410 2958 2467 te
3001 2405 3378 2470 existimare
3423 2407 3587 2485 volo,
3632 2429 3764 2473 non
3807 2429 3997 2492 posse
4041 2428 4175 2477 nos¹

2211 2486 2307 2551 uti
2351 2485 2642 2568 pondere
2686 2506 2762 2551 ac
2803 2487 3106 2569 pondere,
3151 2499 3348 2573 atque
3391 2491 3629 2575 impari
3664 2495 3947 2560 bilance:
3994 2507 4061 2562 et
4104 2500 4162 2562 61

2209 2574 2280 2637 16
2325 2575 2470 2636 iure
2514 2572 2943 2655 aequabilitas
2984 2572 3327 2639 retinenda
3369 2589 3498 2655 est,
3563 2600 3698 2645 non
3741 2591 3959 2664 potest
4002 2602 4159 2648 sane

2208 2658 2278 2723 in
2353 2657 2629 2724 ecclesia
2681 2657 2810 2722 Dei
2864 2657 3362 2743 inaequabilitas
3418 2664 3701 2730 tolerari.
3804 2665 3970 2747 Quis
4036 2671 4156 2733 sim

2210 2754 2328 2808 aut
2368 2745 2509 2826 ipse
2553 2744 2698 2823 6616,
2743 2754 2858 2809 aut
2899 2745 3066 2810 scire
3109 2746 3341 2811 saltem
3385 2747 3612 2815 debes:
3673 2752 3733 2815 is
3777 2773 4012 2837 nempe
4056 2757 4163 2821 cui

2209 2830 2302 2894 ita
2344 2828 2525 2895 cordi
2564 2831 2652 2895 sit
2694 2831 2799 2895 ius
2842 2831 3138 2896 coelestis
3182 2832 3345 2911 heri,
3390 2842 3464 2897 ut
3506 2835 3589 2899 ab
3630 2836 3742 2900 illo
3786 2848 3966 2904 recta
4008 2860 4162 2905 eon-

2210 2915 2489 2981 scientia
2532 2915 2882 2981 asserendo
2939 2916 3185 2983 nullius
3245 2919 3539 2984 mort-alis
3583 2942 3780 2986 causa
3824 2924 4162 2991 dimoven-

2211 3000 2334 3066 dus
2380 3001 2524 3066 sim.
2591 3000 2743 3066 Alio
2780 3011 2846 3065 te
2880 3011 3176 3085 spectare
3210 3004 3353 3087 ipse
3387 3026 3517 3070 non
3553 3007 3789 3072 sentio:
3836 3010 3950 3073 sed
3994 3011 4164 3076 illud

2210 3085 2516 3166 adverto,
2573 3087 2644 3152 in
2705 3108 2829 3152 sua
2882 3110 3081 3155 causa
3145 3111 3381 3173 parum
3446 3093 3778 3158 oculatum
3837 3116 4163 3180 quemque

2210 3194 2370 3240 6666.
2461 3171 2809 3256 Quantum
2854 3174 2940 3238 ad
2980 3196 3087 3240 me
3131 3177 3399 3255 attinet,
3455 3178 3526 3242 in
3570 3178 3694 3244 hoc
3737 3180 4002 3262 quidem
4044 3203 4162 3247 ne·-

2209 3261 2385 3345 gotio
2452 3279 2585 3324 non
2646 3267 2910 3324 tantum
2976 3261 3284 3328 ecclesiae
3343 3261 3775 3330 aedificationi
3842 3276 3907 3331 et
3962 3266 4162 3332 saluti

2209 3355 2378 3424 tuae,
2425 3345 2541 3411 sed
2587 3346 2785 3410 etiam
2830 3346 3170 3412 commodo
3211 3357 3360 3428 tuo,
3418 3352 3667 3414 nomini
3720 3359 3789 3415 et
3831 3353 3964 3418 otio
4008 3374 4162 3419 con-

2210 3431 2461 3497 sultum
2515 3432 2726 3514 cupio.
2827 3431 3046 3512 Quam
3104 3434 3282 3498 enim
3337 3434 3637 3501 odiosum
3692 3437 3818 3501 erit
3840 3511 3847 3517 ,
3872 3438 4045 3521 quod
4088 3443 4161 3504 in

2210 3528 2276 3582 te
2327 3516 2846 3582 redundaturum
2899 3527 3032 3596 est,
3091 3520 3280 3602 quasi
3333 3541 3373 3584 a
3413 3521 3558 3586 iure
3611 3525 3974 3605 communi,
4035 3547 4164 3609 quo

2210 3623 2404 3668 nemo
2447 3622 2583 3668 non
2624 3612 2908 3682 tenetur,
2952 3603 3119 3670 liber
3160 3613 3227 3670 et
3273 3606 3528 3671 solutus
3571 3628 3765 3674 esses.
3855 3611 4164 3677 Praestat

2209 3708 2367 3754 vero
2409 3709 2528 3772 pro
2585 3708 2730 3754 meo
2787 3690 2857 3754 16
2910 3701 2977 3754 te
3033 3691 3248 3756 studio
3304 3692 3668 3775 perieulum
3721 3706 4158 3777 praevertere,

2209 3795 2406 3857 quam
2451 3783 2526 3838 ut
2566 3775 2682 3840 1116
2723 3774 2840 3839 tibi
2889 3786 3044 3841 nota
3082 3778 3446 3861 infligatur:
3504 3801 3662 3844 sane
3720 3778 3941 3846 audivi
3988 3782 4161 3866 quod

2209 3879 2295 3923 ex
2339 3858 2534 3924 domo
2576 3868 2696 3925 tua
2729 3860 3061 3942 prodierit,
3107 3883 3405 3929 caverem
3440 3865 3763 3945 videlicet,
3809 3889 3894 3932 66
3934 3869 4156 3951 ignem

2207 3947 2493 4028 sopitum
2538 3946 2912 4023 excitarem,
2959 3968 3044 4011 ne
3086 3948 3357 4031 perinde
3400 3950 3562 4015 mihi
3604 3963 3798 4034 atque
3840 3965 3995 4018 ante
4040 3976 4160 4018 an-

2208 4053 2368 4096 num
2428 4032 2779 4114 septimum
2841 4033 2963 4098 hoc
3021 4033 3225 4099 cedat.
3327 4035 3463 4100 Sed
3519 4036 3765 4102 nullius
3818 4050 3974 4104 sunt
4015 4060 4158 4104 mo-

2207 4118 2412 4180 menti
2455 4137 2645 4182 voces
2689 4117 2840 4181 illae
2885 4118 3060 4200 apud
3100 4141 3223 4185 me.
3313 4120 3539 4203 Neque
3584 4124 3761 4187 enim
3813 4124 4158 4191 Genevam

2206 4201 2370 4266 redii
2418 4203 2523 4267 vel
2560 4202 2677 4267 otii
2713 4204 2817 4268 vel
2854 4215 3162 4287 quaestus
3198 4227 3410 4284 causa,
3450 4229 3658 4290 neque
3693 4231 3957 4274 rursum
3993 4210 4157 4276 mihi

2205 4285 2555 4354 dolendum
2637 4290 2765 4353 erit
2825 4311 3029 4372 quum
3102 4291 3379 4356 Geneva
3426 4297 3580 4378 ⁴erit
3658 4294 4156 4377 egrediundum.

2204 4373 2636 4439 Commodum
2680 4382 2749 4438 et
2791 4375 2969 4439 salus
3013 4377 3321 4452 ecclesiae
3359 4377 3427 4442 et
3469 4379 3754 4446 civitatis
3797 4381 3964 4446 mihi
4007 4382 4157 4447 red·

2204 4459 2404 4524 eundi
2450 4462 2745 4524 animum
2803 4460 2997 4526 dedit.
3102 4465 3201 4528 Ae
3256 4466 3309 4527 si
3367 4460 3449 4527 de
3501 4485 3606 4529 me
3661 4487 3794 4530 uno
3850 4477 4159 4550 ageretur

2203 4566 2396 4622 nunc,
2444 4546 2746 4611 omnibus
2789 4547 2992 4611 semel
3047 4548 3294 4613 dictum
3351 4549 3585 4615 vellem
3641 4550 3873 4633 quibus
3918 4552 4160 4619 moles·

2202 4641 2311 4697 tus
2355 4653 2500 4696 esse
2552 4632 2816 4712 videor,
2870 4631 3040 4716 quod
3094 4635 3253 4700 facis
3310 4635 3412 4701 fac
3468 4638 3681 4702 citius.
3769 4638 3972 4720 Atqui
4019 4659 4156 4705 non

2201 4718 2439 4783 efficiet
2493 4716 2609 4781 illa
2665 4718 3079 4801 quorundam
3130 4720 3492 4805 indignitas
3549 4731 3616 4786 et
3671 4723 3975 4807 ingratus
4019 4725 4157 4788 ani-

2199 4824 2364 4880 mus,
2404 4811 2484 4867 ut
2516 4803 2729 4869 officio
2764 4803 2991 4882 desim,
3027 4819 3224 4889 atque
3258 4805 3554 4872 studium
3588 4807 3750 4873 illud
3786 4830 3944 4893 erga
3978 4809 4156 4874 hunc

2221 5094 2367 5150 ¹792.
2408 5097 2462 5160 l)
2500 5093 2785 5149 Amadcus
2816 5094 3064 5165 (Amica)
3101 5094 3407 5163 Fen-iiius,
3457 5094 3683 5150 Claudii
3712 5096 3897 5167 filius,
3942 5096 4058 5152 iam
4091 5116 4148 5153 a.

2203 5162 2338 5218 1527
2373 5164 2731 5219 ducentem
2764 5165 2991 5219 censaio
3024 5164 3358 5234 adea-ipim,
3387 5171 3587 5233 postea
3618 5165 3798 5220 van’ie
3829 5167 4150 5224 mmn‘bus

2200 5232 2408 5301 alaonis,
2446 5233 2811 5289 calvinianae
2837 5235 3028 5303 partie
3059 5235 3269 5290 assecla
3284 5233 3405 5288 ideo
3542 5251 3597 5288 a.
3620 5234 3756 5288 1538
3785 5242 3985 5291 senatu
4010 5238 4146 5306 pul-

2202 5317 2317 5368 sus,
2352 5303 2468 5358 iam
2500 5318 2765 5359 comorsa
2795 5319 2980 5358 reram
3010 5304 3183 5371 facie,
3230 5321 3286 5358 a.
3328 5304 3349 5354 1
3432 5306 3453 5354 1
3495 5303 3841 5371 Capitaneus
3870 5308 4150 5375 qemi-alis

2202 5376 2443 5441 creatus,
2479 5389 2534 5428 a.
2572 5371 2708 5427 1545
2740 5372 3005 5444 syndicum
3037 5372 3211 5441 (Vide
3242 5371 3466 5427 omino
3502 5371 3706 5439 Galiffe
3738 5375 3770 5427 l.
3806 5374 3889 5443 L).
4070 5375 4075 5380 ’
