4825 6175
191 450 294 517 329

187 631 493 715 accepisse
534 650 701 715 quae
742 629 1053 729 feruntur
1087 625 1168 692 de
1211 645 1562 727 progressu
1598 620 1924 707 evangelii
1958 639 2126 704 quae

191 721 262 787 ad
314 718 595 783 Vir-etum
638 734 871 799 scripsi
914 712 997 777 ad
1041 720 1109 778 te
1152 709 1492 777 mittenda.

1220 847 1523 914 Farellus
1564 853 1719 912 tuus
1759 851 1954 910 totus.

1039 1144 1254 1151 --υ-,-.----.ο--φ
1279 1144 1316 1149 Γ...
1333 1144 1366 1148 Α.

1082 1360 1237 1432 789.

648 1512 1178 1583 ZERKINTES
1222 1509 1656 1581 OALVINO.

348 1688 688 1773 Neyotium
726 1689 891 1771 quod
931 1687 1059 1754 sibi
1101 1709 1144 1753 a
1183 1684 1421 1753 Senatu
1460 1689 1516 1750 et
1554 1682 1815 1750 Calvino
1853 1681 2137 1747 commis-

171 1798 314 1844 sum
354 1777 577 1859 fuerat
621 1794 876 1841 curasse
920 1778 1196 1841 testatm.
1293 1770 1543 1836 Turbae
1590 1768 1871 1834 Genevae
1911 1767 2136 1834 acita-

174 1869 271 1931 tas
312 1861 738 1928 moderatione
778 1859 973 1926 huius
1013 1860 1298 1926 sedatum
1339 1858 1429 1923 iri
1469 1859 1638 1939 optat
1677 1859 1736 1921 et
1774 1858 2005 1935 sperat.

491 2031 598 2096 (Ex
634 2029 975 2100 autographo
1010 2029 1139 2085 Cod.
1177 2028 1380 2083 Genev.
1418 2026 1538 2093 114,
1575 2026 1666 2081 fol.
1702 2022 1845 2092 127.)

169 2206 437 2272 Pietate
483 2213 549 2268 et
593 2200 956 2269 eruditione
999 2199 1549 2266 excellentissimo
1593 2198 1738 2264 viro
1779 2198 1865 2262 D.
1901 2195 2142 2261 Ioanni

167 2290 460 2358 Calvino
516 2288 935 2355 Genevensis
991 2286 1298 2353 ecclesiae
1355 2284 1633 2351 antistiti
1690 2281 2143 2350 cordatissime

569 2373 833 2440 domino
876 2380 946 2438 et
987 2373 1195 2440 amico
1238 2368 1750 2453 incomparabili.

343 2511 425 2579 S.
492 2512 656 2578 Feci
711 2510 884 2594 quod
943 2518 1211 2576 senatus
1257 2507 1671 2574 Genevensis
1727 2514 1794 2571 et
1837 2514 1911 2570 tu
1953 2524 1994 2568 a
2035 2524 2141 2569 me

51 2656 52 2659 ,
163 2600 485 2684 petiistis.
514 2598 566 2682 ¹)
652 2596 718 2662 N
718 2618 804 2661 on
860 2617 982 2680 ego
1037 2593 1301 2678 quidem
1360 2597 1500 2678 ipse
1516 2643 1532 2672 ,
1588 2591 1703 2658 sed
1762 2591 2143 2674 Coppetano

161 2684 471 2752 curatori
514 2682 912 2766 scribaeque,
972 2701 1250 2765 quorum
1293 2688 1495 2746 testes
1536 2677 1942 2762 producendi
1987 2674 2144 2741 sub-

162 2772 285 2836 diti
349 2776 557 2849 sunt,
630 2789 750 2852 per
807 2767 1036 2833 literas
1091 2766 1352 2831 iniunxi
1408 2771 1487 2831 ut
1539 2766 1706 2830 citra
1761 2762 2144 2829 dilationem

157 2879 304 2924 rem
365 2875 644 2923 omnem
699 2860 937 2920 curent
995 2874 1188 2936 quam
1244 2852 1762 2937 diligentissime.
1852 2848 1928 2915 Si
1987 2847 2144 2933 quid

156 2952 525 3026 praeterea
563 2949 663 3006 est
705 2938 879 3024 quod
921 2960 1069 3004 mea
1112 2939 1398 3003 tenuitas
1432 2957 1549 3021 pro
1582 2945 1650 3002 te
1693 2936 1950 3019 tuisque
1991 2954 2143 3018 pos-

151 3031 258 3110 sit,
324 3046 735 3114 persuasum
786 3026 1026 3093 habeto
1083 3025 1395 3091 libentius
1456 3044 1654 3108 quam
1712 3020 2144 3087 libentissime

51 3149 54 3182 ÷
153 3136 450 3200 operam
496 3134 605 3179 me
649 3112 987 3191 daturum,
1047 3133 1131 3177 ne
1176 3110 1335 3196 quid
1379 3110 1577 3176 officii
1620 3110 1692 3173 111
1735 3129 1843 3174 me
1888 3105 2143 3174 deside-

51 3247 54 3250 -
145 3212 366 3268 retur.
452 3198 827 3265 Tui-barum
841 3201 899 3276 ²)
943 3197 1187 3280 aliquid
1229 3198 1407 3261 inter
1450 3217 1569 3262 vos
1605 3197 1962 3261 excitatum
2007 3215 2145 3259 non

149 3290 301 3353 sine
351 3305 632 3353 summo
676 3284 902 3351 dolore
945 3284 1154 3349 audio.
1247 3282 1342 3361 Si,
1388 3302 1518 3365 qua
1560 3302 1631 3347 es
1676 3281 1879 3346 animi
1921 3279 2145 3345 mode-

146 3375 430 3441 ratione
482 3380 555 3438 et
594 3369 967 3455 prudentia,
1009 3369 1258 3436 mederi
1296 3371 1393 3434 rei
1429 3366 1673 3451 alioqui
1707 3371 1778 3432 in
1815 3365 2147 3450 republica

146 3458 777 3543 perniciosissimae
810 3466 1016 3542 potes,
1051 3457 1152 3522 fac
1175 3475 1403 3520 omnes
1432 3474 1675 3538 quaeso
1711 3453 1940 3530 sciant,
1977 3452 2147 3517 filios

51 3579 52 3584 ¹
145 3548 338 3629 pacis
389 3565 552 3611 esse
593 3544 762 3609 filios
805 3544 966 3622 Dei,
1023 3554 1091 3607 te
1131 3562 1292 3607 vero
1348 3542 1584 3606 horum
1639 3559 1773 3604 non
1817 3539 2147 3605 doctorem

149 3641 441 3698 tantum
506 3629 625 3696 sed
683 3630 1188 3714 antesignanum
1245 3635 1352 3708 (ut
1394 3626 1493 3713 es)
1538 3645 1855 3710 perquam
1894 3625 2147 3708 conspi-

150 3739 384 3798 cuum,
439 3718 566 3801 qui
609 3717 751 3783 vita
805 3717 1114 3782 universa
1167 3735 1243 3779 eo
1286 3713 1640 3779 contendat
1694 3719 1773 3776 ut
1826 3733 1958 3794 pax
2014 3710 2148 3794 pri-

148 3827 346 3870 mum
415 3803 686 3869 011116ῒὶ
737 3802 809 3866 111
868 3801 1169 3878 ecclesia,
1243 3798 1480 3865 deinde
1535 3798 1750 3863 civilis
1808 3795 2151 3863 concordia

147 3900 512 3974 perpetuo
589 3897 1034 3955 conservetur.
1141 3886 1483 3952 Hactenus
1562 3905 1674 3950 sus
1751 3884 2149 3949 Minervam.

144 3979 245 4042 At
280 3998 474 4043 vero
512 3984 633 4040 tua
664 3974 948 4040 facilitas
981 3993 1370 4056 summaque
1404 3971 1608 4035 animi
1641 3969 1880 4035 lenitas
1904 3967 2171 4048 Christi,

147 4063 410 4145 spiritu
464 4070 544 4127 et
585 4059 958 4126 humilitate
1010 4058 1264 4123 imbuta
1320 4059 1414 4122 ita
1470 4054 1646 4121 haud
1702 4055 1902 4120 dubie
1945 4075 2151 4138 aequo

146 4149 390 4214 animo
443 4166 536 4213 ac
581 4147 650 4211 in
705 4147 941 4211 bonam
1001 4153 1257 4229 partem
1315 4142 1873 4227 interpretabitur.
1961 4140 2148 4206 Vale.

145 4233 570 4301 Novioduni
621 4237 718 4297 17.
763 4232 1012 4316 Aprilis
1063 4235 1244 4296 1546.

1316 4367 1502 4431 Tuus
1545 4386 1626 4429 ex
1672 4363 1893 4429 animo

1222 4452 1288 4517 N
1290 4452 1535 4518 icolaus
1574 4449 1978 4516 ZerchinteS.

329 4632 651 4697 Praeses
674 4626 1046 4694 Sabaudiae
1080 4647 1348 4693 causam
1382 4626 1590 4710 Regis
1631 4642 1844 4705 neque
1887 4642 2006 4704 per
2039 4639 2152 4684 eos

147 4719 489 4783 homines
557 4736 720 4798 quos
775 4714 1077 4780 volebam
1146 4733 1357 4796 neque
1410 4733 1488 4777 eo
1555 4707 1746 4775 modo
1802 4709 1966 4792 agit:
2038 4704 2154 4771 sed

151 4807 298 4885 ipse
347 4802 641 4867 viderit.

173 4976 324 5030 ¹789.
365 4975 437 5042 1)
495 4971 669 5041 Quod
701 4971 837 5042 quid
866 4971 1040 5038 fuerit
1072 4970 1355 5026 nescimus.
1426 4968 1706 5038 Agebatur
1738 4967 1857 5020 sine
1891 4964 2057 5020 dubw
2091 4965 2159 5019 de

149 5061 335 5101 eausa
374 5045 606 5113 aliqua
633 5041 861 5107 forensi,
898 5042 960 5095 in
993 5056 1104 5110 qua
1138 5046 1296 5094 testes
1310 5038 1682 5092 Bemmeibus
1706 5035 1916 5090 subditi
1944 5034 2158 5115 magud:

151 5121 337 5170 erant.
405 5110 716 5168 Goniicere
749 5111 910 5165 etiam
938 5111 1125 5178 possis
1158 5110 1292 5164 haec
1322 5108 1526 5172 referri
1558 5106 1744 5161 debere
1779 5104 1857 5158 ad
1887 5109 2159 5172 nequitum

153 5184 220 5238 de
255 5182 543 5252 capitulo
587 5177 643 5232 S.
689 5178 923 5234 Victoris
956 5179 1203 5233 nondum
1233 5178 1456 5246 penitus
1489 5176 1794 5231 absolutum
1830 5173 1980 5238 (vide
2020 5171 2154 5240 Req.

155 5253 234 5308 du
278 5251 552 5308 Consta.
593 5246 642 5300 8.
682 5248 926 5313 Martii).

371 5321 442 5388 2)
497 5317 751 5372 Causam
787 5316 947 5371 Petri
970 5316 1241 5382 Ameana,
1274 5314 1390 5368 nisi
1417 5312 1683 5379 fallimur,
1715 5313 1918 5382 innuit,
1951 5313 2013 5366 in
2046 5326 2159 5381 qua

158 5389 211 5446 d.
248 5390 303 5446 8.
340 5387 605 5461 Aprilis
635 5386 901 5441 iudicium
936 5393 1158 5440 senatus
1186 5382 1591 5454 promulqatum
1621 5381 1749 5447 fuit.

1921 434 2081 497 1546
2127 397 2439 495 AP'RIL.

4057 414 4195 475 330

3124 606 3278 679 79⁰.

2622 762 2974 830 OALVIN
3018 763 3081 827 A
3126 762 3219 827 M.
3264 760 3393 826 DE
3436 756 3803 826 FALAIS.

2408 934 2460 999 I
2463 934 2487 1000 Z
2526 935 2622 1001 lui
2664 935 2872 1001 envoie
2890 932 3237 1017 z’Apozoyie
3256 931 3610 1012 demandee,
3653 931 3749 997 lui
3768 931 4197 997 recommendo

2233 1022 2510 1105 l'affaire
2564 1021 2654 1086 du
2710 1019 2813 1085 Sr.
2873 1018 3169 1097 Nicolas,
3213 1023 3477 1100 portem
3527 1018 3604 1084 de
3657 1017 3723 1083 la
3765 1018 4078 1100 presente,
4134 1021 4193 1083 et

2237 1109 2440 1191 njoute
2480 1127 2602 1172 une
2643 1105 2809 1171 serie
2841 1107 2918 1172 de
2950 1104 3256 1172 nouvelles
3299 1124 3415 1169 sur
3447 1103 3802 1187 differentes
3830 1123 4194 1185 persomme.

2241 1277 2628 1348 (Antogrnpho
2675 1277 2744 1331 αθ
2787 1277 2845 1330 la
2875 1276 3019 1331 nnn.
3081 1275 3150 1330 de
3195 1272 3433 1329 seneve.
3479 1275 3601 1330 v01.
3650 1273 3769 1341 194,
3805 1275 3894 1330 fol.
3929 1251 4016 1331 es.
4084 1274 4194 1331 Im·

2237 1346 2414 1418 prime
2450 1347 2587 1401 dans
2620 1345 2868 1400 l'edition
2904 1344 3135 1400 d’Amst.
3210 1385 3221 1396 .
3254 1341 3327 1397 49
3405 1344 3540 1397 dans
3588 1345 3667 1397 les
3703 1345 3922 1398 Lettres
3957 1344 4024 1401 fr.
4059 1343 4105 1398 Ι.
4139 1360 4197 1413 p.

2734 1413 2835 1468 147
2871 1423 2932 1469 et
2963 1430 3033 1468 en
3068 1430 3174 1483 aug
3231 1412 3274 1465 ‘s
3310 1386 3371 1467 1³.
3405 1412 3476 1467 11.
3512 1429 3566 1482 p.
3602 1410 3714 1481 33.)

2530 1602 2596 1667 A
2637 1600 3111 1686 Monseigneur
3152 1601 3495 1667 Monsieur
3537 1598 3618 1666 de
3660 1600 3905 1667 Fallez.

2410 1738 2901 1823 Monseigneur,
2945 1758 3111 1805 vous
3152 1758 3383 1804 verrez
3437 1739 3545 1824 icy
3597 1758 3673 1804 ce
3716 1758 3843 1821 que
3885 1740 3995 1823 iay
4037 1738 4196 1806 faict

2244 1823 2540 1891 desirant
2598 1823 2679 1889 de
2734 1844 2901 1890 vous
2955 1821 3378 1907 obtemperer.
3406 1827 3453 1903 ¹)
3553 1822 3628 1888 Ie
3691 1845 4013 1909 noseroye
4078 1846 4198 1909 pas

2240 1930 2348 1975 me
2391 1919 2760 1993 promectre
2803 1909 2943 1992 quil
3072 1911 3166 1975 ait
3206 1910 3464 1994 (166116)γ
3504 1930 3676 1993 pour
3715 1930 3882 1976 vous
3925 1922 4199 1977 conten-

2242 2005 2363 2061 ter.
2452 1995 2513 2060 Il
2561 2016 2666 2061 me
2709 1996 2939 2061 suffira
2981 1932 3137 2061 bien
3181 1996 3239 2061 si
3281 2017 3444 2062 vous
3498 2016 3658 2060 avez
3713 2005 3886 2062 ceste
3929 2017 4201 2080 persua-

2244 2083 2389 2147 sion
2431 2080 2568 2164 quil
2621 2103 2710 2147 na
2763 2103 2882 2165 pas
2937 2092 3097 2147 tenu
3153 2103 3277 2165 que
3326 2084 3388 2148 ie
3444 2103 3682 2147 neusse
3739 2083 3868 2148 bon
3926 2083 4200 2148 vouloir.

2246 2167 2320 2233 Ie
2374 2167 2592 2232 crains
2645 2167 2797 2233 bien
2854 2188 2981 2250 que
3046 2188 3216 2234 vous
3269 2190 3362 2252 ny
3435 2169 3730 2234 trouviez
3788 2190 3907 2252 pas
3958 2188 4032 2234 ce
4075 2191 4203 2253 que

2244 2274 2411 2319 vous
2457 2253 2639 2318 aviez
2683 2251 2970 2318 attendu.
3060 2252 3234 2318 Mais
3290 2275 3365 2319 ce
3420 2262 3570 2319 nest
3671 2275 3742 2319 as
3792 2255 4013 2319 raison
4071 2276 4205 2339 que

2245 2339 2308 2405 ie
2351 2348 2539 2422 porte
2580 2338 2647 2403 la
2689 2338 2895 2403 faulte
2936 2337 3023 2403 du
3061 2346 3210 2422 trop
3254 2350 3452 2423 grant
3495 2360 3603 2405 cre
3649 2342 3703 2405 it
3745 2362 3871 2423 que
3904 2340 3967 2405 16
4001 2361 4200 2424 pour-

2247 2425 2381 2491 rois
2426 2424 2612 2489 avoir
2655 2443 2893 2491 envers
2937 2445 3116 2490 vous.
3206 2424 3283 2490 Si
3337 2426 3552 2491 ieusse
3609 2435 3746 2492 este
3803 2426 4060 2509 dispose
4118 2425 4201 2492 de

2244 2531 2355 2575 ma
2396 2531 2740 2593 personne,
2786 2519 2854 2574 et
2895 2531 3021 2593 que
3064 2510 3279 2576 ieusse
3323 2530 3406 2576 eu
3463 2511 3702 2596 loysir‚
3759 2512 4042 2595 possible
4100 2523 4201 2577 est

2246 2618 2373 2680 que
2415 2597 2630 2662 ieusse
2671 2595 2919 2662 misulx
2974 2594 3148 2662 faict.
3237 2596 3412 2662 Mais
3468 2598 3620 2680 puis
3677 2618 3806 2680 que
3862 2619 3968 2664 ces
4024 2598 4205 2664 deux

2246 2681 2477 2750 choses
2518 2690 2706 2747 mont
2747 2680 3058 2765 deffailly,
3102 2682 3165 2746 ie
3207 2703 3374 2748 vous
3409 2702 3573 2767 prye
3608 2684 3747 2766 quil
3789 2704 3952 2750 vous
3994 2685 4204 2768 plaise

2245 2789 2352 2834 me
2396 2769 2572 2832 tenir
2614 2788 2782 2850 pour
2824 2788 3082 2834 excuse.
3149 2766 3213 2831 Il
3256 2787 3342 2833 ne
3384 2777 3602 2834 meust
3645 2791 3763 2853 pas
3798 2778 3945 2836 tant
3979 2780 4202 2836 couste

2248 2854 2330 2919 de
2371 2853 2646 2938 remplir
2700 2853 3034 2936 beaucoup
3089 2853 3241 2937 plus
3307 2852 3389 2919 (16
3446 2855 3701 2937 papier,
3756 2857 3922 2921 mais
3976 2856 4040 2923 ie
4095 2878 4203 2922 me

2248 2941 2387 3005 suis
2443 2939 2699 3005 estudie
2753 2961 2794 3004 a
2848 2947 3025 3005 estre
3078 2940 3280 3018 brief,
3346 2950 3628 3024 pensant
3684 2942 3818 3023 quil
3871 2963 3965 3026 ny
4025 2942 4205 3008 avoit

2247 3027 2392 3092 rien
2435 3025 2735 3092 meilleur
2751 3075 2766 3106 ‚
2825 3025 3172 3093 attendant
3227 3026 3294 3092 la
3347 3047 3674 3110 personne
3732 3046 3773 3091 a
3826 3028 3940 3111 qui
3980 3027 4205 3094 lescrit

2247 3112 2563 3178 sadresse.
2652 3111 2715 3177 Il
2757 3133 2846 3177 na
2886 3134 3006 3196 pas
3050 3112 3297 3179 semble
3341 3111 3527 3179 advis
3572 3135 3611 3179 a
3658 3112 3877 3179 Sainct
3908 3114 4130 3181 Andre
4143 3117 4202 3195 2)
4308 3127 4316 3134 ·

2249 3198 2386 3282 quil
2429 3221 2474 3283 y
2517 3206 2782 3265 maneat
2825 3199 2987 3277 rien,
3031 3200 3221 3264 sinon
3266 3219 3392 3282 que
3446 3208 3667 3265 estant
3712 3221 3885 3265 venu
3930 3222 4014 3266 au
4054 3222 4205 3284 pas-

2250 3305 2407 3369 sage
2452 3283 2533 3349 de
2578 3293 2799 3350 vostre
2857 3286 3180 3364 retraicte,
3202 3288 3261 3355 ⁸)
3303 3306 3472 3351 vous
3515 3286 3813 3370 pourriez
3856 3286 4126 3352 insister
4170 3307 4211 3352 a

2251 3368 2557 3436 desduire
2596 3390 2718 3453 par
2777 3369 2842 3436 le
2884 3393 3083 3437 menu
3147 3371 3243 3436 les
3282 3372 3550 3456 voiages
3609 3392 3734 3454 que
3774 3393 3942 3438 vous
3984 3371 4209 3438 feistes

2250 3455 2522 3540 adoncq.
2610 3456 2856 3542 Iavoye
2897 3457 3050 3523 bien
3093 3478 3296 3541 pense
3339 3457 3513 3523 dune
3558 3457 3772 3523 aultre
3806 3457 4207 3538 conclusion,

2249 3543 2418 3609 mais
2482 3563 2649 3626 pour
2677 3564 2778 3610 ·66
2832 3564 2970 3627 ‘que
3025 3544 3087 3608 ie
3153 3564 3238 3608 ne
3303 3545 3560 3609 scavois
3626 3565 3742 3626 pas
3809 3543 4209 3610 bonnement

2252 3628 2472 3712 quelle
2513 3649 2774 3695 mesure
2832 3651 2877 3713 y
2923 3631 3122 3708 tenir,
3180 3629 3243 3694 ie
3301 3629 3414 3714 lay
3469 3629 3718 3695 laissee.
3820 3630 3883 3694 Il
3938 3652 4086 3695 sera
4123 3652 4210 3696 en

2252 3723 2476 3781 vostre
2518 3714 2868 3780 discretion
2914 3715 3007 3799 dy
3049 3714 3380 3780 adicuster
3422 3738 3513 3780 un
3559 3715 3786 3781 article
3830 3714 3909 3780 de
3955 3717 4109 3793 cela,
4154 3718 4211 3782 si

2251 3823 2421 3866 vous
2464 3801 2525 3866 le
2567 3809 2833 3867 trouvez
2875 3800 3243 3885 expedient.
3334 3802 3492 3867 Oest
3545 3810 3753 3884 quant
3809 3821 3943 3867 aux
4003 3803 4208 3881 biens,

2252 3908 2378 3970 que
2425 3908 2587 3953 vous
2630 3908 2716 3952 ne
2757 3886 2879 3971 luy
2924 3908 3069 3952 osez
3112 3887 3277 3952 faire
3322 3887 3532 3952 aultre
3577 3897 3898 3970 requeste,
3952 3890 4211 3972 craing-

2252 3980 2420 4037 nant
2462 3994 2589 4056 que
2647 3994 2720 4038 66
2772 3993 2857 4038 116
2904 3973 3039 4039 fust
3096 3974 3284 4055 poine
3341 3973 3618 4056 perdue,
3681 3973 3762 4038 de
3813 3974 3932 4059 luy
3991 3975 4212 4058 parler

2256 4058 2373 4125 des
2416 4058 2621 4136 biens,
2667 4057 2913 4124 devant
2949 4073 3211 4142 questre
3253 4069 3476 4125 rentre
3512 4080 3595 4124 en
3632 4079 3703 4124 sa
3741 4059 3959 4125 bonne
3996 4081 4209 4143 grace,

2257 4155 2324 4209 et
2366 4145 2544 4210 aussi
2588 4166 2714 4227 que
2757 4155 2895 4210 cest
2935 4144 3002 4209 la
3054 4144 3244 4210 chose
3288 4166 3413 4227 que
3456 4166 3618 4211 vous
3665 4144 3910 4210 desirez
3954 4146 4017 4211 le
4062 4146 4213 4228 plus

2259 4239 2327 4295 et
2369 4232 2659 4313 preferez
2718 4251 2759 4295 a
2813 4240 2961 4296 tout
3012 4229 3077 4294 le
3120 4240 3311 4296 reste.
3412 4232 3473 4295 N
3479 4232 3847 4296 eantmoins
3904 4233 4037 4314 quil
4097 4233 4214 4316 luy

2258 4316 2464 4400 plaise
2508 4315 2737 4382 davoir
2778 4316 3012 4399 esgard
3058 4338 3095 4381 a
3139 4338 3270 4381 une
3316 4317 3471 4382 telle
3515 4318 3769 4383 maison
3790 4369 3806 4395 ‚
3867 4327 3933 4382 et
3976 4320 4083 4401 qui
4130 4339 4213 4381 ne

2255 4422 2328 4468 se
2372 4403 2567 4469 laisse
2610 4424 2727 4485 pas
2770 4423 2996 4468 mener
3034 4423 3155 4485 par
3191 4424 3359 4469 ceux
3404 4404 3515 4486 6111
3562 4425 3647 4468 116
3692 4404 4048 4469 cherchent
4088 4423 4214 4485 que

2255 4488 2321 4554 la
2364 4489 2708 4554 destruire.
2796 4489 2870 4554 Ie
2913 4508 2999 4553 ne
3056 4509 3211 4573 scay
3269 4487 3351 4554 sil
3409 4490 3774 4572 profiteroit
3836 4512 3876 4554 a
3918 4510 4038 4553 voz
4083 4491 4212 4552 fre-

2256 4596 2365 4639 res
2382 4575 2440 4659 4)
2498 4575 2578 4640 (16
2629 4575 2792 4640 faire
2846 4575 3142 4640 mention
3202 4574 3391 4640 deux,
3506 4575 3694 4641 Vous
3749 4598 3793 4660 y
3855 4576 4210 4640 adviserez.

2280 4831 2429 4886 790.
2470 4831 2519 4898 1)
2571 4833 2746 4901 Voyez
2797 4832 2855 4885 la
2898 4837 3023 4886 note
3071 4830 3102 4884 7
3151 4832 3228 4886 du
3275 4831 3354 4887 N.
3394 4830 3498 4885 784
3565 4833 3887 4901 L’apoloyie
3922 4848 3958 4885 a
3994 4830 4069 4884 dic
4105 4833 4215 4886 ecre

2257 4900 2423 4957 e'crite
2458 4902 2601 4954 dans
2635 4902 2690 4954 la
2722 4902 2984 4968 premiere
3017 4901 3314 4970 quineaine
3350 4900 3581 4954 d'Avril.

2464 4969 2520 5032 2)
2558 4971 2633 5024 st.
2670 4970 2861 5023 Andre'
2895 4976 3069 5039 ayant
3100 4986 3165 5023 eu
3201 4969 3651 5024 anterieurement
3674 4970 3767 5023 des
3802 4977 4063 5038 rapport-3
4085 4986 4216 5024 avec

2263 5041 2345 5093 M.
2383 5039 2451 5093 de
2488 5040 2704 5109 Falci-s,
2742 5039 2935 5093 Calvia
2971 5039 3054 5091 lui
3085 5040 3240 5092 avait
3272 5038 3643 5108 communique
3677 5055 3778 5092 son
3810 5042 4129 5094 manuscrit.

2467 5107 2521 5172 3)
2572 5109 2743 5177 Voyez
2776 5115 2931 5161 notre
2964 5108 3171 5161 edition
3220 5107 3277 5159 T.
3320 5107 3390 5160 X.
3429 5107 3510 5159 1τε
3544 5111 3725 5174 partie
3755 5124 3815 5174 p.
3855 5106 3974 5162 283.

2464 5175 2530 5244 4)
2570 5177 2652 5230 M.
2690 5178 2757 5231 de
2791 5177 2992 5230 Falais
3026 5173 3192 5230 'avant
3237 5179 3363 5245 cinq
3392 5177 3599 5245 freres:
3644 5176 3817 5244 an,
3864 5181 4114 5246 seiyneur
4150 5177 4218 5230 de

2264 5245 2548 5310 Fromont,
2582 5260 2923 5313 qouverneur
2957 5246 3024 5299 de
3053 5244 3277 5301 Namur
3312 5246 3423 5299 lore
3458 5246 3523 5299 de
3557 5245 3614 5300 la
3646 5249 3797 5314 prise
3830 5246 3898 5300 de
3929 5252 4060 5302 cette
4092 5246 4217 5300 ville

2259 5331 2369 5382 par
2404 5313 2482 5366 1).
2521 5314 2678 5367 Juan
2713 5314 3029 5370 d’Autriche
3063 5332 3131 5368 en
3166 5311 3317 5366 1577.
3390 5313 3607 5380 Pierre,
3649 5318 3966 5383 pronotaire
3999 5320 4215 5382 aposto-

2260 5386 2433 5453 lique,
2479 5385 2575 5452 qui
2619 5384 2777 5437 avait
2821 5385 3088 5438 embraced
3136 5386 3191 5437 la
3233 5381 3521 5452 Reform,
3569 5399 3768 5439 comme
3811 5386 3859 5439 le
3911 5382 4214 5453 precedent.
