4825 6175
558 437 599 504 3
2108 429 2637 498 EPISTOLAE
2682 429 3021 498 602—605
4516 437 4559 499 4

553 620 721 690 Viro
762 621 1327 708 praestantissimo
1368 619 1456 688 D.
1500 620 1737 687 Ioanni
1781 620 2061 688 Calvino
2110 627 2385 705 patrono
2443 626 2510 686 et

1005 707 1198 774 fratri
1240 729 1359 775 suo
1402 707 1597 775 unice
1635 705 2060 774 observando.

726 842 796 912 S.
839 845 1094 911 Rerum
1138 850 1518 911 nostrarum
1574 851 1822 910 statum
1838 894 1855 922 ,
1959 842 2169 909 ridem
2213 843 2363 922 scio,
2423 864 2508 910 ex

568 930 799 1032 Vin-eto·
819 930 1076 997 abunde
1119 929 1517 1031 cognovisti,
1576 937 1654 1029 et·
1685 927 1745 995 si
1759 1015 1772 1030 ⁸
1785 932 1896 1012 qui
1994 929 2165 1029 forte
2208 931 2508 1030 requiras

550 1014 2228 1186 ÷m9.⁹⁵'h”m⁶·⁰²ff..'‘ffi⁰3ff.zs}32‚fflsssffiffi
2262 1014 2508 1167 ¹:2³⁰?ss

549 1190 673 1255 reti
716 1208 792 1254 ac
832 1187 1248 1256 Tomacensis
1290 1188 1496 1253 multo
1532 1188 1999 1272 gratissimum,
2044 1186 2507 1270 efficacemque

550 1275 748 1341 etiam
814 1272 898 1340 ad
973 1273 1279 1340 sanitatis
1340 1273 1694 1341 convulsae
1758 1272 2240 1339 restitutionem
2304 1273 2507 1339 fuisse

550 1359 718 1426 mihi
772 1359 1133 1443 persuadeo
1192 1380 1339 1425 eam
1394 1366 1535 1424 tam
1589 1357 1985 1424 familiarem
2029 1357 2506 1443 candidamque

550 1467 703 1513 cum
743 1446 1154 1512 amicissimis
1189 1445 1502 1511 fratribus
1536 1443 2215 1512 communicationem.
2283 1445 2506 1529 Atque

549 1532 808 1598 utinam
852 1530 1044 1597 detur
1087 1552 1234 1598 oum
1293 1530 1537 1597 talibus
1596 1530 1893 1597 crebrius
1937 1538 2005 1596 et
2048 1531 2398 1597 convivere
2440 1538 2508 1597 et

550 1618 974 1684 commentari
1018 1615 1097 1682 de
1138 1615 1408 1683 ecclesia
1463 1626 1533 1683 et
1574 1616 1818 1682 habere
1873 1615 2339 1703 συμφράδμονας
2353 1638 2376 1679 .·
2433 1618 2506 1683 in

549 1725 733 1788 spem
792 1710 969 1769 certo
1025 1703 1320 1769 venirem
1378 1703 1448 1767 in
1505 1702 1746 1768 melius
1796 1703 2021 1768 omnia
2073 1703 2428 1769 constituta
2456 1709 2502 1780 Ι)

546 1789 652 1856 iri.
741 1787 820 1855 Si
861 1788 1113 1874 synodo
1157 1788 1590 1855 conveniendi
1632 1790 1749 1854 fiat
1792 1788 1994 1872 copia,
2037 1809 2171 1854 non
2214 1790 2505 1872 patietur

546 1874 877 1940 Dominus
916 1874 1176 1940 incassa
1194 1873 1252 1961 2)
1296 1873 1434 1940 fore
1476 1881 1574 1939 tot
1607 1881 1988 1941 sanctorum
2030 1874 2279 1954 studia,
2335 1895 2503 1958 quae

544 1959 738 2028 video
782 1981 900 2044 per
938 1960 1079 2027 eius
1123 1960 1405 2045 gratiam
1449 1958 1635 2026 brevi
1691 1961 2006 2043 temporis
2056 1959 2333 2027 decursu
2377 1962 2503 2026 mi—

545 2045 730 2113 rifice
772 2046 1186 2112 maturuisse.
1275 2046 1399 2126 Tu,
1445 2047 1536 2111 mi
1579 2047 1803 2124 frater,
1847 2043 2020 2129 quod
2075 2045 2253 2125 facis,
2300 2068 2503 2131 perge

546 2151 815 2217 operam
859 2132 1169 2200 fratribus
1212 2132 1524 2217 parandis
1575 2131 1988 2216 impendere,
2045 2131 2160 2215 qui
2213 2132 2281 2198 id
2324 2153 2501 2198 nnus

545 2217 834 2284 maxime
877 2218 1174 2284 omnium
1209 2218 1453 2285 illustri
1495 2240 1646 2286 cum
1688 2218 1909 2285 fructu
1953 2227 2154 2301 potes.

719 2303 982 2370 Lutheri
1049 2302 1312 2370 libellus
1335 2304 1392 2388 ⁸)
1456 2302 1631 2389 apud
1695 2324 1817 2370 nos
1879 2324 2147 2388 sparsus
2213 2303 2502 2387 aliquem

545 2390 731 2458 nobis
776 2398 1029 2456 metum
1062 2389 1431 2457 incusserat
1464 2412 1551 2455 ne
1585 2389 1851 2455 turbam
1885 2411 2127 2456 novam
2162 2390 2497 2456 excitaret.

542 2475 776 2560 Itaque
833 2484 901 2542 et
963 2496 1229 2560 operam
1288 2475 1437 2542 dedi
1501 2484 1580 2541 ut
1632 2476 2021 2542 ferociorum
2088 2475 2501 2559 quorundam

543 2563 796 2628 animos
836 2561 1232 2647 mitigarem,
1289 2571 1359 2628 et
1400 2562 1613 2646 sopita
1654 2562 1791 2627 fere
1827 2561 2090 2628 videtur
2132 2562 2496 2646 commotio.

542 2647 816 2715 Utinam
861 2647 1165 2733 Tigurini
1207 2647 1529 2714 bonorum
1572 2647 1857 2714 consiliis
1901 2649 2318 2731 acquiescant
2359 2648 2498 2714 bel-

541 2733 811 2817 lumque
878 2755 1014 2799 non
1076 2741 1469 2800 restaurent.
1585 2733 2062 2800 Basiliensibus
2142 2735 2319 2800 fama
2396 2742 2497 2800 est

541 2818 895 2886 Gaesarem
937 2819 1181 2885 minari
1223 2828 1520 2887 extrema
1560 2819 1783 2885 omnia
1797 2871 1814 2899 ,
1870 2819 1983 2885 sed
2026 2820 2166 2886 fore
2208 2821 2498 2887 arbitror

541 2902 879 2972 Salmonei
914 2905 1209 2970 fulmina.
1278 2906 1464 2985 Vale,
1509 2906 1604 2970 mi
1642 2906 1865 2984 frater,
1913 2926 2064 2971 cum
2107 2906 2238 2973 tuis
2280 2907 2495 2972 omni-

537 2989 684 3072 bus,
732 2999 798 3055 et
836 2992 991 3057 boni
1035 2991 1331 3057 consule:
1379 3014 1536 3057 nam
1570 3012 1690 3077 per
1723 3013 1806 3057 ne
1855 2992 1989 3056 otia
2031 3013 2242 3076 neque
2284 2992 2494 3076 pluri-

538 3074 661 3144 bus
706 3098 918 3162 neque
962 3076 1343 3164 diligentius
1385 3078 1584 3163 potui.
1680 3081 1775 3144 13.
1861 3079 2139 3159 anuarii.

1504 3218 1682 3284 Tuas
1722 3216 1956 3283 avidus
1996 3224 2318 3302 exspecto·

1675 3304 1750 3369 Τ.
1798 3302 2161 3370 Sultzerus.

1316 3564 1721 3571 —..-.--——-——-—-

1443 3762 1599 3836 ⁶03.

1071 3902 1478 3971 VIRETUS
1520 3900 1959 3970 OALVINO.

717 4073 843 4156 Qui
895 4073 1184 4155 queritur
1230 4070 1565 4140 Calvinum
1620 4074 1693 4140 in
1734 4074 1876 4142 suis
1904 4075 2244 4157 postremis
2284 4075 2495 4160 aeniy-

534 4164 711 4225 mata
774 4160 1086 4242 quaedam
1149 4160 1498 4241 empsisse.
1601 4160 1836 4228 Verum
1852 4210 1869 4241 ‚
1933 4180 2094 4242 quae
2144 4160 2246 4229 hic
2300 4160 2495 4229 obiter

536 4245 679 4331 ipse
722 4246 969 4329 attinyit
1011 4245 1190 4312 nobis
1218 4246 1439 4327 potius
1479 4247 1839 4332 aeniymata
1878 4251 2043 4313 sunt.

810 4415 927 4486 (nx
962 4415 1301 4487 autographo
1336 4414 1469 4473 eod.
1507 4416 1709 4472 cmv.
1747 4415 1890 4471 111⁸,
1939 4417 2030 4472 τοι
2067 4415 2213 4483 187.)

711 4604 1097 4672 Clarissimo
1175 4606 1322 4673 viro
1384 4606 1470 4672 D.
1534 4605 1770 4672 Ioanni
1835 4606 2115 4675 Calvino
2178 4607 2488 4676 ecclesiae

539 4690 956 4758 Genevensis
996 4694 1246 4776 pastori
1288 4692 1786 4778 vigilantissimo

1978 4779 2311 4849 Genevae.

708 4912 779 4980 S.
847 4914 954 4980 De
994 4917 1254 5001 negotio
1300 4915 1514 4983 Rosea·
1554 4937 1689 4983 non
1731 4937 1914 4984 eram
1957 4914 2312 4983 admodum
2354 4917 2484 4984 sol-

557 5151 2484 5288 ⁰⁰²·233ssss-mffimmamumffl-

2609 618 2848 686 licitus.
2877 621 2931 697 ¹)
3016 618 3317 685 Verebar
3359 626 3621 687 tantum
3679 641 3766 688 ne
3808 641 3917 688 res
3959 621 4173 688 exiret
4213 621 4283 687 in
4325 620 4564 688 moles-

2610 705 2845 771 tiorem
2880 704 3284 790 tragoediam
3318 706 3475 789 quia
3510 728 3595 773 ex
3621 704 4057 791 leistophoro
4096 707 4193 774 ita
4225 729 4366 773 rem
4407 726 4564 773 oon-

2610 812 2913 876 ceperam
2968 799 3045 856 ut
3108 812 3226 857 exs
3271 791 3624 858 eotandum
3689 801 3989 877 putarem
4054 794 4565 880 syncretismum

2610 877 2910 1028 aliguem.
3020 877 3126 942 De
3245 878 3737 945 eooomensibus
3757 882 3815 955 2)
3881 881 4014 945 iam
4082 877 4331 945 dudum
4395 878 4565 944 nihil

2612 983 2697 1029 au
2741 963 2820 1029 io.
2902 962 3193 1029 Valerius
3212 964 3271 1047 Β)
3314 963 3607 1030 Bernam
3651 966 3976 1049 profectus
4018 974 4135 1031 est.
4203 964 4254 1031 S
4339 986 4414 1030 ro
4448 985 4565 1048 op-

2612 1049 2770 1114 time
2814 1068 3285 1116 successurum.
3375 1047 3574 1131 Quod
3618 1072 3831 1134 nuper
3873 1050 3956 1116 ad
4010 1059 4078 1117 te
4121 1059 4189 1117 et
4284 1051 4567 1116 erm'num

2611 1135 2861 1219 scripsi,
2882 1137 2939 1217 ⁴)
2984 1133 3055 1200 id
3097 1135 3219 1202 feci
3264 1134 3586 1202 instinctu
3633 1135 4081 1220 Christophori,
4124 1158 4211 1201 ex
4255 1137 4441 1203 cuius
4483 1135 4565 1200 li-

2610 1221 2773 1287 teris
2813 1220 3004 1287 facile
3065 1221 3341 1305 potuisti
3393 1220 3794 1307 intelligere,
3853 1244 4051 1306 quam
4118 1222 4369 1306 putarit
4420 1241 4566 1287 esse

2610 1306 3053 1373 necessarium
3119 1328 3236 1373 vos
3300 1308 3732 1391 praemoneri.
3842 1309 4055 1374 Miror
4118 1319 4338 1374 tecum
4387 1306 4566 1373 unde

2610 1392 2725 1458 isti
2767 1413 3064 1458 rumores
3107 1393 3425 1458 oriantur.
3515 1394 3690 1459 Mihi
3733 1391 3910 1460 dolet
3965 1394 4139 1477 quod
4185 1394 4387 1460 vestri
4429 1414 4567 1458 non

2610 1485 2888 1544 utuntur
2950 1478 3341 1544 familiarius
3419 1486 3489 1544 et
3560 1480 3967 1563 frequentius
4045 1481 4178 1546 tuis
4255 1479 4564 1546 consiliis.

2611 1563 2952 1648 Scripsisti
2992 1565 3366 1649 aenigmata
3407 1565 3482 1630 in
3523 1565 3910 1648 quibusdam
3927 1617 3943 1645 ,
4000 1564 4115 1632 sed
4173 1566 4340 1631 forte
4383 1563 4569 1630 dabi-

2610 1661 2740 1724 tur,
2786 1649 2901 1715 ubi
2933 1649 3096 1715 mihi
3140 1650 3389 1735 collega
3434 1650 3787 1717 adiunctus
3835 1652 4067 1731 fuerit,
4121 1652 4326 1717 otium
4372 1650 4455 1716 ad
4498 1658 4568 1714 te

2612 1734 3084 1820 proficiscendi,
3129 1737 3187 1801 si
3209 1734 3538 1802 Dominus
3580 1739 3770 1803 uxori
3813 1738 3965 1821 plus
4007 1738 4255 1803 virium
4298 1734 4568 1803 addide-

2612 1822 2718 1900 rit,
2764 1821 3001 1905 quibus
3058 1830 3157 1887 est
3212 1823 3456 1888 mirum
3512 1823 3583 1887 in
3641 1822 3909 1889 modum
3965 1824 4327 1908 prostratis.
4426 1822 4567 1887 Nos

2611 1907 2720 1974 hic
2765 1918 2833 1973 et
2873 1915 3098 1973 nostra
3135 1909 3355 1972 omnia
3399 1906 3717 1974 habemus
3752 1917 3827 1974 ut
3866 1910 4165 1976 solemus.
4256 1908 4568 1993 Optarim

2611 2014 2694 2058 ex
2749 2003 2814 2059 te
2867 1992 3117 2059 discere
3175 1995 3228 2057 si
3290 1993 3445 2077 quid
3506 2003 3606 2059 est
3665 1994 3860 2062 isthic
3917 1996 4090 2079 quod
4154 2003 4379 2062 nostra
4442 2013 4568 2058 nos

2610 2080 2777 2145 scire
2820 2080 3078 2145 referat.
3147 2077 3225 2144 Si
3268 2077 3426 2162 quid
3460 2089 3564 2146 est
3596 2081 3796 2146 etiam
3829 2082 3902 2146 in
3935 2101 4065 2165 quo
4108 2092 4336 2147 nostra
4368 2098 4571 2165 opera

2609 2165 2754 2230 usui
2816 2185 2959 2230 esse
3017 2165 3221 2248 possit
3240 2216 3255 2243 ,
3327 2164 3410 2230 ad
3469 2166 3885 2233 retinendam
3931 2178 4000 2233 et
4046 2166 4568 2234 confirmandam

2611 2250 2999 2327 amicitiam,
3064 2271 3229 2334 quae
3281 2251 3456 2317 inter
3507 2253 3806 2319 civitates
3864 2252 4110 2320 amicae
4167 2274 4311 2319 esse
4355 2250 4571 2331 debet,

2610 2335 2723 2401 ubi
2756 2336 3162 2414 intellexerO,
3198 2336 3368 2401 nihil
3398 2338 3469 2402 in
3509 2359 3617 2403 me
3652 2339 3866 2421 patiar
3901 2338 4273 2405 desiderari.
4343 2337 4570 2420 Quam

2609 2435 2832 2487 metuo
2885 2442 2969 2487 ne
3026 2420 3236 2488 Satan
3292 2422 3529 2506 aliquis
3597 2444 3776 2490 nova
3822 2434 3999 2491 serat
4051 2424 4337 2491 dissidia.
4426 2421 4568 2490 Sed

2610 2506 2937 2574 Dominus
2982 2516 3217 2574 cuncta
3261 2508 3503 2594 diriget
3542 2511 3616 2575 in
3667 2510 3924 2578 melius.
4021 2511 4207 2577 Nihil
4251 2531 4418 2595 opus
4460 2514 4567 2574 est

2608 2600 2677 2659 te
2722 2593 2822 2659 tui
2865 2593 3213 2660 admonere
3270 2596 3484 2662 officii.
3588 2594 3820 2662 Saluta
3875 2618 4147 2663 uxorem
4210 2607 4278 2662 et
4320 2596 4566 2662 amicos

2607 2690 2832 2746 nostro
2867 2682 3161 2746 omnium
3196 2682 3477 2747 nomine.
3546 2682 3734 2749 Uxor
3769 2694 3834 2748 te
3871 2682 4342 2750 officiosissime
4385 2681 4565 2748 salu-

2602 2766 2758 2852 tati!
2799 2766 2984 2832 Vale.
3076 2766 3475 2834 Lausannae
3527 2774 3621 2834 14.
3668 2768 3964 2834 Ianuarii
4015 2774 4195 2836 1545.

3751 2907 3933 2972 Tuus
3974 2907 4050 2972 P.
4099 2907 4388 2972 Viretus.

3506 3351 3661 3423 ⁶⁰4.

3077 3489 3578 3557 POLLANUS
3623 3489 4062 3558 OALVINO.

2692 3659 3190 3728 -··Eoelesiozam
3237 3660 3537 3746 qallicam
3591 3662 4174 3746 Arqentoratmm
4231 3666 4561 3734 Minae

2601 3746 2855 3899 mxx
2897 3747 3332 3828 dissensiones,
3375 3749 3452 3814 de
3493 3749 3721 3830 quibus
3763 3748 3873 3816 ille
3913 3751 4120 3817 nimia
4160 3756 4217 3818 et
4257 3753 4422 3818 satis
4461 3754 4561 3819 in-

2906 4005 3014 4071 (Ex
3048 4005 3384 4076 autographo
3420 4005 3552 4062 Ood.
3588 4005 3792 4062 Genev.
3828 4004 3945 4075 112,
3981 4006 4072 4061 fol.
4107 4005 4253 4070 217.)

3511 4205 3704 4279 atque
3726 4197 4050 4281 evangelii
4085 4196 4331 4264 vindici
4365 4219 4554 4282 prae-
4593 4194 4604 4205 ’

3459 4280 3681 4348 alvino
3735 4284 4054 4367 magistro
4109 4303 4187 4349 ac
4241 4286 4420 4368 patri
4478 4288 4550 4351 in

2772 4193 3153 4261 Clarissimo
3180 4195 3402 4261 theolo

2598 4279 2790 4363 cipuo
2833 4281 2917 4346 D.
2968 4281 3059 4346 M.
3106 4281 3341 4348 Ioanni

2597 4365 2866 4433 Christo
2914 4366 3366 4434 colendissimo

3951 4452 4282 4521 Genevae.

2766 4587 2836 4655 S.
2883 4589 2961 4654 P.
3029 4590 3342 4655 Pluribus
3398 4598 3617 4656 tecum
3655 4611 3849 4676 agere
3915 4592 4298 4676 cupientem
4363 4601 4550 4659 vetat

3010 4809 3042 4892 ⁶·
3234 4809 3409 4879 fuerit
3437 4811 3559 4895 ,hoc
3600 4812 3879 4895 negotium
3927 4811 4217 4870 κεκίνηκε.
4305 4813 4548 4871 Rome

2590 4885 3535 5007 umsmffim’
3570 4897 3770 5008 “1⁰02st
3812 4882 4330 5023 amb.-
4519 4925 4541 4971 ³

2724 5088 2737 5102 ⁶
2797 5021 2870 5102 2),
2893 5020 3167 5075 mmm
3200 4966 3954 5092 mmmbmftempore
4278 4959 4543 5081 ’ωροζῗῗοὶ

2588 5103 2775 5145 verm
2795 5088 3010 5226 ἕῗῗᾶἶ.
3053 5129 3263 5227 vaih,
3305 5156 3487 5215 νῖψαι·
3517 5159 3734 5229 mucan.

2794 5227 2851 5295 4)
2893 5226 3052 5282 Tales
3082 5227 3275 5283 literae
3315 5243 3432 5284 non
3463 5233 3712 5297 οωπαπι,
3757 5243 3933 5311 neq-qe
3968 5227 4542 5367 ροἭᾶῗᾶη-ἰωε

2589 5293 3743 5380 αᾱιιῇνᾳηιΡεννίηαπι,σαωοπιαῳηωη
