4825 6175
624 465 746 528 195

1528 645 1674 717 716.

1159 802 1631 870 CALVINUS
1676 798 2047 869 VIRETO.

804 977 975 1060 Quid
1009 981 1214 1042 actum
1247 976 1334 1041 sit
1362 995 1503 1042 cum
1543 973 1969 1056 Ghamperello
2010 973 2205 1038 misso
2237 971 2584 1055 exemplari

621 1064 919 1146 epistolae
959 1063 1046 1129 ad
1086 1060 1444 1127 Beruenses
1494 1061 1678 1126 datae
1733 1061 1914 1128 docet.
1999 1059 2085 1126 Iu
2126 1060 2265 1125 eius
2308 1057 2584 1125 sodalem

612 1151 978 1234 propediem
1020 1149 1392 1230 inquiretur.

625 1322 737 1388 (Ex
774 1326 903 1375 auto
970 1319 1111 1390 apho
1148 1318 1275 1373 Cod.
1314 1319 1518 1373 Genev.
1554 1317 1685 1384 106,
1718 1318 1810 1372 fol.
1849 1315 1980 1384 145,
2018 1317 2138 1371 coll.
2174 1333 2222 1370 c.
2259 1332 2381 1371 exx.
2453 1316 2581 1369 Ion-

623 1391 806 1444 villaei
822 1390 897 1444 Co
938 1388 1140 1458 ‚111·‚
1175 1390 1266 1442 fol.
1304 1387 1354 1454 6,
1394 1387 1672 1441 Turretini
1708 1386 1837 1441 Ood.
1875 1386 1993 1453 111,
2028 1387 2120 1440 fol.
2157 1384 2275 1452 127,
2312 1384 2580 1439 Beruensi

1002 1459 1140 1528 Epp.
1179 1458 1310 1512 VII.
1346 1473 1397 1525 p.
1439 1453 1556 1524 729,
1594 1461 1651 1510 et
1686 1455 1904 1510 Simleri
1940 1455 2065 1510 Vol.
2100 1452 2208 1521 58.)

621 1630 894 1715 Optimo
936 1630 1129 1697 fratri
1164 1652 1310 1696 meo
1345 1631 1548 1697 Petro
1567 1630 1802 1696 Vireto
1838 1628 2336 1696 Lausannensis
2376 1625 2579 1694 eccle-

794 1717 935 1784 siae
977 1716 1357 1783 fidelissimo
1399 1717 1667 1800 pastori.

796 1853 867 1921 S.
936 1853 1115 1935 Quid
1160 1862 1380 1919 actum
1425 1854 1513 1918 sit
1556 1874 1708 1920 cum
1735 1850 2186 1934 ΟΙιαηΨενεῑῑο,
2214 1856 2262 1930 ¹)
2306 1858 2373 1915 et
2413 1870 2581 1934 quae

620 1942 822 2008 fuerit
864 1942 1143 2007 actionis
1189 1939 1621 2022 catastrophe,
1667 1938 2009 2021 exemplar
2051 1936 2365 2020 epistolae
2408 1935 2580 2020 quod

623 2029 746 2094 tibi
811 2028 1003 2092 mitto
1080 2025 1415 2091 indicabit.
1520 2023 1597 2090 Si
1653 2022 2000 2101 videbitur,
2066 2021 2580 2090 communicabis

623 2135 772 2180 cum
796 2113 1062 2179 Farello.
1112 2112 1365 2176 Verum
1386 2110 1661 2176 admone
1695 2120 1771 2175 ut
1792 2109 2101 2176 remittat.
2144 2109 2278 2175 Hic
2299 2110 2504 2173 frater
2520 2108 2579 2189 2)

622 2203 1140 2284 Argentoratum
1176 2196 1625 2281 proficiscitur.
1681 2196 1858 2261 Puto
1893 2215 2026 2260 non
2063 2214 2206 2261 esse
2240 2193 2361 2259 tibi
2392 2193 2580 2278 igno·

625 2297 769 2352 tum
835 2283 1094 2370 quando
1160 2304 1309 2349 cum
1375 2283 1733 2349 Francisco
1802 2280 2165 2347 Marterello
2231 2279 2577 2345 habitavit.

624 2372 861 2454 Itaque
905 2369 1026 2435 tibi
1069 2390 1201 2433 non
1246 2367 1644 2435 commendo.
1735 2368 1984 2434 Missus
2028 2376 2129 2431 est
2170 2365 2364 2431 hodie
2407 2387 2576 2430 nun-

625 2459 766 2523 cius
823 2457 1114 2522 Bernam
1175 2456 1282 2538 qui
1340 2455 1749 2537 praeclarum
1810 2452 2227 2533 Champerelli
2283 2452 2578 2515 testimo-

623 2546 807 2608 nium
851 2542 1185 2625 perferret.
1246 2537 1421 2605 Vide
1455 2561 1650 2622 quam
1686 2538 1899 2604 ferrea
1934 2537 2019 2602 sit
2053 2537 2238 2603 frons
2274 2536 2577 2602 hominis.

624 2628 852 2694 Nihilo
875 2628 1253 2693 demissiore
1290 2634 1390 2692 est
1418 2624 1630 2704 vultu,
1669 2625 1877 2689 nihilo
1912 2624 2304 2688 modestiore
2340 2623 2577 2697 animo,

628 2736 822 2798 quam
869 2715 994 2779 suit
1037 2712 1232 2777 rebus
1276 2712 1597 2778 secundis.
1691 2710 2059 2776 Macrinum
2079 2712 2136 2793 ⁸)
2204 2711 2345 2774 cius
2391 2707 2580 2774 soda-

622 2800 755 2865 lem
791 2798 1251 2884 aggrediemur
1286 2797 1394 2861 die
1413 2797 1713 2862 Veneris.
1778 2795 1998 2877 Quam
2042 2815 2350 2878 cuperem
2393 2794 2581 2860 nobis

625 2886 788 2951 duas
823 2895 936 2950 aut
971 2900 1104 2950 tres
1140 2883 1336 2948 horas
1372 2881 1454 2947 ad
1492 2881 1990 2965 colloquendum
2033 2881 2195 2946 dari.
2243 2880 2322 2946 Si
2353 2900 2581 2963 posses

624 2970 1023 3036 Neodunum
1087 2990 1330 3052 usque,
1397 2989 1518 3052 ego
1580 2968 1883 3052 protinus
1955 2967 2112 3032 illuc
2178 2965 2578 3031 advolarem.

623 3056 883 3124 Domus
961 3055 1270 3140 praefecti
1336 3055 1522 3121 nobis
1588 3063 1762 3120 esset
1825 3053 2114 3138 optimus
2177 3061 2577 3137 praetextus.

625 3145 949 3211 Amedaea
993 3143 1475 3208 satisfacturam
1517 3163 1588 3207 se
1621 3141 1946 3224 promittit
1985 3137 2392 3225 propediem:
2440 3159 2579 3204 mo-

625 3250 772 3295 ram
839 3241 1126 3296 excusat.
1214 3226 1556 3310 Respondi
1619 3227 2039 3293 excusatione
2097 3225 2271 3310 apud
2325 3235 2393 3290 te
2449 3245 2580 3288 non

628 3337 770 3381 csse
813 3336 994 3400 opus.
1074 3313 1266 3393 Vale,
1311 3314 1514 3378 frater
1556 3313 1801 3396 optime
1823 3367 1826 3370 .
1846 3319 1912 3378 et
1954 3311 2162 3378 amice
2205 3309 2579 3396 singularis.

625 3402 958 3467 Dominus
1002 3409 1068 3466 te
1111 3410 1179 3465 et
1221 3420 1493 3465 uxorem
1538 3407 1884 3465 conservet
1924 3418 2074 3464 cum
2118 3396 2386 3461 familia.
2457 3393 2581 3461 Sa-

629 3487 771 3553 luta
813 3507 1058 3552 omnes.
1150 3486 1484 3565 Genevae,
1531 3489 1633 3550 26.
1671 3483 1899 3551 Octob.
1954 3489 2135 3549 1545.

1554 3620 1835 3688 Ioannes
1869 3620 2194 3687 Calvinus
2238 3627 2409 3685 tuus.

808 3759 1142 3827 Gallasius
1188 3770 1345 3826 tuus
1390 3759 1657 3841 eiusque
1702 3780 1867 3825 uxor
1900 3765 1968 3824 te

634 3848 917 3914 officiose
960 3845 1267 3913 salutant.
1290 3849 1348 3924 ⁴)

1405 4054 1814 4064 ——m

1538 4272 1682 4343 717.

703 4428 1135 4495 MINIS'PRI
1180 4426 1800 4495 GENEVENSES
1845 4425 2520 4495 BERNENSIBUS.

807 4601 1084 4667 Amadei
1121 4599 1539 4683 Champerelli
1574 4600 1901 4665 historiam
1939 4600 2084 4683 fuse
2125 4604 2411 4679 narrant,
2454 4600 2591 4664 eius

637 4707 838 4753 mores
881 4691 936 4752 et
976 4686 1414 4772 ueyliqentiam
1456 4688 1528 4751 in
1561 4706 1813 4752 munere
1853 4685 2125 4752 obeundo
2164 4690 2396 4766 notant,
2438 4686 2592 4768 quid

673 4960 807 5015 718.
846 4960 904 5028 1)
939 4959 1050 5014 Per
1085 4965 1250 5014 totum
1297 4959 1444 5012 hunc
1488 4973 1718 5013 mensem
1764 4960 1825 5014 in
1869 4959 2125 5029 pluribus
2159 4965 2382 5014 senatus
2423 4958 2592 5014 G‘enc·

639 5030 821 5085 vensis
853 5029 1216 5083 conventibus.
1264 5027 1398 5082 Vide
1421 5029 1640 5082 omnino
1669 5043 1755 5097 ep.
1775 5035 2078 5098 sequentem
2111 5033 2167 5082 et
2195 5028 2278 5083 tbi
2308 5034 2592 5084 annotata.

847 5096 907 5161 2)
940 5096 1249 5151 Waldcnsis
1281 5095 1607 5165 Delphinus,
1640 5104 1703 5150 ut
1730 5103 1884 5165 patet
1916 5112 1985 5151 ex
2021 5096 2095 5151 N.
2131 5094 2249 5149 726.

846 5165 907 5231 3)
945 5164 1034 5219 De
1056 5163 1156 5221 hoc
1176 5168 1389 5235 ueqotio
1410 5166 1436 5219 i
1461 5187 1470 5211 ·.
1495 5167 1897 5221 conamentariis
1917 5165 2154 5221 &nam
2176 5165 2254 5219 ad
2273 5181 2342 5219 m.
2358 5166 2591 5220 Ianuar.

641 5235 779 5290 1546
813 5235 1080 5289 nonnulla
1114 5235 1379 5304 leyuntur.
1420 5238 1491 5287 An
1526 5234 1734 5289 balneis
1758 5236 1999 5304 publicis
2030 5236 2214 5289 minue
2244 5234 2445 5302 pudice
2476 5250 2591 5288 ver·

639 5312 793 5360 catus
828 5303 1122 5358 dicebatur.
1197 5303 1282 5371 Cf.
1319 5303 1395 5357 N.
1434 5302 1550 5357 726.

847 5370 909 5438 4)
951 5371 1191 5428 Gallaeii
1221 5389 1432 5427 manus.

2173 453 2703 525 EPISTOLAE
2748 457 3083 519 716-717

4516 453 4612 515 190

2689 642 2762 707 in
2809 640 3046 708 Senatu
3093 641 3439 708 Genevensi
3490 641 3567 708 de
3620 659 3689 707 eo
3742 644 3953 706 actum
4004 638 4120 719 eit,
4174 638 4333 722 quid
4386 637 4617 722 denique

2687 726 2945 794 Beruae
2984 727 3293 812 agendum
3333 730 3660 810 caponum.

2686 898 2881 965 (Manu
2914 898 3119 969 scripta
3150 915 3261 952 non
3296 902 3493 954 exstat.
3538 896 3731 950 Edidit
3762 897 3911 951 Besa
3941 896 4001 949 in
4037 912 4107 966 ap
4148 895 4337 950 cndice
4370 910 4500 948 suae
4529 894 4618 949 col-

2686 967 2936 1022 lectionis
2972 968 3325 1036 epistolarum
3362 966 3495 1021 Gen.
3533 964 3700 1032 1576,
3791 1006 3804 1017 .
3840 963 3960 1031 421,
4006 981 4080 1019 un
4119 980 4150 1019 e
4196 964 4418 1019 transiit
4462 964 4516 1017 in
4546 963 4616 1018 ed.

2688 1036 2822 1091 Gen.
2861 1033 3025 1103 1617,
3075 1053 3127 1106 p.
3164 1034 3284 1103 587,
3333 1043 3390 1090 et
3438 1036 3616 1090 Amat.
3653 1052 3708 1104 p.
3848 1075 3863 1090 .
3934 1034 4195 1088 Caeterae
4242 1049 4352 1087 non
4399 1031 4619 1100 habeut.)

2684 1207 3013 1274 Ministris
3055 1207 3507 1275 Beruensibus
3548 1206 3862 1273 fratribus
3903 1214 3971 1271 et
4013 1204 4398 1290 symmystis
4444 1204 4624 1271 caris-

2856 1294 3042 1360 simis
3085 1291 3157 1360 S.

2854 1429 3061 1496 Inviti
3119 1428 3380 1513 quidem
3432 1429 3710 1496 facimus
3764 1437 3839 1493 ut
3896 1449 3974 1493 ea
4030 1428 4394 1493 scribamus
4451 1426 4624 1494 vobis

2684 1514 2764 1581 de
2810 1514 3105 1581 Amedeo
3153 1514 3533 1599 Gamperello
3559 1520 3609 1589 ¹)
3669 1533 3836 1599 quae
3881 1515 4022 1581 eius
4063 1515 4305 1578 famam
4349 1512 4627 1597 graviter

2683 1601 2950 1667 laedant
2994 1610 3060 1666 et
3103 1601 3472 1668 domesticis
3527 1601 3670 1666 eius
3727 1599 4082 1665 commodis
4122 1600 4345 1665 forsan
4510 1599 4629 1665 sint

2684 1687 2925 1753 obesse.
2984 1687 3157 1752 Nam
3192 1694 3453 1770 praeter
3485 1706 3895 1752 communem
3939 1685 4371 1751 humanitatis
4432 1704 4626 1770 egem,

2685 1782 2949 1857 praeter
3006 1772 3402 1839 christianae
3458 1773 3657 1838 etiam
3715 1770 4084 1837 dilectionis
4140 1772 4425 1837 officium
4447 1821 4461 1849 ‚
4519 1770 4630 1837 hoc

2686 1879 2942 1942 quoque
2997 1879 3114 1923 nos
3178 1870 3404 1923 movet
3478 1857 3643 1940 quod
3702 1877 3917 1940 nuper
3975 1865 4343 1943 symmysta
4416 1866 4632 1922 noster

2684 1945 2903 2023 suit.²)
2960 1943 3095 2010 Sed
3140 1944 3293 2027 quia
3334 1965 3411 2009 eo
3455 1952 3729 2008 ventum
3769 1950 3871 2009 est
3912 1950 3991 2008 ut
4024 1951 4244 2009 tacere
4279 1962 4414 2007 non
4453 1942 4635 2008 liceat

2685 2031 2841 2114 quin
2910 2050 3030 2095 nos
3097 2030 3574 2096 substituamus
3637 2049 3784 2094 reos
3847 2028 3920 2093 in
3988 2030 4132 2094 eius
4196 2028 4412 2094 locum
4433 2079 4450 2103 ‚
4511 2029 4632 2093 imo

2683 2137 2885 2200 quum
2943 2115 3087 2199 ipse
3141 2115 3326 2181 nobis
3384 2136 3505 2181 sua
3547 2114 3964 2197 improbitate
4008 2114 4312 2197 loquendi
4355 2113 4636 2179 necessi-

2684 2210 2887 2268 tatem
2931 2201 3245 2286 imponat,
3291 2201 3478 2267 nobis
3525 2201 3717 2266 venia
3761 2200 3905 2266 dari
3947 2197 4156 2278 debet,
4201 2201 4256 2265 si
4294 2219 4451 2264 eum
4499 2219 4636 2282 pro-

2688 2288 2832 2371 priu
2901 2287 3097 2370 culpa
3173 2286 3384 2369 premi
3462 2285 3790 2352 malumus
3866 2306 4061 2367 quam
4128 2306 4247 2351 nos
4311 2285 4639 2349 immerito

2688 2374 2972 2458 gravari.
3056 2371 3449 2455 Quanquam
3497 2393 3581 2436 ne
3626 2372 3788 2438 haec
3834 2371 4095 2454 quidem
4141 2371 4309 2437 ratio
4354 2392 4482 2436 nos
4526 2372 4640 2435 im-

2730 2459 2963 2524 ulisset
2997 2458 3079 2522 ad
3116 2456 3480 2541 detegenda
3515 2458 3655 2523 eius
3690 2458 3960 2541 flagitia,
3998 2458 4126 2522 nisi
4162 2456 4269 2521 hic
4305 2467 4371 2521 et
4391 2454 4644 2523 Christi

2681 2481 2906 2623 bonor,
2945 2555 3012 2608 et
3033 2542 3344 2609 ecclesiae
3367 2543 3732 2627 disciplina,
3770 2553 3839 2608 et
3874 2544 4202 2608 fraternae
4237 2544 4437 2607 etiam
4478 2544 4644 2606 inter

2685 2651 2806 2696 nos
2847 2630 3322 2696 coniunctionis
3366 2630 3535 2695 ratio
3581 2637 3966 2695 verteretur.
4030 2628 4260 2694 Ambit
4295 2629 4480 2693 enim
4519 2627 4644 2691 iam

2684 2718 2753 2781 in
2796 2736 2956 2800 agro
3022 2714 3289 2781 ditionis
3332 2716 3692 2781 Berncnsis
3735 2715 4197 2780 ministerium.
4220 2717 4277 2795 3)
4364 2713 4452 2778 Id
4499 2734 4645 2780 con·

2687 2803 2875 2884 sequi
2920 2822 3052 2866 non
3096 2809 3313 2884 potest
3357 2799 3598 2883 absque
3641 2821 3881 2883 magno
3926 2822 4097 2866 evan
4147 2799 4258 2865 elii
4310 2796 4645 2875 dedecore,

2684 2889 2848 2972 quin
2917 2886 3262 2969 disciplina
3328 2887 3609 2970 pessimo
3679 2886 3981 2969 exemplo
4047 2886 4113 2950 la
4156 2886 4519 2963 efactetur,
4587 2890 4647 2948 et

2684 2971 3093 3039 rescindatur
3143 2972 3359 3037 omnis
3412 2993 3579 3055 quae
3629 2972 3805 3037 inter
3855 2992 3976 3036 nos
4028 2991 4171 3037 esse
4229 2970 4429 3037 debet
4475 2991 4647 3037 com·
4692 3005 4696 3009 <

2686 3058 3061 3125 municatio.
3151 3057 3381 3142 Neque
3427 3057 3506 3124 de
3549 3057 3658 3124 his
3700 3058 3897 3124 rebus
3941 3057 4248 3124 volumus
4293 3057 4493 3124 nobis
4538 3056 4652 3122 ha-

2683 3146 2825 3213 beri
2867 3143 3093 3223 fidem,
3140 3144 3253 3210 scd
3299 3145 3481 3211 vobis
3525 3143 3839 3210 iudicium
3887 3143 4253 3209 deferemus
4295 3153 4650 3227 postquam

2685 3232 2983 3314 exposita
3015 3231 3215 3295 fuerit
3251 3251 3462 3296 causa.
3510 3228 3817 3308 Proinde,
3856 3227 4117 3313 quando
4151 3229 4247 3294 ita
4280 3249 4388 3294 res
4430 3230 4650 3304 habet,

2690 3318 2905 3402 potior
2960 3336 3119 3382 sane
3175 3325 3243 3381 et
3286 3315 3562 3392 Christi,
3598 3322 3665 3380 et
3724 3314 4034 3381 ecclesiae
4094 3315 4422 3380 habeatur
4486 3313 4651 3379 ratio

2687 3423 2882 3487 quam
2918 3403 3116 3468 unius
3150 3402 3391 3486 privati
3425 3400 3731 3480 hominis,
3773 3410 3843 3465 et
3876 3402 4016 3466 eius
4053 3399 4318 3483 quidem
4354 3399 4653 3465 hominis

2686 3509 2912 3572 quem,
2959 3485 3115 3553 dum
3157 3486 3459 3554 videmus
3505 3493 3738 3571 sponte
3780 3486 3950 3551 velle
3992 3487 4240 3569 perire,
4286 3486 4404 3551 vix
4457 3487 4653 3551 mise-

2682 3572 2972 3641 ricordia
3014 3595 3354 3640 censemus
3399 3573 3673 3658 dignum
3718 3571 3924 3638 donec
3967 3570 4051 3637 ad
4086 3572 4413 3638 saniorem
4467 3591 4655 3637 men·

2690 3669 2825 3725 tem
2858 3659 3164 3725 redierit:
3210 3660 3341 3724 nisi
3381 3658 3552 3742 quod
3585 3658 3710 3725 hoc
3743 3678 4000 3743 quoque
4034 3659 4251 3741 ipsum
4286 3655 4657 3723 dolendum

2691 3754 2821 3825 ost,
2882 3746 3073 3811 sicuti
3137 3744 3429 3829 profecto
3496 3743 3789 3810 dolemus
3806 3794 3821 3825 ,
3878 3744 4216 3809 hominem
4282 3764 4481 3810 sacro
4536 3742 4655 3807 mi·

2690 3831 2960 3898 nisterio
3015 3831 3311 3898 functum
3369 3831 3554 3913 quasi
3607 3830 3840 3897 devoto
3909 3831 4130 3896 animo
4185 3829 4310 3896 sibi
4369 3830 4659 3895 exitium

2692 3937 3042 3983 accersere.

2864 4002 3050 4068 Haec
3107 4022 3299 4084 porro
3356 4001 3666 4067 historiae
3710 4020 3967 4068 summa
4010 4009 4128 4067 est.
4149 4002 4209 4085 ⁴)
4295 4000 4455 4067 Hac
4504 4020 4659 4067 con-

2693 4087 2937 4154 ditione
2979 4088 3330 4171 recipimus
3364 4087 3437 4152 in
3472 4085 3819 4171 collegium
3862 4095 4161 4153 nostrum
4194 4086 4549 4152 ministros
4593 4091 4659 4149 ut

2693 4173 3002 4241 ecclesiae
3048 4172 3427 4240 Genevensi
3483 4173 3776 4239 serviant
3832 4181 3967 4238 tam
4012 4173 4083 4238 in
4126 4193 4286 4256 agro
4330 4192 4547 4257 quam
4590 4171 4658 4235 in

2692 4260 2873 4338 urbe,
2920 4279 3306 4343 quocunque
3348 4260 3596 4324 fuerint
3628 4266 3901 4324 senatus
3935 4259 4284 4325 autoritate
4319 4267 4390 4323 et
4424 4267 4661 4324 nostro

2691 4344 2935 4412 iudicio
2992 4344 3318 4411 destinati.
3405 4344 3538 4411 Hic
3594 4365 3678 4409 ex
3721 4365 3881 4428 agro
3901 4347 3958 4422 ὅ)
4014 4345 4083 4409 in
4127 4342 4363 4408 urbem
4406 4344 4664 4411 accitus

2692 4431 2939 4511 fuerat,
3005 4451 3134 4514 quo
3198 4441 3493 4513 tempore
3554 4452 3662 4496 res
3727 4440 3920 4496 erant
3993 4429 4313 4495 turbatae.
4407 4430 4661 4496 Postea

2727 4685 2860 4741 717.
2897 4686 2954 4750 1)
2996 4686 3058 4740 Is
3092 4688 3205 4741 iam
3241 4685 3294 4739 d.
3332 4684 3382 4738 8.
3424 4683 3568 4753 Sept.
3604 4701 3641 4739 α
3674 4691 3869 4740 senatu
3907 4687 4209 4741 Geneveusi
4240 4701 4474 4741 munere
4510 4683 4664 4741 atas·-

2694 4764 2851 4811 catus
2898 4755 3008 4820 (Re
3045 4795 3056 4807 .
3093 4755 3169 4809 du
3217 4753 3431 4809 Comei!
3460 4756 3555 4819 fol.
3589 4752 3715 4821 233)
3765 4753 4072 4809 Ber-nenses
4116 4755 4339 4810 adierat
4380 4761 4451 4809 ut
4500 4751 4669 4809 classi

2701 4825 2936 4880 Gaieuci
2968 4825 2992 4890 (
3122 4826 3145 4888 )
3184 4822 3592 4892 adiunqcretur,
3625 4828 3675 4878 et
3709 4824 3770 4876 in
3806 4837 3926 4876 eum
3959 4822 4118 4890 finem
4150 4825 4278 4893 plus
4314 4825 4489 4877 semel
4518 4820 4597 4886 (2.
4617 4824 4664 4874 ct

2694 4893 2780 4949 20.
2823 4894 2962 4958 Oct.)
3003 4893 3365 4947 testimouium
3399 4893 3510 4947 sibi
3539 4891 3671 4945 dari
3698 4892 4000 4959 postulavit
4034 4892 4096 4956 (Ζ.
4131 4892 4166 4947 1.
4199 4892 4245 4958 f.
4283 4890 4441 4957 268).
4513 4888 4666 4959 Quae

2693 4965 2806 5029 fuit
2845 4957 4663 5017 GoloiuocaucautBemeneibucccnberetnetalen-cibicol·

2693 5033 2866 5101 Μ’*
2899 5030 3113 5163 {⁹3⁸0ng
3126 5035 3502 5165 ΞἭὪ.
3537 5096 3586 5151 2.

2899 5166 2956 5227 3)
3000 5164 3159 5236 Quod
3194 5174 3245 5223 et
3278 5168 3509 5223 obtinuit
3542 5166 3668 5221 vide
3701 5164 3779 5220 N.
3806 5164 3925 5219 739.
3952 5164 4058 5219 740
4090 5170 4141 5220 et
4178 5164 4313 5231 Rea.
4333 5163 4411 5219 du
4441 5161 4667 5220 Comaei!

2695 5237 2774 5292 aa
2805 5234 3368 5370 ll‘ssa'liiffiudem
3401 5302 3638 5358 recurrit
3660 5301 3819 5370 infra
3841 5304 3903 5358 iu
3925 5319 4007 5373 ep.
4033 5304 4112 5358 ad
4139 5301 4377 5358 Gmcnse'
4376 5318 4407 5356 ε
4436 5303 4522 5359 Ν.
4546 5300 4661 5356 741.

2903 5374 2962 5440 5)
3002 5373 3093 5429 De
3126 5377 3241 5430 loco
3276 5389 3343 5428 esc
3378 5371 3733 5427 Archiuardo
3765 5387 3876 5428 non
3912 5378 4141 5429 constat.
