4825 6175
195 401 336 464 665

195 610 386 657 vous
433 594 915 658 souhaitteriez
956 590 1175 658 destre
1216 593 1339 677 icy.
1407 591 1581 658 Mais
1626 591 1681 657 si
1724 611 1891 657 vous
1933 615 1980 676 y
2013 593 2203 658 vien·

197 677 371 743 drez
422 697 528 743 ou
576 700 727 758 non,
774 698 949 763 quon
993 679 1057 744 le
1100 699 1295 744 verra
1338 698 1496 744 avec
1539 677 1604 743 le
1638 684 1869 761 temps.

395 763 769 830 'Pouchant
801 764 865 829 le
897 775 1252 849 payement
1285 764 1449 828 dont
1471 783 1633 829 vous
1668 784 1776 828 me
1808 763 2202 841 touchastes,

194 849 265 914 ie
312 868 500 933 croy
555 870 682 934 que
738 871 904 915 vous
957 871 1043 915 en
1097 849 1512 915 demeurerez
1568 848 1649 914 de
1690 849 1819 914 bon
1875 849 2126 915 accord.
2146 853 2206 927 4)

194 932 328 1000 Du
379 942 603 1015 reste,
649 956 817 1004 nous
860 957 944 1001 en
986 935 1327 1019 parlerons
1382 941 1588 1018 quant
1630 955 1793 1000 vous
1852 956 2031 999 serez
2089 957 2205 1002 sur

197 1019 268 1086 le
319 1020 500 1086 lieu.
598 1022 774 1086 'Dant
819 1044 865 1104 y
908 1041 949 1085 a
989 1021 1220 1105 que-le
1262 1022 1567 1086 ministre
1611 1019 1698 1085 du
1740 1020 1982 1104 village
1999 1022 2060 1103 ὅ)
2105 1028 2208 1086 081

199 1103 510 1172 homme
562 1107 644 1173 de
701 1107 915 1172 bonne
958 1117 1151 1173 sorte.
1255 1106 1428 1171 Mais
1480 1126 1554 1170 ce
1608 1127 1754 1171 sera
1810 1126 1850 1170 a
1905 1126 2069 1172 vous
2123 1105 2204 1172 de

204 1193 612 1273 conclurre,
655 1200 859 1277 quant
895 1213 1059 1258 vous
1093 1214 1272 1258 serez
1314 1213 1510 1257 venu.
1576 1191 1673 1258 Oe
1715 1191 2007 1275 pendant
2039 1213 2205 1258 nous

201 1277 688 1363 regarderons
733 1299 810 1345 08
852 1286 921 1343 01
961 1278 1027 1342 18
1070 1298 1237 1363 pour
1279 1279 1465 1343 avoir
1519 1276 1581 1343 le
1624 1278 1805 1343 chois
1850 1277 1930 1342 de
1973 1299 2046 1343 ce
2090 1279 2204 1362 qui

206 1384 393 1431 vous
443 1364 670 1449 plaira
710 1364 774 1429 le
819 1365 1083 1429 mieulx.
1172 1363 1248 1429 Ie
1291 1363 1618 1448 garderay
1672 1363 1767 1429 les
1824 1362 1995 1427 deux
2038 1364 2205 1447 quit-

205 1458 464 1517 180008
515 1450 751 1534 iusque
795 1472 836 1515 a
878 1463 1098 1515 vostre
1139 1472 1372 1516 venue.

404 1534 564 1602 Sur
598 1557 686 1612 ce,
725 1535 1213 1621 Monseigneur,
1250 1556 1444 1621 apres
1478 1541 1718 1601 mestre
1750 1532 2207 1601 humblement

206 1621 711 1688 roeommande
775 1644 816 1688 a
883 1632 1100 1688 vostre
1153 1624 1370 1689 bonne
1426 1642 1645 1706 grace,
1713 1622 1773 1686 ie
1826 1620 2205 1705 81111111101115Γ

211 1715 466 1773 nostre
517 1708 651 1774 bon
692 1709 868 1774 Dieu
913 1708 993 1774 de
1039 1729 1200 1774 vous
1243 1708 1598 1773 maintenir
1638 1707 1972 1773 tousiours
2012 1726 2093 1771 en
2131 1728 2206 1772 88

209 1792 461 1878 garde,
506 1814 673 1860 vous
717 1793 1031 1860 conduire
1072 1815 1193 1877 par
1231 1814 1346 1859 son
1377 1794 1590 1858 sainct
1623 1795 1883 1876 espritz,
1929 1801 1997 1856 et
2037 1814 2203 1858 vous

214 1880 521 1946 88818101·
566 1901 650 1945 00
691 1887 837 1945 1001
879 1884 946 1945 et
986 1889 1266 1963 pal-tout.
1355 1879 1537 1944 Nous
1581 1900 1749 1944 vous
1792 1879 2035 1962 prions,
2094 1898 2205 1943 ma

211 1965 483 2030 femme
534 1972 603 2030 et
643 1987 818 2050 moy,
862 1964 944 2030 de
982 1977 1322 2048 presenter
1365 1965 1541 2030 aussi
1584 1985 1709 2029 noz
1752 1963 2055 2030 humbles
2097 1983 2202 2028 re-

213 2050 816 2118 commandations
859 2072 898 2114 8
933 2050 1444 2129 Madamoiselle,
1489 2070 1644 2116 sans
1687 2048 1939 2115 oublier
1972 2047 2202 2114 Made-
2245 2104 2251 2110 .

213 2136 543 2203 moiselle
602 2135 682 2204 de
739 2135 1019 2203 Bredan.

225 2227 425 2287 1548.
452 2224 519 2298 ⁶)

404 2360 667 2425 Vostre
709 2361 1055 2437 serviteur,
1101 2358 1368 2425 humble
1411 2359 1584 2425 frere
1629 2367 1698 2424 et
1739 2358 1953 2424 entier
1994 2377 2167 2442 amy,

1480 2478 1693 2544 Iehan
1736 2476 1998 2544 Calvin.

1109 2137 1203 2204 Oe
1268 2136 1702 2220 penultiesme
1766 2134 1848 2200 de
1914 2134 2202 2200 febvrier

404 2685 490 2752 Ie
535 2705 824 2769 pensoye
860 2687 1010 2751 bien
1045 2707 1171 2768 que
1215 2684 1276 2750 le
1320 2684 1448 2751 sire
1490 2682 1751 2751 Nicolas
1794 2683 2015 2751 devoit
2102 2706 2198 2751 ar-

217 2771 335 2851 tir,
383 2779 461 2836 et
507 2780 684 2836 estre
728 2771 789 2835 le
832 2772 1207 2855 messaiger.
1296 2771 1468 2836 Mais
1521 2791 1595 2834 ce
1654 2790 1803 2836 sera
1843 2791 2010 2855 pour
2049 2707 2201 2856 {icy

222 2876 261 2921 a
307 2856 515 2940 cincq
560 2876 646 2922 ou
689 2857 795 2923 six
838 2857 1032 2922 iours.
1136 2857 1231 2922 Oe
1290 2853 1583 2940 pendant
1637 2877 1765 2940 que
1816 2877 1951 2942 nay
1999 2857 2197 2923 voulu

225 2941 515 3009 differor
572 2962 611 3006 a
669 2942 919 3009 donner
961 2942 1055 3008 les
1098 2951 1437 3025 presentes
1506 2964 1545 3008 a
1602 2941 1944 3009 Monsieur
1997 2941 2200 3009 Bien-

225 3030 423 3096 assis.
446 3031 511 3112 ⁷)

1146 3488 1301 3560 999.

646 3643 1117 3713 OALVINUS
1158 3643 1793 3712 BULLINGERO.

421 3813 704 3884 criticas
770 3836 927 3883 suas
987 3817 1062 3882 de
1123 3816 1281 3883 libro
1335 3816 1704 3902 Buzlmyem·
1759 3817 2202 3883 observationes

239 3906 502 3967 acuent
543 3906 598 3966 et
636 3903 912 3968 vindicat
928 3954 943 3981 ,
998 3923 1363 3971 consensum
1403 3905 1561 3969 votis
1603 3903 1839 3987 expetit,
1885 3904 2197 3984 discepta-

237 3989 468 4054 tionem
510 3988 889 4070 deprecatur.

241 4158 350 4223 (Ex
387 4157 733 4228 autographo
770 4159 985 4214 Archiv.
1022 4161 1197 4214 Turic.
1235 4160 1377 4215 Plut.
1413 4161 1504 4215 VI.
1542 4159 1668 4214 Vol.
1704 4157 1840 4242 166„
1858 4160 1950 4214 fol.
1986 4157 2036 4213 5.
2067 4229 2080 4241 ⁸
2096 4160 2197 4213 Le-

238 4227 387 4307 gitur
421 4235 712 4297 praeterea
743 4228 802 4280 in
822 4228 949 4281 Cod.
969 4230 1167 4284 Genev.
1190 4228 1304 4294 111,
1341 4230 1432 4285 fol.
1455 4226 1560 4282 175
1575 4235 1632 4282 et
1646 4227 1753 4310 ‘180
1785 4229 1871 4282 bis
1906 4229 2196 4298 descripta,

241 4312 296 4347 ¹¹¹
324 4297 520 4419 {312²ss
560 4296 742 4435 3532,
828 4314 897 4418 St
931 4299 1197 4438 R‘thpss:
1228 4297 1438 4437 3133.
1470 4296 2195 4436 ‘Rugtffffffifisltfss

248 4550 692 4620 Ornatissimo
733 4558 876 4621 viro
916 4554 1003 4621 D.
1050 4555 1386 4622 Henricho
1420 4554 1805 4639 Bullingero
1841 4554 2197 4639 Tigurinae

251 4640 559 4706 ecclesiae
603 4640 733 4706 fido
777 4643 1021 4726 pastori
1065 4642 1253 4707 fratri
1298 4652 1364 4706 et
1398 4649 1800 4727 symmystae
1844 4640 2195 4707 carissime.

297 4853 306 4862 ⁸
421 4776 493 4844 S.
562 4776 741 4858 Quid
785 4777 1112 4844 obstiterit
1147 4780 1492 4861 quominus
1535 4775 1654 4842 tibi
1696 4778 1887 4844 citius
1927 4798 2196 4861 respon-

519 4919 659 4926 —.——

454 4982 516 5048 4)
544 4984 967 5066 ‘Probabzemmt
1011 5000 1089 5038 aa
1132 4984 1274 5051 sajet
1317 4985 1386 5040 de
1417 4986 1618 5041 Pachai
1650 5001 1722 5040 ou
1757 4985 1823 5038 de
1868 4982 1927 5038 la
1959 4983 2196 5038 locatim

454 5119 516 5187 5)
556 5121 636 5174 M.
654 5093 667 5105 ’
686 5121 753 5175 aa
801 5122 1003 5176 Palaia
1050 5118 1280 5175 ε’έιαιιιετ
1338 5123 1375 5176 ὰ
1423 5123 1604 5193 Veiqy,
1664 5122 1859 5191 ocum
1902 5121 2192 5189 samium,

256 5203 364 5242 non
396 5190 511 5243 lein
542 5190 611 5244 de
649 5189 861 5245 60110οο
898 5189 1067 5259 (Opp.
1104 5189 1245 5244 v111.
1283 5189 1410 5253 152)
1448 5197 1500 5246 et
1532 5196 1902 5260 apporta-ant
1933 5192 1970 5245 ἀ
1992 5190 2176 5244 Reme

455 5257 515 5395 ‘⁷⁵3
545 5256 1191 5383 affl..
1225 5275 1371 5312 m
1405 5257 1557 5315 ¹⁵⁴⁸·

254 5050 411 5107 d’moe

1928 406 2093 468 1548
2138 403 2606 470 FEBRUAR.

4128 412 4251 474 666

2308 591 2521 657 derim
2545 590 2594 674 Ι)
2638 593 2751 658 vix
2794 594 2945 670 scio,
2990 595 3121 660 nisi
3166 595 3341 679 quod
3385 596 3679 661 nondum
3721 617 3795 661 se
3836 596 4073 662 obtulit
4112 619 4254 664 oer-

2306 686 2418 744 tus
2461 679 2745 745 nuncius
2787 680 2900 761 qui
2942 701 3049 744 me
3092 679 3175 745 ad
3218 681 3623 764 diligentiam
3660 682 3992 748 excitaret.
4054 682 4253 750 Nunc

2305 784 2484 842 vero,
2531 785 2736 847 quum
2779 764 3071 850 legatum
3106 767 3287 832 urbis
3321 777 3579 833 vestrae
3608 768 3717 833 hic
3758 789 3902 833 esse
3937 768 4252 845 audirem,

2307 851 2716 915 committere
2758 851 2937 916 nolui
2981 859 3057 916 ut
3099 854 3242 918 sine
3284 853 3448 919 meis
3491 852 3701 917 literis
3746 853 4122 919 discederet.

2479 936 2787 1021 Longam
2834 935 3016 1001 1118111
3060 940 3570 1021 responsionem,
3627 940 3694 1003 10
3739 961 3867 1020 qua
3910 941 4129 1003 omnia
4174 940 4255 1006 de

2308 1020 2545 1103 quibus
2602 1025 2744 1103 te2)
2798 1021 3263 1089 admonueram
3321 1036 3619 1089 accurate
3675 1025 3921 1090 diluere
3979 1028 4253 1105 conaris,

2307 1105 2568 1171 silentio
2613 1116 2965 1189 praetereo.
3034 1107 3214 1189 Quid
3258 1111 3433 1174 enim
3477 1112 3717 1174 attinet
3751 1111 3924 1174 inter
3960 1134 4077 1176 nos
4121 1111 4254 1177 dis·
4331 1135 4338 1145 ·

2306 1191 2613 1275 ceptare?
2702 1193 3098 1260 Notaveram
3162 1195 3231 1258 in
3303 1195 3469 1260 libro
3534 1203 3644 1259 tuo
3707 1216 3874 1278 quae
3928 1197 4032 1260 vel
4088 1197 4254 1261 mihi

2307 1297 2443 1341 non
2485 1277 2840 1361 placerent,
2886 1279 2995 1344 vel
3035 1290 3303 1363 possent
3345 1280 3492 1346 aliis
3537 1280 3894 1363 displicere.
3940 1283 4040 1347 vel
4087 1303 4255 1365 quae

2307 1364 2435 1446 piis
2478 1385 2555 1429 ac
2599 1362 2805 1429 doctis
2848 1365 3011 1430 viris
3054 1366 3401 1449 probatum
3464 1368 3539 1430 iri
3586 1365 3966 1432 diffiderem.
4055 1368 4252 1434 Fece·

2306 1469 2451 1513 ram
2491 1448 2560 1513 id
2604 1461 2718 1514 tuo
2760 1458 3011 1534 rogatu.
3100 1451 3401 1518 Functus
3447 1473 3591 1516 sum
3635 1453 3824 1516 amici
3870 1453 4094 1518 officio,
4175 1452 4253 1520 si

2307 1542 2382 1598 tu
2442 1533 2633 1599 aliter
2683 1538 2917 1613 sentia,
2976 1557 3096 1621 per
3147 1558 3252 1602 me
3306 1536 3423 1602 tibi
3478 1536 3758 1603 liberum
3818 1548 3932 1604 est.
3950 1544 4006 1615 ⁸)
4109 1540 4255 1604 Hoc

2308 1620 2570 1703 quidem
2616 1641 2749 1685 non
2794 1629 3194 1705 postremum
3240 1632 3412 1689 esset
3463 1626 3534 1688 in
3592 1625 3759 1689 votis
3814 1625 3975 1689 meis
4028 1633 4102 1688 ut
4145 1645 4252 1706 pe-

2308 1706 2486 1771 nitus
2528 1706 2704 1771 inter
2746 1728 2865 1772 nos
2908 1709 3302 1773 conveniret.
3392 1709 3643 1774 Verum
3682 1718 4006 1793 utcunque
4048 1712 4258 1775 maior

2308 1790 2555 1856 Christi
2601 1794 3103 1860 communicatio
3160 1794 3325 1859 mihi
3379 1796 3447 1858 in
3505 1797 3927 1861 sacramentis
3984 1803 4253 1876 constet,

2308 1897 2505 1959 quam
2569 1877 2782 1943 verbis
2841 1880 2972 1944 tuis
3027 1881 3388 1961 exprimas,
3447 1902 3580 1945 non
3637 1888 3855 1946 tamen
3912 1891 4256 1965 propterea

2307 1962 2679 2029 desinemus
2753 1964 3031 2030 eundem
3113 1964 3352 2031 habere
3420 1965 3758 2031 Christum
3832 1976 3901 2031 et
3977 1968 4050 2032 in
4114 1971 4255 2051 ipso

2306 2068 2515 2113 unum
2560 2070 2721 2115 esse.
2818 2050 3187 2134 Aliquando
3233 2052 3399 2116 forte
3441 2052 3510 2116 in
3571 2072 3959 2117 consensum
4003 2053 4255 2136 plenio-

2306 2155 2447 2199 rem
2491 2135 2846 2201 coalescere
2902 2136 3177 2202 dabitur.
3264 2137 3410 2221 Ego
3467 2138 3943 2222 ingenuitatem
3998 2160 4257 2224 semper

2308 2221 2558 2285 amavi:
2624 2223 2902 2306 argutiis
2955 2243 3087 2287 non
3128 2222 3431 2299 delector,
3477 2233 3545 2288 et
3585 2225 4071 2307 perspicuitatis
4114 2225 4254 2291 lau-

2307 2306 2457 2370 dem
2495 2307 2657 2371 mihi
2704 2306 3006 2373 tribuunt
3047 2309 3161 2390 qui
3196 2307 3354 2374 alios
3391 2309 3802 2375 obscuritatis
3846 2309 4252 2377 insimulant.

2305 2392 2539 2476 Itaque
2594 2413 2717 2458 nec
2772 2392 3070 2459 vafrities
3131 2394 3293 2459 mihi
3352 2395 3542 2461 obiici
3598 2404 3842 2480 potest,
3914 2397 4024 2480 qui
4082 2396 4254 2461 nihil

2304 2486 2520 2542 astute
2564 2478 2633 2543 in
2668 2479 3009 2544 hominum
3045 2481 3322 2564 gratiam
3358 2480 3611 2557 simulo,
3657 2490 3724 2545 et
3767 2481 4122 2565 simplicior
4156 2490 4256 2547 est

2303 2584 2453 2629 mea
2494 2562 2766 2629 docendi
2807 2566 2974 2629 ratio
3010 2586 3204 2648 quam
3240 2577 3315 2630 ut
3348 2567 3684 2633 sinistram
3721 2565 4006 2651 aliquam
4041 2570 4254 2650 suspi-

2302 2649 2556 2715 cionem
2603 2650 2922 2727 admittat‚
2967 2659 3032 2715 et
3077 2653 3285 2736 magis
3328 2652 3649 2736 explicata
3683 2674 3881 2735 quam
3915 2664 3994 2718 ut
4026 2653 4253 2719 obscu-

2303 2736 2518 2800 ritatis
2564 2737 2828 2801 nomine
2870 2735 3199 2803 offendere
3243 2735 3490 2803 debeat.
3579 2736 3774 2820 Quod
3832 2739 3888 2804 81
3931 2738 4075 2805 aliis
4118 2762 4251 2803 non

2303 2841 2626 2904 peraeque
2670 2822 3015 2901 satisfacio,
3062 2821 3279 2888 danda
3321 2834 3421 2889 est
3463 2826 3672 2903 venia,
3718 2826 3869 2908 quia
3911 2825 4083 2890 bona
4127 2824 4254 2891 fide

2303 2906 2477 2990 quod
2523 2907 2687 2971 mihi
2726 2905 2953 2973 datum
2999 2915 3116 2987 est,
3178 2930 3253 2974 80
3294 2910 3549 2976 sincero
3592 2910 3905 2988 caudore,
4006 2911 4252 2976 rofiteri

2304 2992 2555 3058 studeo.
2645 2991 2869 3073 Quare
2912 3015 3123 3076 nuper
3165 2997 3439 3061 miratus
3482 3017 3648 3074 sum,
3706 3018 3907 3080 quum
4017 2996 4255 3063 asileae

2305 3101 2535 3160 essem,
2581 3086 2763 3145 tuam
2799 3080 3149 3164 querelam,
3194 3104 3362 3166 quae
3397 3083 3477 3148 ab
3513 3085 3720 3149 amico
3737 3085 3796 3167 ⁴)
3833 3082 4252 3164 referebatur,

2307 3185 2413 3230 me
2476 3165 2668 3231 aliter
2721 3166 3012 3232 docuisse
3068 3169 3137 3233 in
3206 3169 3395 3234 meis‘
3427 3170 3913 3235 commentariis
3930 3173 3986 3249 ⁵)
4055 3191 4253 3254 quam

2304 3252 2493 3317 vobis
2537 3272 2746 3330 essem
2792 3252 3137 3335 pollicitus.
3160 3255 3216 3337 ⁶)
3296 3254 3631 3338 Respondi
3673 3277 3807 3321 uno
3848 3256 4045 3320 verbo
4081 3255 4253 3339 quod

2304 3359 2540 3402 verum
2583 3345 2744 3417 erat,
2796 3360 2929 3402 000
2973 3338 3165 3404 aliter
3221 3361 3326 3404 me
3369 3341 3599 3425 'Piguri
3642 3342 3823 3425 loqui
3877 3362 4073 3424 quam
4114 3342 4251 3408 Ge·-

2305 3433 2533 3488 nev‘ae.
2628 3422 3021 3508 Quanquam
3087 3424 3208 3490 hoc
3274 3432 3482 3492 totum
3497 3479 3513 3506 ‚
3580 3428 4026 3510 qualecunque
4091 3434 4250 3505 erat,

2304 3510 2509 3574 malui
2573 3511 2714 3575 eius
2780 3511 2985 3575 errori
3005 3541 3039 3585 ,·
3086 3510 3198 3594 qui
3261 3512 3602 3588 narrabat,
3670 3514 3975 3579 tribuere.
4085 3513 4252 3597 Ego,

2304 3617 2509 3677 quum
2549 3595 2713 3682 mihi
2756 3596 3194 3678 periculosum
3237 3606 3410 3663 esset
3449 3598 3694 3681 liquido
3738 3599 4033 3682 profiteri
4077 3598 4254 3681 quod

2304 3682 2687 3759 sentiebam,
2733 3681 2893 3748 adeo
2931 3701 3070 3747 non
3113 3681 3350 3748 deflexi
3391 3705 3431 3748 a
3472 3693 3651 3750 recta
3693 3686 3888 3764 linea,
3934 3694 4009 3749 ut
4053 3683 4254 3750 libere

2302 3773 2370 3832 et
2411 3775 2787 3833 constanter
2827 3788 2914 3832 ex
2955 3768 3189 3833 intimo
3232 3770 3436 3834 animi
3491 3772 3621 3835 mei
3675 3792 3869 3836 sensu
3926 3770 4252 3854 loquendo

2302 3854 2410 3917 vel
2454 3852 2885 3937 rigidissimos
2920 3853 3004 3919 ad
3039 3853 3324 3938 aliquam
3358 3854 3866 3921 moderationem
3903 3857 4251 3922 flecterem.

2304 3937 2445 4004 Cur
2496 3961 2668 4004 nunc
2736 3938 2917 4003 nulla
2969 3939 3357 4006 necessitate
3424 3962 3543 4025 pro
3591 3944 3758 4007 osita
3811 3951 4132 4007 mutarem
4187 3949 4253 4006 et

2301 4024 2642 4089 consilium
2688 4034 2754 4088 et
2796 4024 3134 4091 animum?
3199 4025 3453 4092 Verum
3496 3963 3590 4092 icf
3607 4029 3984 4094 hominibus
4027 4029 4084 4093 si
4128 4028 4253 4092 mi·

2301 4131 2427 4174 nus
2469 4109 2846 4192 persuadeO,
2893 4118 3238 4177 contentus
3281 4131 3392 4177 ero
3430 4112 3572 4178 Deo
3605 4113 4025 4198 professionis
4069 4134 4252 4178 meae

2301 4202 2489 4261 teste.

2472 4281 2577 4346 De
2620 4281 2815 4346 rebus
2848 4281 3101 4365 gallicis
3129 4281 3318 4364 plura
3352 4292 3420 4348 et
3454 4283 3689 4350 melius
3722 4286 3965 4350 referet
3996 4283 4251 4367 legatus

2298 4377 2518 4432 vester
2538 4366 2592 4447 ⁷)
2637 4387 2833 4449 quam
2877 4387 2997 4451 ego
3030 4366 3244 4433 literis
3277 4368 3620 4451 complecti
3659 4390 3913 4453 queam.
3979 4368 4250 4435 Utinam

2301 4460 2524 4518 essent
2579 4451 2899 4528 eiusmodi
2959 4473 3124 4535 quae
3196 4452 3479 4519 libenter
3540 4455 3832 4522 audires:
3903 4453 4015 4519 sed
4083 4453 4249 4518 nihil

2335 4708 2477 4762 909.
2512 4706 2572 4772 1)
2610 4707 2688 4762 ad
2718 4708 2997 4776 epistolam
3031 4708 3184 4763 illam
3216 4708 3555 4831 (ὶὲρηᾱίέαηι
3589 4711 3655 4764 de
3689 4707 4031 4780 quamam,
4063 4709 4244 4764 nota

2505 4775 2567 4842 2)
2604 4777 3003 4863 Autoqraphon
3034 4778 3220 4832 habet.-
3292 4795 3337 4832 e.

2504 4844 2566 4911 3)
2603 4846 2697 4899 Ita
2729 4843 3015 4915 αποτόμως
3048 4845 3302 4915 loquum
3347 4862 3495 4901 anno
3534 4847 3793 4914 proximo
3838 4847 3994 4914 pacis
4044 4846 4247 4899 studio-

2297 4915 2493 4968 siorem
2502 4920 2579 5033 401
2609 4915 2979 5037 moda-{tiaran
3000 4930 3140 5036 ρ111010
3185 4930 3319 4970 suae
3351 4917 3645 4970 sententiae
3689 4915 4027 4983 adstipulari
4060 4916 4245 4984 coeqit.

2602 4987 2694 5036 An
2834 4984 2992 5039 conio

2502 4983 2566 5114 53
2600 5056 2663 5105 in
2691 5002 2929 5121 prigna-
2966 5053 3042 5107 ad
3079 5050 3404 5106 Corinthios.

2503 5118 2562 5185 6)
2598 5121 2811 5190 miden·
2845 5122 3067 5186 sedicet,
3115 5136 3282 5190 quum
3323 5120 3656 5175 Genevenaes
3698 5136 3819 5175 cum
3852 5121 3984 5174 aliis
4017 5134 4246 5175 commu·

2296 5204 2419 5242 nen
2454 5190 2520 5243 de
2555 5190 2890 5245 eucharistia
2921 5190 3309 5255 confessionem
3343 5189 3629 5244 ediderint.

2504 5257 2566 5326 7)
2609 5257 2764 5313 Unus
2808 5275 2992 5313 eorum
3038 5258 3107 5311 de
3139 5257 3336 5326 quibua
3371 5256 3442 5312 N
3472 5257 3592 5321 995,
3623 5264 3735 5313 not.
3770 5256 3821 5310 6.
3891 5257 4074 5312 Errat
4120 5271 4245 5325 erqo

2302 5324 2523 5382 Ruchat
2570 5326 2631 5382 7.
2660 5325 2767 5381 388
2798 5330 2897 5397 qui
2929 5342 3020 5381 eos
3050 5340 3232 5381 mense
3266 5325 3480 5382 deinum
3518 5328 3733 5382 Martio
3764 5326 3994 5381 rediisse
4027 5328 4122 5379 ait.
