4825 6175
177 422 300 492 &9

175 616 448 695 vidiam,
499 636 893 702 progressus
935 618 1076 702 ipse
1117 618 1334 703 palam
1375 618 1600 698 faciet,
1655 628 1852 704 atque
1894 620 2146 686 utinam

173 722 353 769 nunc
397 704 754 789 vobiscum
798 724 1188 785 arcesserer,
1246 726 1329 770 ne
1371 704 1537 771 mihi
1578 704 1922 772 subeunda
1976 712 2150 772 esset

173 789 588 855 temeritatis
629 791 821 867 fama,
867 791 924 855 si
967 790 1278 856 venirem.
1367 789 1763 874 Quanquam
1809 810 1939 858 non
1983 790 2147 857 adeo

173 875 350 940 valet
395 874 592 959 apud
644 894 753 941 me
812 876 1154 942 hominum
1211 877 1460 960 opinio:
1529 876 1646 942 sed
1701 898 1810 943 me
1867 876 2147 944 nocendi

172 962 371 1027 timor
418 962 860 1028 constrictum
905 971 1106 1027 tenet.
1172 962 1285 1028 Me
1330 970 1508 1029 certe
1549 963 1645 1028 ita
1689 961 1874 1030 vobis
1915 971 2148 1029 notum

173 1069 314 1115 esse
351 1047 644 1123 confido,
690 1062 767 1113 ut
799 1049 870 1112 in
905 1046 1020 1112 tali
1055 1068 1255 1114 causa
1289 1048 1660 1114 timiditatis
1693 1070 1830 1115 non
1873 1046 2142 1115 debeam

175 1154 315 1199 esse
363 1144 741 1217 suspectus.
809 1132 1006 1200 Nunc
1051 1134 1108 1198 si
1151 1154 1274 1199 vos
1311 1134 1537 1200 horter
1570 1134 1654 1200 ad
1688 1135 2143 1214 constantiam,

172 1216 453 1285 videbor
493 1219 684 1286 vobis
719 1220 1028 1285 iniuriam
1063 1219 1292 1286 faeere.
1362 1218 1562 1287 Scitis
1603 1240 1732 1304 qua
1773 1221 2147 1287 conditione

175 1307 566 1373 serviamus
611 1304 917 1370 Domino.
1005 1306 1240 1390 Longe
1283 1307 1618 1390 graviores
1659 1306 1945 1389 impetus
1986 1314 2147 1371 sunt

173 1391 587 1457 sustinendi:
660 1409 1034 1475 quanquam
1103 1412 1237 1456 non
1306 1393 1536 1476 ignoro
1602 1412 1800 1475 quam
1863 1391 2147 1457 exitialis

174 1478 260 1544 sit
299 1477 475 1543 haec
522 1479 740 1562 plaga,
786 1494 919 1542 non
963 1485 1220 1541 tantum
1264 1477 1498 1542 multis
1538 1476 1828 1544 ecoledis
1871 1476 1986 1544 sed
2028 1477 2148 1543 tou·

175 1564 554 1630 christiano
609 1563 769 1628 orbi.
874 1561 1009 1627 Sed
1068 1574 1377 1628 eventum
1395 1614 1410 1641 ,
1468 1563 1937 1646 qualiscunque
2001 1564 2145 1641 erit,

173 1650 471 1715 Domino
519 1645 1072 1716 commendemus.
1177 1646 1519 1730 Quantum
1575 1648 1660 1713 ad
1704 1650 1998 1733 privatas
2039 1669 2145 1714 ra-

175 1737 388 1801 tiones
437 1748 702 1801 nostras
746 1740 1023 1817 spectat,
1082 1733 1230 1816 plus
1288 1755 1483 1818 quam
1541 1744 1733 1818 turpe
1791 1744 1977 1813 esset,
2023 1755 2147 1800 nos

175 1833 514 1905 pastoreS,
581 1825 690 1905 qui
749 1819 1003 1903 plebem
1065 1819 1410 1885 hortamur
1466 1820 1550 1899 ad
1593 1821 1983 1905 sanguinem
2029 1841 2146 1903 pro

179 1906 433 1973 Christi
487 1907 865 1972 testimonio
907 1904 1336 1983 fundendum,
1383 1906 1715 1972 labascere
1769 1905 1902 1971 ullo
1941 1916 2144 1971 metu.

176 1992 372 2059 Nunc
420 2014 586 2058 vero
645 1991 803 2075 quid
859 1990 984 2057 diei
1043 1991 1283 2073 poterit
1324 1993 1399 2071 si,
1461 2002 1536 2057 ut
1576 1992 1979 2057 retineamus
2021 1992 2145 2057 mi-

176 2080 441 2144 nisterii
503 2080 857 2156 honorem,
918 2077 1278 2142 deserimus
1317 2086 1388 2142 et
1433 2077 1776 2145 Christum
1830 2085 1899 2144 et
1947 2098 2148 2144 evan·

177 2164 482 2250 gelium?
579 2163 939 2229 Exsultent
979 2163 1134 2227 licet
1183 2162 1265 2227 ad
1311 2172 1714 2229 momentum
1770 2162 2149 2241 adversarii,

179 2262 332 2335 post
365 2251 625 2316 editam
660 2248 1128 2317 confessionem
1167 2247 1469 2314 ultimam
1503 2249 1653 2333 plus
1687 2249 1955 2316 habebit
1988 2270 2147 2332 pon·

180 2336 356 2402 deris
394 2348 631 2402 vestra
664 2334 1051 2413 constantia,
1099 2335 1293 2399 etiam
1339 2334 1632 2414 tacendo,
1678 2355 1874 2418 quam
1920 2355 2150 2400 omnes

183 2422 726 2489 adversariorum
768 2427 1141 2502 κενοφωνίω,
1185 2420 1445 2486 etiamsi
1468 2418 1551 2485 ad
1578 2421 1903 2487 insaniam
1946 2440 2153 2504 usque

185 2509 701 2575 tumultuentur.
769 2506 998 2589 Neque
1033 2505 1195 2572 haec
1229 2506 1299 2571 in
1333 2506 1572 2572 umbra
1604 2506 1885 2589 disputo.
1945 2506 2151 2572 Nobis

186 2615 544 2661 commune
584 2594 711 2658 erit
753 2602 1104 2658 certamen.
1171 2593 1459 2656 Tantum
1503 2592 1626 2659 hoc
1669 2594 1946 2658 interest
1976 2592 2151 2675 quod

186 2681 529 2745 Dominus
575 2698 690 2743 vos
733 2679 802 2742 in
847 2678 986 2744 acie
1028 2676 1371 2744 collocavit
1386 2728 1400 2754 ,
1455 2697 1576 2757 nos
1633 2687 1854 2744 autem
1898 2686 2149 2744 stamus

187 2779 334 2849 post
377 2766 731 2850 principia,
777 2785 908 2829 non
952 2772 1030 2828 ut
1072 2762 1506 2829 Terentianus
1547 2762 1662 2829 ille
1706 2763 1975 2844 Thraso,
2033 2761 2152 2830 sed

187 2853 294 2934 qui
339 2853 563 3003 pali-zizi
607 2868 834 2916 sumus
878 2847 961 2913 ad
1004 2849 1487 2931 confligendum
1535 2848 1734 2915 simul
1777 2864 1973 2933 atque
2016 2851 2148 2934 sig-

186 2956 347 3003 uum
443 2959 488 3002 a
533 2938 684 3001 itur.

360 3023 563 3090 Nunc
628 3021 862 3087 melius
937 3021 1302 3104 perspicere
1369 3020 1552 3087 vobis
1617 3021 1770 3087 licet
1833 3019 2150 3106 quidnam

187 3110 362 3175 factu
433 3112 527 3175 sit
591 3108 769 3174 utile.
791 3111 850 3178 ⁹)
959 3108 1248 3172 Tantum
1326 3105 1608 3174 indicate
1680 3106 1838 3190 quid
1910 3107 2145 3174 velitis.

186 3195 410 3262 Nutus
471 3203 689 3261 vester
743 3194 907 3258 mihi
964 3213 1084 3276 pro
1138 3193 1429 3259 consiliis
1487 3192 1792 3260 omnibus
1847 3194 2147 3260 sufficiet.

187 3281 332 3366 Ego
369 3279 538 3366 quid
572 3300 828 3345 mecum
865 3278 1188 3345 sentirent
1215 3277 1500 3362 collegae
1533 3299 1762 3344 omnes
1799 3279 1929 3344 mei
1968 3279 2149 3364 prius

187 3367 364 3433 volui
409 3367 689 3452 aperire,
734 3383 926 3449 quam
964 3362 1393 3449 progrederer
1425 3385 1502 3430 eo
1540 3365 1718 3430 unde
1753 3386 1885 3431 non
1922 3365 2150 3430 liceret

186 3453 422 3536 pedem
491 3451 740 3518 referre
800 3450 1221 3535 poenitentia.
1328 3450 1414 3514 Et
1482 3447 1747 3533 quidem
1812 3471 1940 3516 non
2009 3459 2144 3516 tam

187 3557 335 3603 mea
395 3557 601 3624 quam
662 3545 895 3603 vestra.
1000 3531 1346 3602 Fratribus
1401 3539 1646 3602 nostris
1698 3536 2147 3603 Beruensibus

189 3641 493 3693 seorsum
535 3622 701 3688 nihil
745 3623 988 3700 scribo,
1042 3623 1199 3706 quia
1239 3641 1468 3688 omnes
1523 3622 1722 3688 simul
1766 3623 2011 3706 alloqui
2052 3623 2150 3687 vi-

190 3708 344 3775 deor
389 3711 558 3795 quin
592 3710 794 3775 etiam
852 3728 985 3774 non
1030 3717 1166 3773 tam
1205 3728 1389 3773 meae
1429 3716 1585 3774 sunt
1627 3729 1822 3791 quam
1865 3708 2147 3774 fratrum

188 3816 489 3864 meorum
536 3795 661 3861 hae
703 3794 950 3859 literae.
1039 3792 1212 3858 Nam
1264 3801 1343 3859 ut
1397 3814 1626 3860 omnes
1684 3815 1915 3860 sumus
1969 3792 2146 3861 solli-

189 3882 302 3947 citi
347 3883 429 3949 de
475 3902 673 3947 causa
714 3887 952 3955 vestra,
1013 3878 1110 3944 ita
1150 3901 1283 3944 uno
1329 3879 1572 3946 affectu
1615 3879 1916 3961 cupimus
1961 3880 2147 3947 vobis

190 3966 565 4035 subvenire.
676 3966 912 4031 Valete
976 3965 1198 4050 igitur,
1264 3964 1504 4031 fratres
1558 3965 1746 4033 nobis
1803 3965 2143 4032 carissimi.

1910 4052 2147 4117 atroci·

192 4138 318 4218 nic,
367 4162 490 4207 vos
532 4162 565 4205 s
611 4138 768 4203 iritu
811 4135 1195 4221 prudentiae
1238 4135 1578 4221 gubernet,
1626 4131 1848 4204 fortitu
1895 4138 2002 4203 ine
2044 4137 2146 4201 in-

191 4233 423 4304 struat,
470 4235 536 4291 et
659 4220 918 4289 nedicat
951 4222 1195 4290 sanctis
1232 4223 1468 4289 vestris
1501 4219 1854 4289 laboribus.
1907 4224 2144 4289 Amen.

196 4311 252 4374 3.
298 4310 574 4377 Galend.
621 4309 804 4374 Maii.
834 4306 915 4392 1θ)
1004 4307 1169 4374 Oras
1226 4329 1421 4373 mane
1479 4306 1767 4375 discedet
1809 4307 2144 4375 Men-linus.

1240 4444 1334 4510 Io.
1380 4443 1697 4511 Calvinus
1742 4451 1974 4511 vester.

189 4051 521 4120 Dominus
542 4053 730 4117 Iesus
761 4049 945 4117 vobis
987 4049 1161 4115 adsit
1202 4051 1276 4115 in
1323 4050 1617 4118 veritatis
1661 4069 1822 4117 suae

366 4621 635 4686 Dictare
679 4623 939 4683 coactus
983 4636 1147 4681 sum.

401 4839 465 4908 9)
502 4837 582 4895 Et
629 4839 842 4922 isio-ctus
875 4835 1090 4920 qty'dem
1124 4851 1317 4892 revera
1345 4839 1623 4908 perspexit
1656 4837 2008 4894 utilissimum
2037 4854 2146 4910 pro

200 4905 1183 5046 *poiaajzossrfflyptgozcree
1215 4969 1265 5028 3.
1302 4975 1446 5030 Maii.

966 5253 1024 5261 —a

406 5439 623 5495 Calvini
652 5454 835 5509 opera.
918 5440 1028 5495 Vol.
1069 5438 1216 5493 XII.

1955 434 2118 498 1548
2160 430 2471 501 APRIL.

4079 439 4209 504 690

3135 619 3325 692 1⁰18.
4207 638 4222 671 ⁴

2741 774 3213 845 OALVINUS
3256 777 3718 846 FARELLO.
4210 700 4223 731 ³

2427 946 2581 1013 Post
2621 953 2938 1029 acceptum
2979 948 3282 1013 nuncium
3335 951 3412 1015 de
3455 951 3834 1034 catastrophe
3888 951 4207 1018 Beruensi

2249 1031 2367 1096 iter
2415 1033 2719 1099 Tuo—ioum
2761 1053 2980 1100 versus
3018 1034 3373 1101 meditatur.

2252 1202 2366 1263 (Ex
2401 1210 2530 1256 auto
2668 1204 2740 1258 ho
2776 1204 2908 1259 Ood.
2944 1205 3149 1259 (ξονον.
3188 1205 3304 1269 106,
3342 1207 3432 1267 fol,
3473 1205 3589 1259 214.
3664 1207 3987 1262 Recentiora
4022 1224 4202 1262 exem·

2249 1272 2429 1393 Ebria
2471 1288 2714 1342 reperies
2761 1273 2820 1327 in
2867 1273 2996 1328 Ood.
3043 1272 3172 1340 111,
3219 1275 3311 1328 fol.
3362 1272 3463 1328 188
3502 1294 3566 1341 v.,
3615 1277 3829 1331 Bernae
3874 1277 3932 1330 in
3978 1278 4203 1331 Archiv.

2301 1357 2389 1409 pp.
2429 1339 2551 1394 VII.
2587 1359 2638 1411 p.
2678 1340 2781 1395 869
2827 1349 2883 1395 et
2930 1360 3014 1411 ap.
3053 1342 3343 1396 Simlerum
3380 1344 3497 1397 Vol.
3546 1342 3629 1397 66.
3715 1345 3941 1415 Anglice
3989 1363 4202 1400 versam

2747 1410 2882 1480 legis
2918 1411 3018 1464 Ed.
3058 1410 3215 1465 Edin.
3254 1413 3312 1465 Τ.
3354 1412 3410 1466 11
3467 1429 3518 1481 p.
3560 1412 3701 1479 150.)

2250 1577 2465 1644 Fideli
2512 1578 2757 1647 Christi
2804 1602 2991 1647 servo
3034 1581 3391 1647 Guillelmo
3436 1582 3696 1647 Farello
3739 1583 3802 1649 N
3806 1586 4205 1652 eocomensis

2390 1665 2697 1732 ecclesiae
2739 1668 2986 1752 pastori
3032 1669 3217 1731 fratri
3266 1679 3331 1732 et
3370 1670 3576 1734 amico
3613 1671 4056 1755 integerrimo.

2422 1798 2494 1866 S.
2577 1801 2681 1868 De
2727 1801 3055 1869 horrenda
3095 1805 3224 1870 ista
3267 1805 3637 1871 calamitate
3666 1807 3713 1890 ¹)
3756 1828 3920 1890 quae
3965 1817 4060 1873 tot
4104 1831 4205 1875 ec-

2250 1885 2539 1954 ecclesiis
2580 1889 2887 1954 imminet
2942 1888 3086 1955 ideo
3145 1891 3314 1954 nihil
3359 1891 3501 1957 dico
3544 1894 3698 1975 quia
3738 1914 4033 1959 moerore
4075 1896 4202 1959 im-

2251 1971 2493 2054 pedior.
2562 1972 2743 2056 Quid
2786 1976 3155 2059 scripserim
3215 1976 3421 2043 Virdo
3463 1977 3738 2044 Michael
3778 1979 3897 2045 tibi
3939 1979 4199 2047 referet.

2252 2056 2599 2125 Eiusmodi
2652 2068 2756 2126 est
2808 2082 3005 2126 causa
3059 2072 3135 2126 ut
3201 2083 3394 2128 nemo
3447 2065 3619 2129 inter
3663 2065 3911 2130 Christi
3976 2085 4203 2132 servos

2253 2142 2595 2211 habendus
2648 2147 2738 2211 sit
2793 2147 2925 2213 nisi
2985 2149 3096 2230 qui
3149 2159 3347 2230 caput
3398 2169 3589 2214 suum
3632 2170 3753 2233 pro
3792 2153 3937 2217 eius
3981 2148 4204 2217 defen-

2252 2228 2438 2295 sione
2470 2232 2732 2297 fortiter
2771 2241 3076 2316 opponat.
3162 2232 3300 2300 Sed
3342 2234 3609 2300 consilio
3652 2246 3719 2301 et
3758 2236 4206 2303 moderatione

2255 2315 2475 2396 aliqua
2516 2339 2678 2401 opus
2721 2330 2838 2384 est.
2927 2317 3006 2384 Si
3039 2321 3134 2384 ita
3173 2322 3501 2386 censuerit
3552 2320 3799 2388 Viretus
3844 2343 3998 2388 mox
4033 2323 4206 2390 istuc

2254 2400 2593 2481 advolabo‚
2639 2413 2715 2470 ut
2754 2402 2913 2470 inde
2954 2405 3152 2470 simul
3194 2425 3316 2471 nos
3362 2420 3494 2471 tres
3538 2407 3948 2491 Tigurum.²)
4036 2408 4205 2475 an-

2252 2496 2473 2552 terum
2517 2490 2738 2555 mirati
2773 2510 3018 2566 sumus,
3065 2512 3185 2574 ego
3231 2504 3296 2555 et
3334 2493 3600 2569 Vinius,
3647 2493 3727 2558 de
3764 2514 3891 2575 quo
3934 2493 4205 2561 arbitrio

2252 2571 2503 2641 faceres
2546 2578 2963 2641 mentionem.
3032 2577 3169 2642 Res
3211 2577 3388 2642 enim
3427 2581 3693 2662 utrique
3729 2578 4048 2645 haetenus
4080 2582 4208 2646 fuit

2253 2657 2567 2727 inaudita.
2670 2664 2804 2728 Pro
2862 2674 3041 2728 certo
3094 2661 3355 2745 quidem
3408 2684 3629 2729 assero
3688 2665 3855 2729 nihil
3912 2684 4206 2748 uuquam

2253 2743 2421 2810 mihi
2463 2746 2663 2814 fuisse
2705 2745 3080 2814 indicatum.
3150 2747 3591 2830 Quamobrem
3640 2750 3859 2815 videte
3900 2753 4046 2833 quis
4080 2751 4205 2819 hoc

2252 2831 2597 2913 negotium
2663 2835 3035 2916 susceperit.
3145 2834 3429 2917 Reliqua
3485 2857 3571 2899 ex
3634 2836 3913 2902 nunciis.
4014 2837 4203 2917 Vale,

2251 2915 2460 2982 frater
2518 2928 2587 2983 et
2644 2920 2850 2985 amice
2908 2920 3361 3003 integerrime,
3421 2941 3557 2985 una
3610 2942 3761 2987 oum
3801 2922 4046 2987 familia
4086 2931 4205 2989 tua

2253 3011 2341 3102 et·
2361 3007 2774 3091 symmystis,
2834 3024 2994 3089 quos
3048 3006 3397 3090 diligenter
3451 3006 3725 3072 salutari
3770 3009 3975 3091 cupio.
4067 3009 4205 3073 Do-

2254 3107 2474 3155 minus
2535 3113 2650 3157 vos
2706 3112 2935 3174 omnes
2991 3102 3336 3160 conservet
3391 3114 3466 3159 ac
3524 3104 3715 3178 rogat
3769 3114 3887 3160 suo
3946 3094 4200 3179 spiritu.

2252 3175 2489 3241 Amen.
2579 3177 2892 3245 Genevae
2933 3176 3143 3260 pridie
3187 3178 3514 3246 Galendas
3556 3181 3719 3245 Maii
3774 3185 3953 3245 1548.

3175 3314 3460 3384 Ioannes
3504 3315 3825 3386 Calvinus
3868 3324 4040 3385 tuus.
4094 3289 4101 3298 ’

3010 3627 3410 3638 -ᾳς-η-ὴ-ρ--ωο-

3139 3862 3326 3935 1⁰14.

2530 4014 3155 4084 RUMLANGIUS
3183 4015 3231 4102 ¹)
3275 4016 3911 4087 BULLINGERO.

2425 4187 4200 4270 Aoos-ratiusnmatquidBoe-naeactumeitinne-

2245 4275 2410 4357 potio
2472 4273 2924 4340 matrones-siae
2989 4271 3382 4342 Buoeriaom
3445 4276 3606 4342 inter
3669 4282 3725 4342 et
3775 4276 4205 4361 Zwinqzimoe

2250 4363 2509 4425 esci-tae.
2635 4358 2976 4426 Hallerum
3053 4357 3341 4426 Bernam
3420 4363 3652 4428 accersi
3729 4382 3940 4428 omnes
4015 4383 4207 4445 quam

2251 4618 2398 4627 ffl-

2247 4735 2427 4791 1018.
2457 4737 2511 4800 l)
2546 4734 2863 4791 dimicemus
2908 4736 3077 4788 trium
3122 4733 3486 4790 Beruensc‘um
3533 4737 3925 4806 ministrorum,
3973 4735 4205 4806 Smer-i,

2256 4801 2897 4875 Germiietoomdi
3107 4802 3235 4866 ἀπ’,
3465 4804 4219 4861 maeatas-eninm-

2249 4873 2445 4943 Bruyq
2478 4873 2798 4938 traducas,
3163 4889 3217 4927 a.
3254 4821 3476 4928 lm
3522 4879 3717 4928 matu
3748 4874 3811 4928 ia
3841 4877 4084 4942 aratiam
4116 4891 4200 4932 ro-

2248 4950 2434 5011 ceptus
2467 4947 2547 4996 est
2582 4941 2829 5007 (Haueri
2925 4940 3060 4994 hem.
3101 4940 3249 4995 Mus.
3285 4942 3417 4997 hele.
3451 4957 3509 5011 p.
3540 4940 3652 5010 84).

2451 5009 2514 5072 2)
2549 5010 2697 5081 quod
2799 5014 2851 5064 et
2933 5014 3233 5068 mumma
3264 5011 3452 5079 etfacit,
3498 5017 3550 5066 et
3581 5011 3795 5081 quidem
3829 5027 3950 5066 cun
3975 5011 4207 5069 Fau-ello

2245 5082 2375 5135 solo.
2446 5024 2759 5145 <Huc-dag
2791 5095 2851 5147 p.
2885 5075 3033 5144 213.)

2243 5149 2426 5203 1014.
2456 5151 2511 5212 1)
2549 5165 2618 5202 m.
2655 5148 2805 5202 Iulio
2850 5147 2995 5202 adiit
3039 5146 3353 5202 cathedram
3400 5148 3749 5216 theoloqicanc
3762 5187 3776 5213 ,
3823 5155 3948 5215 post
3991 5148 4205 5204 Bernh-

2256 5216 2641 5279 Telamom’um,
2677 5216 2844 5271 muko
2875 5217 3137 5271 minorem
3172 5222 3346 5271 aetate
3379 5217 3473 5271 cui
3504 5217 3840 5270 demandata
3882 5222 3963 5273 at
3995 5220 4201 5273 artium

2240 5286 2536 5411 {vv-lofam&
2561 5285 2729 5421 §aava
2761 5284 3036 5355 Anopooo
3076 5298 3307 5350 umectus
3352 5292 3402 5338 et
3434 5285 3641 5339 latinae
3674 5285 3909 5354 linquae.
3960 5286 4207 5351 (Hellen
