4825 6175
208 471 274 535 33
1850 474 2012 535 1545
2057 469 2524 539 FEBRUAR.
4102 478 4192 543 34

203 678 237 724 a
264 655 435 723 cuius
468 676 676 722 uxore
710 655 909 724 velim
943 657 1292 725 sciscitetis
1325 657 1645 742 numquid
1688 658 1774 724 ad
1799 659 2130 727 Per-rotam

201 743 354 812 velit.
418 740 592 808 Nam
627 742 841 808 bonus
873 742 984 809 vir
1026 764 1144 810 exs
1265 750 1364 810 tat
1405 764 1541 810 non
1585 742 1827 828 absque
1870 766 2131 813 summa

201 828 527 897 anxietate.
617 827 933 895 Genevae
984 832 1079 896 12.
1188 828 1444 895 ebruar.
1498 833 1679 896 1545.

1098 966 1382 1034 Ioannes
1426 967 1747 1037 Calvinus
1788 977 1963 1037 tuus.

950 1263 1354 1272 -----

1073 1461 1222 1534 614.

702 1618 1112 1687 VIRETUS
1155 1618 1593 1688 OALVINO.

338 1789 445 1891 pe
506 1789 737 1860 comite
792 1789 1021 1876 colleqa
1076 1793 1334 1875 eiusque
1383 1792 1643 1875 nuptiis.
1760 1791 1963 1857 Varia
2020 1791 2125 1858 do-

407 2050 525 2115 (Ex
559 2048 897 2119 autographo
934 2048 1064 2103 Cod.
1101 2048 1307 2103 Genev.
1344 2046 1487 2103 111⁸,
1535 2049 1630 2104 fol.
1668 2048 1815 2119 138.)

224 2325 236 2340 ⁶
339 2239 424 2304 D.
488 2238 725 2303 Ioanni
783 2237 1063 2304 Calvino
1132 2237 1320 2304 fratri
1380 2248 1448 2304 et
1501 2239 1712 2307 amico
1766 2260 1964 2323 quam
2021 2259 2127 2305 ca-

190 2346 429 2392 nssimo

1532 2409 1867 2477 Genevae.

343 2549 414 2615 S.
459 2547 791 2613 Redditae
834 2554 995 2613 sunt
1035 2546 1205 2611 mihi
1236 2549 1393 2612 tuae
1435 2547 1667 2613 literae
1710 2566 1861 2613 cum
1907 2569 2131 2614 exem-

189 2634 465 2721 plaribus
510 2655 595 2701 ex
639 2634 878 2716 quibus
932 2653 1198 2699 sensum
1254 2632 1555 2698 intellexi
1598 2642 1863 2699 tuarum
1906 2636 2130 2700 litera-

187 2743 413 2787 rarum.
507 2720 708 2785 Nunc
752 2719 923 2803 quod
981 2718 1264 2785 scribam
1319 2740 1455 2784 non
1500 2719 1728 2799 habeo,
1785 2720 1918 2785 nisi
2002 2719 2132 2787 uod

195 2806 396 2874 Come-s·
446 2826 593 2872 sem
678 2827 715 2869 r
780 2806 880 2870 sui
935 2805 1171 2870 similis
1217 2812 1338 2870 est.
1365 2807 1416 2888 ¹)
1513 2806 1831 2872 Proxima
1887 2805 1972 2871 he
2018 2806 2131 2872 do·

189 2892 367 2959 made
421 2893 555 2959 fuit
674 2911 902 2969 ernas,
958 2890 1070 2957 ubi
1128 2912 1169 2957 a
1226 2899 1464 2957 senatu
1520 2899 1750 2957 mutuo
1803 2892 1927 2958 sibi
1986 2893 2131 2958 dari

186 2980 525 3064 pecuniam
576 2977 836 3061 rogavit
850 3025 864 3053 ,
919 2977 1151 3059 opinor
1205 2985 1550 3044 sexcentos
1604 2985 1946 3044 coronatos
1962 3030 1978 3056 ‚
2047 2978 2131 3045 ad

185 3063 633 3132 redimendam
697 3062 1014 3129 ditionem
1067 3084 1265 3145 quam
1320 3064 1459 3147 ipse
1517 3066 1690 3128 emit.
1798 3064 2134 3133 Reversus

188 3153 451 3219 offendit
499 3158 762 3233 neptem
808 3150 984 3215 domi
1028 3161 1209 3231 peste
1244 3158 1627 3234 correptam.
1716 3151 1989 3216 Exactis
2033 3159 2132 3216 ta-

187 3258 328 3303 men
371 3260 494 3304 sex
540 3237 671 3302 illis
727 3234 1238 3301 hebdomadibus
1259 3287 1273 3312 ,
1330 3255 1499 3319 quae
1552 3235 1751 3320 vulgo
1807 3236 1964 3303 huic
2016 3257 2133 3303 ex-

192 3324 527 3409 purgando
550 3323 778 3388 morbo
800 3322 1203 3398 tribuuntur,
1250 3320 1361 3386 ille
1405 3321 1730 3387 dominico
1774 3321 1898 3398 die,
1945 3343 2133 3405 prae-

189 3417 284 3475 ter
324 3420 589 3475 omnem
644 3409 1224 3491 exspectationem,
1282 3408 1494 3473 voluit
1547 3429 1742 3473 suum
1796 3410 2134 3473 matrimo-

190 3496 366 3559 nium
409 3495 484 3560 in
530 3494 805 3560 ecclesia
840 3493 1225 3568 consecrari,
1272 3492 1386 3559 sed
1430 3494 1572 3559 sine
1616 3494 1886 3578 nuptiis,
1929 3494 1999 3558 id
2034 3503 2136 3560 est

191 3580 321 3646 sine
363 3580 690 3659 convivi0,
737 3580 893 3662 quia
935 3579 1165 3645 domus
1208 3588 1393 3663 peste
1435 3580 1680 3645 infecta
1723 3590 1882 3658 erat,
1930 3582 2134 3645 omni·

190 3664 302 3732 bus
356 3678 586 3732 tamen
642 3665 856 3732 adhuc
910 3664 1108 3730 huius
1162 3666 1259 3730 rei
1326 3667 1591 3751 ignaris.
1703 3664 1911 3730 Vides
1970 3687 2135 3749 quae

190 3750 448 3817 fuerunt
504 3753 707 3818 fausti
760 3750 959 3816 huius
1024 3752 1426 3817 matrimonii
1492 3752 1798 3835 auspicia.
1898 3751 2134 3835 Neptis

188 3834 371 3902 hodie
414 3838 680 3921 sepulta
723 3849 839 3902 est.
928 3837 1130 3902 Faxit
1172 3839 1500 3903 Dominus
1553 3846 1630 3902 ut
1682 3838 1879 3902 toties
1921 3838 2132 3903 moni-

188 3928 284 3989 tus
325 3946 364 3989 a
406 3925 697 3989 Domino
740 3924 1081 4006 resipiscat
1135 3923 1424 3988 tandem.
1529 3924 1636 3988 Ex
1691 3922 1797 3988 his
1851 3924 2130 4003 coniicis,

190 4010 439 4092 opinor,
494 4030 624 4094 quo
682 4011 752 4075 in
805 4017 983 4075 statu
1041 4010 1177 4074 siut
1231 4031 1337 4075 res
1396 4031 1606 4086 meae,
1665 4009 1775 4092 qui
1822 4009 1938 4074 tali
1984 4031 2130 4074 sum

188 4095 427 4180 collega
469 4096 821 4161 comitatus
840 4099 896 4171 2)
941 4104 1009 4159 et
1042 4096 1184 4160 sine
1220 4095 1509 4162 diacono.
1574 4095 1830 4160 Vereor
1864 4115 1947 4159 ne
1981 4116 2129 4179 pes-

187 4180 266 4244 tis
305 4202 425 4247 nos
471 4183 653 4247 serio
685 4180 952 4246 tandem
989 4179 1427 4266 aggrediatur.
1450 4181 1505 4267 Β)
1595 4181 1764 4245 Nam
1810 4191 1876 4245 et
1920 4181 2028 4248 hic
2064 4190 2130 4247 et

186 4263 439 4332 Viviaci
484 4266 842 4333 recruduit.
932 4267 1131 4333 Mitto
1186 4267 1269 4332 ad
1329 4276 1395 4331 te
1455 4273 1490 4330 2
1554 4274 1842 4332 scutatos
1860 4269 1919 4343 4)
1965 4287 2129 4350 quos

187 4355 421 4419 extorsi
466 4373 509 4418 a
555 4353 959 4437 Maydalena‚
1020 4353 1135 4418 sed
1175 4375 1309 4419 non
1352 4352 1495 4419 sine
1539 4351 1842 4418 molestia
1884 4362 1953 4417 et
1994 4353 2129 4418 iur-

190 4437 306 4519 gio.
394 4438 683 4522 Semper
736 4440 1031 4522 queritur
1084 4461 1153 4504 se
1211 4439 1450 4522 premi,
1509 4439 1589 4504 ab
1649 4460 1718 4504 se
1770 4439 1907 4521 peti
1959 4439 2131 4522 quod

186 4542 306 4588 non
349 4522 565 4590 debet.
672 4524 1054 4607 Hymbertus
1111 4546 1181 4590 se
1237 4525 1606 4590 soluturum
1662 4534 1876 4608 negat.
1976 4524 2132 4608 Ipsa

188 4618 403 4695 erogat
459 4610 638 4693 quod
695 4610 1011 4689 mittitur,
1073 4611 1187 4676 sed
1243 4611 1509 4677 nonnisi
1565 4610 1793 4676 invita.
1895 4610 2130 4678 Denuo

188 4697 447 4780 negavit
490 4718 565 4761 se
608 4697 872 4762 mittero
918 4697 1090 4780 quod
1136 4696 1372 4763 debere
1417 4704 1744 4782 agnoscat,
1793 4719 1876 4762 ne
1904 4696 2130 4762 Perro-

213 4988 343 5043 614.
376 4990 440 5127 ἐξ
480 4991 575 5072 122
609 5006 715 5060 quo
749 4991 864 5045 iam
897 4997 1029 5046 tecte
1063 4994 1286 5059 questus
1320 4995 1400 5045 est
1435 4990 1514 5045 N.
1550 4986 1674 5058 612,
1709 4994 1820 5044 not.
1861 4988 1945 5042 10.

472 5076 559 5115 ew

378 5128 439 5191 3)
486 5100 602 5198 oda·
634 5135 807 5201 metus
842 5145 963 5183 ewm
998 5146 1115 5184 non
1149 5130 1269 5184 sine
1304 5145 1477 5184 causa
1512 5129 1745 5183 maium
1778 5128 1973 5184 tenuit.
2026 5128 2128 5182 In·

188 5202 335 5251 mente
368 5214 493 5255 vere
520 5214 631 5268 per
663 5205 833 5255 totam
866 5198 1176 5254 Helvetium
1210 5199 1597 5256 occidentalem
1631 5199 1831 5254 saeviit
1863 5197 1961 5252 ala
1994 5197 2128 5253 lates.

190 5265 440 5402 (RQ)
467 5269 561 5390 ιῖζι
573 5268 787 5393 2311),oe
831 5339 1054 5407 siynmn
1099 5344 1178 5393 est
1223 5337 1474 5406 mam
1472 5338 1496 5391 i
1544 5350 1705 5392 mcc
1747 5335 2124 5409 superposita,

191 5406 276 5461 ned
305 5423 417 5463 non
447 5408 637 5474 forma
666 5410 830 5464 solita
862 5412 1170 5464 exam-amm.

381 5494 611 5550 Calvina·
639 5511 828 5566 opera.
905 5496 1025 5552 Vol.
1063 5496 1213 5552 XII.

2231 665 2333 726 tus
2350 660 2406 743 ὅ)
2452 658 2523 725 id
2565 660 2688 726 sibi
2732 658 3145 743 persuadeat.
3244 658 3651 746 Quocunque
3703 661 3870 729 velit
3924 664 4188 733 mittere

2230 746 2444 827 titulo,
2480 745 2652 811 nihil
2686 765 2834 812 mea
2865 746 3085 812 refert.
3154 744 3351 812 Nolui
3390 766 3698 814 recusare
3730 769 3962 817 aureos
3995 771 4187 817 num-

2230 853 2390 898 mos.
2481 831 2585 897 'ru
2627 830 2726 896 illi
2781 830 3149 898 reddendos
3202 832 3465 898 curabis
3521 840 3788 917 accepta
3841 837 4185 921 acceptila-

2229 920 2428 984 tione.
2517 916 2926 985 Admonebis
2940 969 2954 995 ,
3025 918 3081 984 si
3136 917 3467 985 videbitur
3480 971 3496 998 ,
3565 919 3806 985 horum
3869 922 4183 989 omnium.

2231 1003 2467 1071 Saluta
2507 1024 2786 1069 uxorem
2828 1011 2898 1068 et
2939 1001 3343 1071 domesticos.
3432 1004 3659 1071 Nostri
3702 1012 3768 1072 te
3808 1025 4040 1074 omnes
4081 1029 4187 1074 sa-

2230 1088 2465 1156 lutant.
2549 1089 2737 1155 Vale.
2826 1090 3222 1156 Lausannae
3271 1094 3367 1155 16.
3411 1087 3604 1157 Febr.
3661 1096 3842 1157 1545.

3374 1227 3556 1293 Tuus
3597 1227 3675 1293 P.
3720 1227 4012 1296 Viretus.

2403 1395 2626 1463 Audio
2674 1395 2926 1465 iudices
2979 1396 3492 1482 appellationum
3549 1397 3778 1464 Berua

2230 1483 2365 1550 huc
2421 1484 2549 1549 hac
2600 1482 3006 1551 hebdomade
3057 1490 3390 1550 venturos.
3492 1483 3601 1549 An
3657 1505 3774 1569 ap-

2228 1568 2529 1653 pulerint
2569 1568 2866 1635 nondum
2907 1568 3224 1635 intellexi.

3000 1863 3414 1876 m

3082 2097 3208 2168 614
3224 2099 3345 2166 bis.

2698 2251 3240 2321 OORDERIUS
3285 2251 3724 2320 GALVINO.

2236 2426 2449 2494 (Talem
2484 2426 2773 2496 epistolam
2807 2424 2877 2478 ad
2927 2424 2981 2478 d.
3018 2421 3102 2478 18.
3139 2423 3426 2478 Februarii
3477 2420 3611 2478 1545
3658 2423 3999 2480 referendam
4047 2426 4194 2497 apud

2235 2511 2294 2549 se
2331 2495 2602 2549 asservari
2637 2494 2922 2549 Sarravius
2970 2494 3129 2548 nobis
3165 2493 3475 2547 affirmavit.
3548 2493 3665 2558 Qua
3698 2509 3795 2548 cur
3829 2495 3996 2565 potiri
4035 2496 4192 2550 nobis

2659 2579 2771 2616 non
2807 2561 3098 2631 contigerit
3132 2562 3264 2616 alibi
3300 2561 3762 2630 significavimus.)

3134 3056 3282 3130 615.

2321 3195 2824 3266 FARELLUS
2868 3194 3353 3263 MINISTRIS
3400 3194 4102 3264 TURICENSIBUS.

2416 3371 2622 3453 Quum
2663 3370 2748 3435 ad
2778 3369 3033 3452 priores
3065 3367 3285 3433 literas
3327 3388 3451 3434 non
3491 3367 3922 3448 responderint
3963 3367 4196 3435 iterum

2239 3458 2658 3541 quaestionem
2697 3457 2774 3523 de
2815 3475 3082 3521 censura
3121 3454 3411 3538 fraterna
3451 3454 3539 3519 iis
3573 3454 3889 3536 proponit.

2240 3629 2353 3692 (Ex
2406 3637 2632 3697 autogr-a
2669 3627 2742 3681 ho
2788 3626 3014 3681 ArchiV.
3064 3625 3241 3681 Turio.
3285 3625 3430 3679 Plut.
3479 3623 3576 3677 VI.
3623 3623 3751 3677 Vol.
3800 3622 3904 3676 115
3948 3624 4079 3678 olim
4127 3624 4192 3680 B.

2237 3699 2286 3752 E
2326 3715 2378 3767 p.
2416 3696 2571 3751 Tom.
2761 3733 2774 3747 .
2820 3712 2874 3765 p.
2908 3692 3077 3761 2809,
3131 3694 3275 3748 unde
3323 3693 3612 3763 descripsit
3647 3692 3907 3746 Simlerus
3943 3692 4069 3746 Vol.
4108 3692 4194 3748 56.

2239 3768 2290 3821 A
2314 3766 2408 3819 iud
2446 3765 2725 3834 exemplar
2749 3764 3123 3886 anthentssgfi
3132 3761 3616 3898 Aeuxsjgat{iggocomi
3652 3762 3709 3815 in
3727 3762 3871 3815 Bibl.
3911 3768 4194 3831 pastorum

2407 4021 2809 4089 clarissimis
2847 4022 3010 4087 viris
3052 4020 3423 4106 pastoribus
3466 4036 3533 4084 et
3574 4016 3942 4084 doctoribus
3985 4019 4190 4086 eccle-

2234 4109 2371 4175 siae
2412 4108 2771 4195 'rigminac
2815 4116 2895 4172 ut
2936 4107 3331 4173 doctissimis
3381 4105 3476 4171 ita
3518 4103 3710 4171 valde
3753 4104 3881 4186 piis

3767 4190 4014 4273 Tiguri.

2405 4332 2477 4399 S.
2526 4330 2752 4396 Facile
2794 4329 3064 4412 potestis
3108 4329 3492 4413 intelligere,
3537 4327 3667 4392 viri
3707 4336 3850 4391 tum
3894 4325 4191 4391 doctrina

2235 4427 2376 4484 tum
2423 4419 2670 4501 pietate
2708 4416 3139 4499 suspiciendi,
3198 4435 3394 4498 quam
3449 4413 3737 4478 studiose
3778 4413 4030 4490 fiatres,
4075 4411 4190 4493 qui

2234 4505 2344 4570 hic
2389 4503 2624 4569 docent
2666 4501 3032 4581 Christum,
3078 4500 3465 4567 incumbant
3498 4500 3642 4581 paci
3678 4506 3747 4563 et
3786 4495 4188 4576 concordiae,

2233 4591 2305 4656 in
2348 4611 2484 4655 uno
2523 4589 2637 4671 qui
2677 4589 2855 4654 inter
2911 4608 3035 4653 nos
3082 4588 3222 4671 agit
3264 4583 3561 4661 ferendO,
3620 4585 3735 4667 qui
3789 4585 3921 4648 iam
3977 4602 4185 4647 annos

2237 4676 2488 4760 aliquot
2529 4673 2868 4758 obstrepit,
2911 4672 3071 4738 dum
3115 4691 3432 4739 censurae
3455 4674 3505 4747 ¹)
3549 4671 3797 4734 mentio
3840 4668 3935 4746 fit,
3996 4676 4063 4731 et
4105 4667 4185 4732 li·

2443 4916 2502 4977 5)
2542 4915 2631 4970 De
2665 4911 2952 4967 Himberto
2999 4916 3051 4967 et
3095 4912 3325 4965 Peri-oto
3369 4925 3420 4963 υ.
3461 4906 3740 4988 Ν.560.
3781 4905 3922 4959 Μ
3972 4920 4187 5029 W

2238 4986 2443 5053 aliquis
2478 4983 2750 5038 Aemilius
2784 4996 2829 5035 s.
2868 4980 3078 5035 Mam-3
3117 4979 3384 5034 Pero-otus
3420 4976 3766 5057 quzenms
3811 4974 3939 5029 olim
4029 4991 4098 5029 ar

2237 5054 2548 5134 discipulus
2580 5055 2644 5106 in
2678 5051 2900 5132 coafyio
2919 5051 3003 5105 Le
3022 5050 3232 5130 Moivpe,
3262 5053 3460 5127 postea
3475 5046 3674 5099 widem
3691 5044 4184 5168 ρνοῖεεεοὲῧὲαηζ

2234 5198 2287 5247 et
2320 5137 2728 5246 adamnan?
2739 5189 3054 5243 commercio
3098 5114 3891 5256 epimwvgfflzosfflet
4000 5154 4186 5238 tame-»3

2180 5290 2183 5303 ·
2232 5262 2323 5315 mc
2355 5260 2455 5315 vio:
2490 5259 2845 5327 mitandum
2881 5258 3100 5312 videtum
3136 5257 3249 5324 (cf.
3287 5253 3504 5319 Hermj.
3541 5254 3629 5307 Π.
3671 5252 3770 5305 164
3805 5198 4133 5319 amam).

2260 5332 2489 5412 6151)
2535 5330 2616 5395 Of.
2663 5332 2882 5383 omm'no
2929 5344 3100 5394 supra
3132 5326 3202 5379 N.
3247 5324 3366 5378 580.
3437 5324 3811 5390 c'apunculum
3849 5326 4035 5376 notari
4081 5338 4187 5376 me-

2227 5415 2470 5456 mmerw.
3740 5476 3774 5527 3
