4825 6175
638 422 768 484 495
853 480 860 492 .

641 604 908 671 mestoit
958 604 1301 688 eschappe.
1396 603 1613 670 Saind
1653 603 1895 683 Andre,
1923 601 1973 687 ¹)
2028 625 2114 669 66
2168 603 2346 669 avoit
2392 602 2462 667 la
2503 622 2603 668 oo-

640 691 784 776 pie:
831 698 899 757 et
939 711 1024 755 66
1068 689 1209 756 0616
1243 692 1304 756 16
1338 710 1472 773 nay
1514 711 1637 773 pas
1672 697 1811 755 este
1855 690 2100 756 trustre
2144 687 2225 755 de
2270 708 2428 753 mon
2462 688 2603 771 opi-

643 777 818 843 nion.
903 775 1079 842 Mais
1143 775 1329 842 selon
1392 775 1590 841 lestat
1651 785 1952 859 present,
2019 781 2225 859 quant
2287 774 2334 839 11
2401 774 2604 840 seroit

643 862 944 947 question
988 860 1070 926 de
1111 860 1497 944 limprimer,
1514 859 1573 1010 ²¹)
1616 862 1678 927 ie
1722 883 1806 927 66
1839 883 1966 946 voy
2008 861 2195 944 point
2230 860 2365 945 quil
2408 882 2455 944 y
2492 879 2603 925 66-

641 949 776 1014 roit
816 968 857 1012 a
897 947 1205 1032 changer.
1293 946 1533 1012 Dadou
1559 947 1655 1012 cir
1697 946 1747 1011 il
1781 957 1929 1012 nest
1969 946 2284 1029 possible:
2327 944 2408 1011 de
2452 967 2601 1010 sen-

642 1035 917 1100 flamber
961 1055 1046 1098 en
1089 1033 1240 1115 plus
1291 1031 1539 1117 grande
1582 1032 1997 1110 vehemence‚
2042 1032 2107 1098 le
2151 1040 2367 1115 temps
2411 1052 2495 1096 ne
2537 1030 2603 1095 le

641 1129 830 1204 porte
855 1119 1076 1202 point,
1136 1140 1221 1184 66
1265 1118 1477 1184 160166
1520 1140 1688 1201 pour
1744 1118 1861 1203 luy
1916 1117 2168 1184 donner
2212 1137 2421 1183 00616.
2514 1116 2604 1181 Et

643 1226 894 1271 1666166
960 1204 1016 1270 61
1083 1226 1245 1270 vous
1311 1203 1630 1269 deliberez
1689 1204 1768 1269 dc
1826 1204 1892 1268 16
1947 1204 2109 1269 faire
2164 1206 2508 1287 imprimer
2563 1221 2604 1265 a

645 1290 1071 1375 Strasbourg,
1118 1310 1315 1355 encor
1360 1310 1442 1354 ne
1486 1311 1641 1374 scay
1676 1290 1738 1355 ie
1774 1289 1892 1354 silz
1935 1289 2228 1355 loseront
2270 1288 2603 1355 admectre

644 1377 801 1443 telle
844 1376 1062 1458 quelle
1107 1387 1221 1440 est.
1319 1375 1486 1457 Quid
1541 1376 1708 1440 enim
1763 1376 2013 1455 audeat,
2060 1376 2172 1458 qni
2229 1382 2495 1457 tyranno
2537 1393 2604 1439 66

644 1463 1005 1544 ὑηρῖίοαίύἓ
1029 1463 1081 1542 ³)
1171 1461 1275 1526 La
1290 1463 1348 1538 ⁴)
1405 1460 1456 1525 il
1511 1483 1557 1544 y
1612 1463 1826 1526 auroit
1880 1460 2031 1544 plus
2077 1461 2158 1527 de
2200 1460 2453 1525 liberte.
2542 1458 2605 1522 Il

643 1569 751 1614 me
774 1549 1082 1613 souvient
1101 1567 1229 1630 que
1265 1569 1426 1612 vous
1466 1567 1572 1611 me
1605 1549 1788 1613 fistes
1825 1548 2142 1626 mention,
2188 1546 2606 1612 incontinent

643 1655 834 1716 apres
854 1633 1071 1698 lavoir
1093 1654 1275 1710 veue,
1320 1631 1401 1698 de
1434 1632 1726 1716 corriget
1766 1633 2077 1715 quelques
2114 1633 2394 1715 poinctz,
2439 1629 2607 1695 111616

644 1741 799 1785 6666
844 1740 951 1783 166
994 1727 1183 1783 noter
1217 1741 1303 1783 ne
1345 1740 1520 1801 quoy
1557 1740 1642 1783 66
1685 1727 2032 1784 comment.
2099 1718 2160 1782 Il
2195 1739 2361 1782 vous
2394 1715 2607 1799 plaira

645 1805 858 1888 doncq
901 1825 1022 1887 par
1042 1803 1105 1869 le
1129 1803 1412 1886 premier
1444 1824 1600 1867 men
1632 1802 1909 1869 mandet
1953 1812 2172 1870 vostre
2219 1802 2492 1878 vouloir,
2537 1809 2605 1865 et

643 1913 718 1957 06
786 1912 909 1973 966
974 1911 1145 1955 vous
1211 1889 1533 1955 desirerez
1600 1888 1681 1955 de
1745 1911 1918 1973 moy.
2019 1889 2135 1953 Du
2200 1889 2604 1953 translateur

644 1997 812 2060 pour
854 1975 921 2040 la
961 1976 1125 2041 faire
1184 1975 1416 2051 latine,
1475 1996 1640 2041 vous
1697 1997 1781 2039 en
1839 1975 2058 2040 auriez
2135 1975 2199 2039 la
2270 1995 2362 2039 un
2419 1993 2602 2038 assez

646 2063 938 2147 elegant,
1000 2061 1082 2127 sil
1142 2083 1299 2126 vous
1356 2061 1663 2125 sembloit
1715 2061 1845 2126 bon
1889 2059 2018 2125 den
2058 2082 2225 2126 user.
2247 2062 2304 2137 ⁵)
2390 2059 2508 2142 Icy
2554 2057 2605 2122 il

645 2170 765 2215 sen
809 2156 1118 2212 trouvera
1162 2146 1311 2211 bien
1356 2146 1715 2230 quelquun:
1783 2167 1906 2229 par
1963 2145 2167 2211 faulte
2222 2144 2484 2210 daultre
2541 2144 2603 2208 ie

644 2255 754 2299 me
796 2232 1252 2315 substitueray.
1342 2233 1436 2297 Et
1486 2233 1628 2297 0616
1677 2252 1928 2297 comme
1982 2232 2236 2315 iesperc
2294 2250 2602 2313 nempor·

646 2327 788 2385 tera
845 2340 964 2401 pas
1017 2327 1213 2402 grant
1265 2325 1508 2403 atarge.
1596 2317 1731 2383 Car
1774 2319 2159 2383 moiennant
2211 2315 2348 2399 quil
2407 2338 2453 2399 y
2509 2314 2604 2380 ait

645 2405 1058 2489 perspicuite,
1104 2404 1150 2468 il
1197 2404 1438 2468 suffira.
1528 2405 1620 2468 Et
1662 2402 1839 2469 aussi
1881 2403 1948 2468 la
1978 2401 2286 2467 barbarie
2330 2400 2411 2466 de
2458 2400 2605 2466 Ma-

646 2493 844 2557 {estas
884 2494 1108 2568 vestra,
1154 2487 1235 2554 de
1276 2489 1559 2571 laquelle
1618 2511 1706 2553 on
1760 2510 1908 2554 sera
1958 2488 2328 2553 contrainct
2385 2484 2600 2565 duser,

646 2597 941 2659 repugno
984 2597 1024 2639 a
1068 2596 1162 2639 un
1205 2583 1550 2640 ornement
1607 2583 1754 2656 trop
1809 2574 2057 2657 exquis.
2159 2573 2489 2639 Toutefois
2545 2572 2603 2637 si

646 2661 903 2728 fauldra
946 2660 996 2724 il
1039 2682 1120 2725 66
1166 2661 1352 2725 avoir
1395 2667 1614 2726 vostre
1666 2660 1886 2739 advis,
1942 2681 2027 2724 66
2084 2680 2195 2725 066
2254 2659 2389 2742 9611
2433 2679 2604 2722 6066

646 2770 693 2832 y
737 2746 928 2811 fallut
968 2745 1304 2830 employer
1346 2767 1466 2828 par
1510 2746 1684 2810 deca.
1749 2749 1861 2810 Au
1905 2753 2077 2810 reste
2121 2766 2240 2809 606
2285 2765 2447 2829 gens
2489 2751 2606 2807 ont

648 2833 926 2917 quelque
970 2833 1136 2915 petit
1178 2831 1260 2896 (16
1307 2852 1529 2914 pacur.
1620 2830 1794 2896 Mais
1846 2830 1910 2895 16
1969 2830 2250 2895 nestime
2306 2851 2424 2912 pas
2467 2828 2604 2911 quil

643 2942 691 3003 y
714 2920 806 2983 ait
828 2939 1039 2984 cause.
1107 2918 1293 2982 Vous
1315 2938 1541 2983 scavez
1587 2937 1711 2997 que
1756 2916 1947 2981 villes
1972 2915 2052 2980 de
2073 2916 2419 2981 frontieres
2455 2924 2607 2978 sont

644 3004 970 3070 subiectos
1026 3024 1065 3068 a
1122 3000 1439 3068 craindre.
1541 3002 1635 3066 Et
1689 3022 1932 3085 pourco
1991 3023 2117 3084 que
2171 3021 2337 3066 6066
2402 3020 2606 3064 avons

650 3090 1005 3158 Grantvelle
1047 3109 1214 3172 pour
1248 3089 1482 3167 voisin,
1502 3091 1558 3167 6)
1605 3097 1670 3152 et
1715 3109 1888 3171 quon
1923 3089 2019 3153 oit
2051 3086 2271 3171 parler
2308 3086 2388 3152 de
2423 3085 2604 3151 lever

643 3197 827 3261 gens,
874 3197 961 3239 on
1004 3195 1075 3239 se
1121 3172 1378 3239 doubts.
1475 3173 1705 3256 Quant
1761 3195 1801 3238 a
1844 3195 1998 3259 moy
2041 3175 2156 3258 iay
2198 3195 2309 3239 ma
2348 3174 2604 3239 coniec-

644 3272 792 3327 1610
848 3260 1139 3337 diverse,
1198 3281 1310 3325 car
1366 3280 1440 3326 06
1497 3267 1647 3326 nest
1702 3280 1823 3342 pas
1876 3260 1943 3324 la
1998 3261 2217 3325 saison
2270 3257 2604 3324 dattenter

642 3349 791 3413 rien
833 3348 894 3413 10
947 3394 959 3406 .
1045 3345 1219 3411 Mais
1263 3345 1311 3409 il
1353 3366 1521 3410 nous
1563 3345 1733 3410 fault
1775 3345 2008 3411 laisser
2049 3344 2367 3412 escouller
2413 3344 2605 3409 beau-

645 3454 812 3516 coup
915 3452 952 3496 e
999 3430 1281 3509 bruictz,
1342 3440 1486 3496 tout
1542 3432 1708 3496 ainsi
1766 3452 1895 3514 que
1950 3453 2117 3497 60116
2168 3452 2254 3496 66
2306 3450 2602 3513 pouvons

645 3517 1029 3601 empeschcr
1070 3538 1196 3600 966
1239 3517 1427 3583 16666
1471 3517 1646 3582 66116
1690 3516 1855 3581 aval.
1936 3515 2133 3600 Quoy
2176 3515 2313 3600 quil
2354 3538 2440 3581 66
2475 3516 2603 3581 soit

642 3603 707 3669 ie
751 3604 890 3667 suis
936 3602 1085 3667 bien
1125 3623 1282 3687 ayss
1326 3622 1452 3685 966
1489 3612 1709 3667 nostre
1735 3600 2063 3685 Seigneur
2105 3623 2272 3667 nous
2313 3600 2600 3679 rcveille,

643 3710 810 3772 pour
853 3709 1016 3753 nous
1059 3687 1555 3753 recommander
1596 3710 1636 3751 a
1677 3687 1810 3771 luy.
1877 3687 2148 3753 Oomme
2183 3694 2323 3753 cest
2357 3686 2416 3752 16
2455 3687 2601 3769 plus

644 3782 842 3859 grant
882 3774 1038 3838 bien
1097 3773 1210 3855 qui
1266 3794 1433 3838 nous
1485 3774 1708 3855 puisse
1761 3772 2064 3851 advenir‚
2120 3793 2247 3856 que
2302 3772 2382 3837 de
2438 3794 2601 3838 nous

646 3861 901 3925 scavoir
944 3866 1264 3924 remectrc
1308 3879 1347 3923 6
1389 3857 1516 3923 1106
1562 3859 1809 3924 escient
1851 3880 1892 3924 6
1936 3880 2011 3924 66
2047 3858 2425 3941 protection.

667 4166 812 4221 888.
848 4164 909 4228 1)
947 4180 1112 4234 voyen
1144 4165 1201 4219 Ia
1237 4165 1389 4219 lettre
1424 4165 1500 4218 du
1536 4164 1617 4218 16.
1654 4166 1803 4219 Amic
1841 4163 1992 4218 1547.

852 4233 914 4298 2)
957 4234 1029 4287 06
1063 4236 1163 4304 qui
1194 4250 1263 4288 ne
1296 4250 1353 4287 66
1385 4235 1448 4297 fit
1619 4231 1831 4289 l’anne'e
1865 4235 2133 4289 suivante.

852 4302 913 4368 3)
953 4302 1046 4356 La
1079 4303 1202 4356 ville
1234 4301 1301 4356 de
1340 4301 1494 4356 Siras
1532 4318 1666 4370 ourq
1701 4318 1769 4356 ne
1801 4299 1981 4357 s'e'tait
2007 4318 2119 4371 pas
2145 4319 2336 4358 encore
2369 4305 2604 4357 soumiee

645 4372 685 4427 ὰ
721 4371 1063 4439 l’empereur,
1110 4372 1254 4424 mais
1297 4372 1376 4425 166
1408 4372 1719 4425 conditione
1762 4371 1831 4424 de
1873 4371 2028 4426 l’acte
2073 4372 2141 4426 de
2175 4374 2499 4428 soumissn'on
2532 4389 2601 4425 ne

645 4440 932 4496 tarderent
967 4454 1078 4507 pas
1123 4441 1162 4493 ὰ
1210 4438 1320 4494 &tre
1361 4436 1564 4508 re'qk'ee
1609 4439 1720 4501 (21.
1772 4440 1952 4494 Mare.
2006 4439 2173 4495 Sleid.
2220 4441 2318 4494 111.
2354 4439 2435 4505 3).
2513 4439 2600 4494 On

643 4508 940 4577 compo-end
972 4524 1075 4576 906
1108 4508 1254 4562 dane
1287 4524 1374 4564 666
1406 4513 1808 4564 circonstanees
1853 4509 1930 4563 166
1979 4512 2326 4578 imprimeurs
2370 4509 2438 4564 de
2471 4515 2603 4563 cette

641 4579 770 4633 ville
800 4577 1053 4631 devaient
1086 4576 1199 4632 &tre
1232 4593 1329 4631 eur
1363 4580 1511 4633 leurs
1536 4579 1758 4647 yar-dee.

850 4645 913 4711 4)
953 4645 1010 4699 0.
1046 4646 1099 4699 ὰ.
1137 4646 1191 4699 ἀ.
1240 4649 1278 4700 ἀ
1311 4645 1468 4701 Βᾶζε.
1540 4648 1624 4702 Μ.
1675 4646 1896 4700 Bonnet
1940 4661 1976 4698 a
2022 4647 2106 4699 lu.-
2154 4646 2246 4716 06,
2299 4662 2356 4701 66
2399 4646 2500 4715 qui
2544 4661 2601 4700 66

640 4714 1668 4863 rappmgmit'e'cdigtirnbg’edmeterdam
1707 4785 1821 4838 voit
1854 4785 1930 4837 ici
1961 4799 2068 4837 une
2104 4783 2342 4836 allusion
2374 4785 2413 4837 ὰ
2435 4781 2600 4863 Chae-

645 4852 862 4917 teillon3
906 4867 964 4905 ee
1071 4868 1095 4904 i
1126 4852 1318 4919 paruit
1360 4854 1518 4905 aussi
1554 4851 1822 4918 plausible
1866 4853 1904 4906 ὰ
1942 4852 2023 4904 Μ.
2061 4851 2294 4906 Bonnet.
2370 4850 2457 4905 On
2493 4859 2604 4906 east

646 4937 753 4991 qne
784 4936 843 4977 ee
870 4918 963 4984 fut
1052 4919 1300 4973 andouin
1333 4920 1432 4989 qui
1448 4920 1523 4988 fit
1553 4921 1610 4973 la
1642 4921 1883 4990 besoqne.

853 4988 913 5055 6)
952 4986 1010 5041 11
1044 5004 1113 5042 ne
1145 4987 1308 5057 s'ayit
1337 5004 1443 5056 pas
1477 4987 1544 5041 de
1575 4985 1806 5059 l’e'vessque
1839 4989 2082 5043 Antoine
2115 4989 2374 5056 d'Arras,
2407 5004 2603 5043 comme

649 5058 700 5112 le
725 5072 895 5126 pense
932 5056 1014 5109 Μ.
1053 5057 1296 5122 Bonnet,
1342 5058 1483 5111 mais
1518 5056 1585 5110 de
1617 5074 1715 5112 son
1790 5059 1893 5121 ere,
1930 5058 1977 5112 ze
2011 5059 2261 5112 ministre
2297 5059 2365 5111 de
2398 5056 2601 5126 tempe·

649 5141 796 5180 reur.
868 5124 966 5181 Du
1001 5127 1180 5180 moine
1218 5126 1512 5180 Steidanm
1546 5125 1640 5190 (11.
1784 5130 1805 5191 )
1845 5127 1929 5180 dit
1962 5126 2030 5183 (16
2061 5132 2192 5182 cette
2223 5126 2453 5197 e'poque:
2492 5127 2602 5179 Ha·

650 5195 818 5248 bebat
863 5200 980 5248 tum
1024 5195 1082 5247 in
1118 5196 1343 5249 consilio
1396 5196 1594 5250 Caesar
1628 5196 2043 5249 Atrebatensem
2079 5196 2389 5266 episcopum
2429 5196 2604 5249 Anto·

652 5264 831 5325 nium3
879 5263 1274 5317 Granvellanus
1326 5265 1470 5317 enim
1517 5269 1677 5333 pater
1714 5264 2106 5318 Vesontionem
2143 5274 2261 5316 erat
2311 5264 2602 5333 profectus.

656 5331 2260 5403 Ete’eetbienaBeeaneonqueOalvinleeiqnaleici.

2203 413 2732 483 EPISTOLAE
2777 416 3123 480 883—885

4526 421 4634 481 496

2872 602 3150 668 Faisant
3181 602 3279 667 fin
3312 622 3355 667 a
3385 601 3456 667 la
3486 609 3815 685 presente,
3859 601 4225 680 Monsieur,
4266 623 4454 687 apres
4485 624 4641 671 mes-

2705 695 2807 753 tre
2850 686 3305 754 humblement
3346 686 3811 754 recommande
3864 710 3905 754 6
3960 687 4029 755 la
4069 687 4287 755 1106116
4339 709 4530 773 grace
4570 689 4641 756 de

2706 794 2871 839 vous
2913 783 2980 838 et
3014 772 3096 839 de
3130 773 3647 853 Madamoiselle,
3692 783 3759 839 et
3792 795 3960 840 vous
4002 775 4190 840 avoir
4230 782 4530 858 presente
4558 775 4644 842 les

2707 858 3346 926 recommendatione
3389 858 3471 925 de
3514 881 3633 926 nos
3675 861 3955 939 voisins,
4014 861 4076 924 ie
4129 861 4394 945 prieray
4436 872 4646 927 nostre

2705 945 2840 1010 bon
2883 945 3058 1010 Dieu
3101 944 3183 1010 de
3229 965 3395 1011 vous
3438 947 3613 1010 tenir
3661 967 3748 1011 en
3801 966 3875 1011 66
3928 946 4177 1012 saincte
4222 945 4440 1031 garde,
4501 967 4646 1012 vous

2706 1029 3019 1096 conduire
3072 1051 3158 1095 en
3213 1037 3364 1097 tous
3416 1052 3538 1096 voz
3593 1053 3714 1115 pas
3728 1083 3745 1111 ‚
3813 1053 3978 1097 vous
4033 1043 4362 1097 monstret
4414 1052 4491 1098 06
4544 1033 4646 1115 qui

2706 1136 2852 1182 sera
2893 1116 3027 1182 bon
3068 1126 3137 1181 et
3177 1117 3546 1200 expedient,
3591 1127 3660 1183 et
3693 1139 3861 1183 vous
3896 1138 3978 1183 en
4016 1116 4269 1183 donner
4308 1118 4439 1183 bon
4472 1118 4651 1184 effect

2706 1210 2774 1266 et
2817 1222 3145 1285 prospere.
3237 1204 3333 1269 Oe
3379 1208 3435 1267 7.
3483 1204 3563 1269 de
3604 1224 3785 1270 mars
3837 1205 4092 1281 1547.⁷)

2878 1286 3069 1353 Vous
3112 1289 3565 1373 congnoistrez
3619 1309 3742 1373 par
3795 1288 3891 1355 les
3943 1289 4174 1355 lettres
4230 1288 4311 1355 de
4354 1288 4509 1355 Sire
4548 1289 4653 1354 Μ-

2707 1372 2969 1452 oolas,⁸)
3015 1394 3268 1439 comme
3316 1374 3366 1438 il
3423 1397 3510 1440 va
3570 1373 3651 1440 de
3707 1385 3928 1441 vostre
3987 1384 4240 1458 argent.
4342 1375 4406 1440 Il
4449 1396 4557 1441 me
4597 1375 4653 1439 la

2708 1460 2886 1524 611661
2925 1459 3182 1525 mande.
3270 1458 3386 1524 Du
3428 1461 3612 1526 chois
3647 1461 3788 1544 quil
3827 1481 3989 1526 vous
4030 1469 4333 1541 remecte‚
4378 1482 4547 1527 vous
4580 1482 4653 1526 en

2706 1545 2880 1611 ferez
2924 1545 3107 1610 selon
3149 1545 3595 1628 lopportnnite
3627 1554 3947 1630 presente.

2880 1681 3124 1749 Vostre
3166 1682 3490 1751 serviteur
3525 1693 3593 1749 et
3634 1681 3905 1749 1161111116
3946 1682 4123 1748 frere
4167 1705 4208 1749 6
4246 1683 4572 1763 1611116616,

3943 1802 4154 1868 161166
4199 1801 4451 1870 Calvin.

3483 2099 3721 2106 ..ψ-
3762 2099 3887 2105 ·“-.

3610 2310 3769 2382 884.

3238 2464 3711 2533 GALVINUS
3756 2466 4130 2535 VIRE'PO.

2878 2637 3188 2702 Hortatur
3229 2658 3370 2702 ewm
3412 2642 3484 2701 ut
3523 2635 3855 2703 Basileam
3909 2640 3998 2704 ad
4041 2638 4373 2706 Falce-ium
4414 2662 4482 2708 66
4525 2662 4659 2710 eon-

2703 2723 2874 2807 ferat
2915 2742 3111 2810 quam
3152 2724 3290 2805 ipse
3320 2742 3446 2806 pro
3478 2727 3747 2804 tempore
3788 2725 3958 2790 domi
3999 2727 4363 2793 retineatur.

2711 2895 3133 3017 (Autographon
3166 2892 3409 2974 reperies
3455 2893 3512 2946 16
3550 2894 3680 2948 Cod.
3716 2895 3921 2950 Genev.
3962 2893 4078 2962 106,
4114 2897 4206 2950 fol.
4244 2896 4360 2952 186.
4433 2899 4655 2953 Caetera

2709 2982 2902 3035 exemp
2925 2981 3056 3026 ana,
3092 2963 3374 3016 lenvillaei
3410 2960 3539 3014 Ood.
3579 2961 3749 3033 111⁸,
3792 2963 3884 3019 fol.
3920 2963 4003 3033 15,
4051 2965 4329 3047 Turretini
4373 2967 4502 3021 eod.
4538 2967 4649 3031 111,

2825 3034 2917 3087 fol.
2954 3029 3072 3100 165,
3108 3033 3388 3086 Beruense
3424 3030 3562 3101 Epp.
3600 3032 3721 3085 VII.
3757 3048 3814 3102 p.
3847 3029 3967 3102 819,
4006 3034 4223 3089 81161611
4258 3035 4377 3090 Vol.
4412 3034 4525 3104 63.)

2706 3205 2970 3272 Eximio
3015 3204 3287 3270 Domini
3329 3204 3539 3269 nostri
3581 3203 3737 3269 Iesu
3776 3204 4026 3271 Christi
4072 3228 4265 3273 servo
4298 3206 4499 3274 Petro
4532 3207 4643 3273 Vi-

3013 3298 3152 3356 reto
3198 3291 3691 3356 Lausannensis
3732 3290 4043 3357 ecclcsiae
4083 3294 4350 3375 pastori.

2876 3426 2948 3493 S.
3037 3427 3152 3491 Me
3195 3424 3369 3491 domi
3419 3425 3789 3509 complures
3845 3448 4021 3494 nunc
4077 3447 4311 3495 causae
4352 3431 4638 3496 retinent.

2705 3514 3088 3596 Praecipua,
3126 3511 3300 3595 quod
3333 3511 3733 3576 medendum
3768 3522 3872 3578 est
3904 3513 4291 3596 quibusdam
4327 3516 4637 3597 morbis,¹)

2705 3599 2816 3682 qui
2857 3598 3223 3682 longiorem
3278 3618 3534 3663 moram
3578 3618 3712 3662 606
3756 3598 4023 3664 ferrent.
4111 3598 4388 3667 Awdit
4440 3610 4637 3668 tamen

2705 3684 2869 3750 haec
2905 3703 3191 3768 quoque:
3234 3682 3408 3765 quod
3444 3703 3656 3766 nuper
3691 3683 3957 3750 domum
3993 3704 4298 3753 reversus
4332 3708 4468 3753 606
4498 3688 4638 3752 effu-

2706 3790 2930 3855 gerem
2972 3789 3288 3848 rumores,
3344 3779 3538 3854 atque
3581 3770 3780 3835 etiam
3827 3771 4190 3837 calumnias
4205 3823 4221 3849 ,
4281 3773 4339 3839 si
4383 3772 4630 3838 eandem

2703 3877 2933 3922 rursus
2996 3857 3461 3939 profectionem
3538 3857 3954 3938 susciperem.
4056 3857 4291 3941 Itaque
4356 3867 4629 3944 rogatum

2706 3950 2771 4007 te
2807 3942 3003 4007 velim
3040 3941 3235 4005 etiam
3273 3952 3469 4024 atque
3504 3943 3720 4021 etiam,
3758 3948 3836 4006 ut
3870 3949 3943 4007 tu
3976 3943 4048 4007 in
4082 3942 4298 4008 locum
4333 3945 4625 4022 subeam

2704 4029 2763 4093 si
2804 4027 3044 4110 absque
3101 4047 3340 4108 magno
3399 4025 3808 4092 incommodo
3859 4028 4057 4095 istinc
4108 4030 4337 4095 abesse
4389 4028 4617 4114 poteris.

2703 4114 2966 4179 Bernae
3000 4123 3175 4178 certe
3196 4113 3332 4178 >tibi
3366 4113 3498 4178 iam
3538 4112 3885 4179 dimidium
3915 4115 4044 4180 iter
4078 4124 4146 4179 et
4179 4114 4359 4181 ultra
4391 4134 4615 4182 emenso

2703 4199 2875 4282 quod
2920 4199 3244 4280 reliquum
3288 4200 3417 4264 erit
3456 4219 3590 4265 non
3627 4200 3989 4285 negabitur.
4057 4200 4337 4268 Utinam
4380 4203 4500 4268 hoc
4527 4201 4615 4266 abs

2702 4293 2771 4349 te
2828 4283 3167 4367 impetrari
3221 4286 3429 4349 sinas:
3500 4285 3694 4352 modo
3751 4287 3921 4352 citra
3974 4287 4291 4352 maiorem
4347 4287 4616 4356 ecelesiae

2703 4371 3037 4435 iacturam.

2905 4642 2973 4766 g)
3003 4642 3102 4766 ῗὲι
3120 4643 3261 4766 goe.-
3294 4644 3541 4712 Receupt
3574 4644 3627 4697 le
3660 4641 3747 4696 14.
3784 4644 3853 4698 de
3887 4661 4029 4698 mars
4065 4644 4220 4699 1547.

2724 4782 2869 4837 884.
2910 4782 2967 4847 1)
3005 4781 3142 4847 Hoc,
3177 4781 3293 4834 nisi
3321 4779 3590 4849 fallimur,
3627 4796 3739 4834 non
3775 4780 3843 4834 de
3873 4782 4052 4850 ipsius
4090 4782 4318 4837 Calvisii
4348 4782 4615 4839 eamne

2701 4850 3101 4918 intelliqendnm
3114 4889 3129 4915 ,
3176 4848 3274 4903 sed
3317 4848 3384 4902 de
3416 4863 3561 4903 nova
3600 4850 3919 4905 consistorii
3964 4857 4156 4907 contra
4204 4852 4418 4908 F'rane.
4464 4851 4614 4906 Fam

2703 4922 2918 4975 actione
2951 4934 3017 4972 eoe
3052 4935 3163 4988 960
3198 4920 3343 4972 inter
3377 4919 3760 4973 consistorium
3793 4922 3980 4988 ipsum
4016 4927 4065 4973 et
4099 4927 4349 4974 senatum
4393 4922 4488 4976 1106
4517 4928 4612 4974 1611-

2694 5004 2833 5057 pore
2865 4993 3003 5042 nata
3025 4989 3093 5040 lie
3123 4994 3220 5056 est,
3254 5003 3420 5057 quum
3452 4989 3515 5041 in
3549 4987 3648 5042 006
3681 5004 3887 5043 summo
3920 4989 4140 5057 ooaeyio
4175 4989 4483 5045 Fabi-orum

2702 5063 2751 5112 et
2774 5056 3041 5110 Pei-rinus
3070 5057 3319 5120 fautores
3349 5056 3608 5111 haberent
3640 5061 3737 5126 91ιὲ
3769 5058 3855 5112 illi
3884 5059 4045 5112 alteri
4077 5073 4183 5111 sua
4215 5061 4351 5113 iura
4382 5059 4463 5113 061

2700 5127 2909 5195 flabant
2941 5125 3026 5178 vel
3056 5125 3384 5180 arctioribus
3416 5126 3678 5179 limitibus
3709 5127 4232 5182 circumeo-imant.
4303 5128 4472 5195 (Vide
4502 5126 4609 5193 Req-

2704 5194 2781 5248 du
2819 5193 3034 5249 Gon-sei!
3064 5192 3149 5246 22.
3187 5193 3349 5248 Febr.
3388 5192 3471 5247 10.
3509 5193 3684 5248 Mart.
3717 5201 3769 5249 et
3808 5195 4039 5252 Gaberel
4070 5196 4114 5250 Ι.
4147 5194 4303 5261 386.)

2909 5260 2971 5328 2)
3007 5260 3135 5316 Seii.
3169 5264 3363 5317 itinere
3396 5263 3679 5317 Basileam
3723 5279 3910 5319 versus
3956 5265 4033 5319 ad
4068 5264 4353 5320 Fuluium
4382 5270 4600 5332 suscepto,

2705 5337 2769 5387 ut
2801 5337 3035 5400 apparet
3065 5346 3135 5385 ex
3166 5347 3247 5400 ep.
3277 5331 3528 5400 pro-vine
3560 5334 3819 5402 sequenti.
