4825 6175
679 403 798 464 511

850 586 1062 653 Grata
1103 584 1266 650 mihi
1303 584 1430 650 fuit
1484 594 1599 649 tua
1653 583 2010 651 consolatio
2065 583 2146 648 de
2204 602 2355 649 casu
2399 580 2626 648 fratris

677 672 1111 740 acerbissimo.
1129 674 1186 744 ⁸)
1246 670 1395 755 Ego
1438 690 1598 735 vero
1641 689 1772 734 non
1812 669 2044 754 ignoro
2080 689 2238 734 vera
2270 687 2415 734 esse
2458 687 2627 765 quae

677 779 720 823 a
759 767 826 824 te
868 758 1270 824 scribuntur:
1316 753 1428 821 sed
1465 755 1619 838 quia
1653 755 1953 822 homines
1988 775 2215 821 sumus
2260 761 2328 822 et
2361 754 2488 818 hac
2520 773 2623 816 in-

675 843 987 910 firmitate
1028 842 1243 908 carnis
1284 840 1732 919 circumducti,
1790 862 1920 906 non
1974 861 2321 924 possumus
2336 889 2350 915 ,
2412 858 2626 921 neque

675 929 873 994 etiam
919 927 1229 994 debemus
1270 947 1533 992 omnem
1586 947 1853 991 sensum
1901 924 2140 991 doloris
2185 945 2446 990 exuere.
2535 924 2627 988 Et

675 1023 899 1080 tamen
941 1015 1014 1077 in
1057 1013 1278 1078 dolore
1321 1012 1465 1096 ipso
1520 1012 1816 1095 gratulor
1867 1012 2015 1077 viro
2059 1012 2414 1077 fortissimo
2457 1009 2627 1075 hanc

676 1099 1115 1167 constantiam
1150 1100 1223 1163 in
1244 1098 1649 1164 confessione
1680 1099 1994 1175 veritatis,
2031 1098 2356 1182 planeque
2390 1103 2625 1172 statuo,

674 1207 807 1251 non
863 1205 1021 1250 casu
1065 1204 1279 1266 neque
1322 1183 1590 1249 fortuito
1634 1183 2024 1248 translatum
2067 1204 2208 1248 esse
2251 1184 2522 1246 fratrem
2558 1181 2627 1245 in

675 1284 1009 1338 aeternam
1055 1270 1233 1335 illam
1277 1269 1616 1334 ecclesiam
1652 1268 1990 1334 beatorum
2035 1289 2195 1333 aevo
2230 1267 2628 1350 sempiterno

676 1356 1079 1433 duraturam,
1125 1355 1238 1421 ubi
1280 1364 1558 1420 ornatur
1597 1375 1637 1417 a
1679 1355 1953 1419 summis
1996 1355 2159 1419 viris
2218 1354 2338 1418 hoc
2393 1352 2626 1416 trium·

675 1442 856 1525 phali
899 1443 1215 1508 carmine:
1261 1441 1354 1505 Hi
1398 1450 1557 1506 sunt
1600 1442 1806 1506 sancti
1851 1440 1962 1523 qui
2005 1440 2317 1504 lavantur
2360 1440 2432 1502 in
2475 1457 2625 1502 san-

674 1528 875 1613 guine
919 1529 1093 1611 agni.
1183 1526 1455 1592 Utinam
1496 1545 1656 1590 vero
1694 1525 1856 1591 haec
1899 1525 2123 1590 divina
2165 1525 2467 1589 incendia
2511 1545 2627 1606 per

674 1633 900 1679 omnes
975 1612 1336 1695 Hispaniae
1413 1612 1578 1677 fines
1655 1621 2055 1694 spargantur
2073 1662 2087 1688 ,
2168 1621 2244 1674 ut
2317 1609 2425 1675 vel
2503 1609 2626 1674 hoc

673 1698 973 1781 exemplo
1018 1707 1349 1780 permotae
1403 1696 1750 1763 nobiliores
1794 1707 2048 1762 mentes
2101 1696 2181 1761 ab
2239 1715 2318 1759 ea
2369 1697 2442 1760 in
2496 1716 2627 1777 qua

672 1804 848 1850 nunc
869 1785 1109 1848 vivunt
1140 1783 1477 1865 impietate
1511 1779 1780 1846 tandem
1824 1783 2244 1863 resipiscant.
2298 1782 2399 1846 De
2446 1790 2625 1844 metu

678 1869 912 1936 Claudi
930 1875 987 1946 ⁴)
1042 1868 1211 1952 quod
1269 1868 1529 1942 scribis,
1597 1876 1673 1931 ut
1745 1866 2106 1932 condonem
2173 1869 2369 1932 aetati
2427 1877 2626 1948 atque

672 1955 1058 2039 imperitiae,
1103 1976 1236 2019 non
1281 1976 1427 2020 sum
1471 1952 1631 2017 adeo
1686 1973 2015 2032 morosus,
2073 1954 2164 2017 mi
2214 1951 2485 2017 Calvine.
2548 1962 2626 2016 ut

672 2042 836 2107 haec
882 2051 949 2106 et
990 2041 1201 2104 multo
1236 2041 1435 2105 etiam
1472 2038 1772 2123 graviora
1810 2060 1941 2103 non
1987 2059 2245 2121 possem
2289 2037 2622 2114 devorare,

673 2146 750 2192 ac
793 2130 1010 2192 animo
1053 2145 1257 2208 aequo
1302 2125 1504 2199 ferre,
1563 2124 1946 2205 praesertim
1992 2125 2059 2188 in
2121 2125 2361 2189 amicis.
2456 2127 2625 2188 Amo

677 2211 1045 2290 obvadatum,
1103 2223 1169 2275 et
1221 2232 1372 2274 eum
1431 2218 1583 2292 opto
1637 2217 1942 2273 ornatum
1989 2230 2131 2275 esse
2178 2211 2426 2273 virtute
2469 2230 2623 2274 con-

672 2299 953 2362 stantiae
997 2307 1062 2361 et
1108 2295 1469 2380 gravitatis.
1560 2296 1846 2358 Tantum
1888 2295 1996 2360 vel
2040 2296 2245 2377 ipsius
2280 2315 2477 2360 causa
2510 2316 2622 2360 cu-

673 2404 895 2466 perem
941 2404 1025 2447 ne
1070 2379 1223 2464 quid
1280 2389 1562 2444 tentaret
1614 2379 1786 2462 quod
1838 2381 1961 2462 ipsi
2018 2380 2306 2444 deterius
2363 2379 2624 2446 cederet

672 2490 870 2552 quam
915 2468 973 2533 si
1015 2466 1372 2550 prudenter
1428 2473 1496 2530 et
1554 2465 1844 2547 graviter
1907 2466 2292 2547 quiesceret.
2383 2465 2464 2530 Id
2511 2477 2624 2530 tua

672 2553 1023 2638 prudentia
1065 2550 1524 2635 providebitur.

842 2638 948 2704 De
992 2646 1171 2704 statu
1213 2658 1432 2702 rerum
1470 2637 1992 2720 germanicarum
2029 2656 2379 2721 cognosces
2424 2639 2505 2704 ab
2541 2638 2623 2703 iis

714 2726 784 2791 ui
824 2724 945 2790 tibi
985 2724 1106 2788 has
1147 2723 1372 2788 literas
1416 2719 1693 2796 tradent,
1740 2742 2016 2804 quorum
2061 2722 2312 2805 aliquos
2356 2724 2619 2789 novisti.

729 2823 1024 2895 equetur,
1071 2821 1149 2873 ut
1190 2828 1398 2890 spero,
1446 2827 1576 2872 non
1621 2807 1715 2870 ita
1757 2807 1966 2872 multo
2015 2816 2163 2890 post
2181 2814 2236 2886 ὁ)
2284 2808 2367 2873 D.
2415 2808 2623 2872 Faue-

669 2898 828 2975 εἰπε,
874 2896 987 2979 qui
1030 2894 1373 2976 aliquoties
1418 2913 1456 2956 a
1499 2913 1605 2956 me
1648 2890 1981 2957 contendit
2018 2903 2097 2956 ut
2138 2914 2285 2959 cum
2329 2895 2472 2976 ipso
2513 2915 2620 2958 ve-

670 2985 901 3048 nirem.
991 2980 1143 3045 Non
1185 2978 1470 3062 promisi.
1559 2978 1652 3042 Et
1694 2980 1751 3042 si
1795 2980 2015 3057 venio,
2073 2980 2170 3043 tui
2214 2987 2474 3044 tantum
2521 2980 2619 3045 vi-

672 3066 870 3135 dendi
905 3086 1105 3133 causa
1140 3064 1418 3131 veniam.
1486 3061 1622 3129 Sed
1665 3064 1931 3130 mallem
1977 3074 2041 3130 te
2086 3064 2313 3131 venire
2359 3063 2443 3129 ad
2477 3085 2617 3143 nos,

670 3164 748 3220 ut
801 3173 938 3219 una
998 3172 1148 3218 cum
1202 3151 1503 3232 Philippo
1563 3150 1668 3216 hic
1727 3151 2201 3216 oblectaremur
2217 3202 2231 3225 ,
2293 3153 2348 3215 si
2395 3161 2618 3218 tamen

669 3239 806 3305 ulla
847 3237 1188 3304 oblectatio
1233 3256 1378 3302 esse
1418 3236 1656 3319 poterit
1706 3237 1779 3300 in
1823 3243 2008 3301 tanta
2050 3233 2471 3320 dissipatione
2514 3259 2617 3303 ec-

670 3324 1039 3391 clesiarum.

839 3409 1022 3474 Dum
1066 3408 1186 3472 has
1221 3407 1444 3472 literas
1487 3406 1697 3471 scribo
1740 3408 2015 3473 nunciat
2072 3408 2237 3472 mihi
2281 3407 2623 3492 Myconius

667 3496 927 3561 venisse
969 3494 1045 3558 in
1101 3492 1273 3558 hanc
1331 3490 1561 3556 urbem
1620 3490 1852 3556 ducem
1900 3491 2425 3575 christophorum,
2472 3505 2618 3559 tan-

667 3588 811 3646 tum
865 3587 942 3644 ut
998 3578 1270 3644 nunciet
1324 3598 1441 3643 suo
1498 3586 1735 3660 patruo
1786 3576 2048 3662 Georqio
2061 3604 2080 3643 .-
2139 3579 2620 3645 Ferdimmdum

665 3685 891 3750 regem
934 3685 1075 3730 esse
1116 3662 1384 3746 pulsum
1430 3661 1509 3726 de
1551 3682 1757 3746 regno
1779 3662 2160 3742 Bohemiae‚
2203 3674 2400 3748 atque
2443 3666 2621 3748 ipsos

664 3752 994 3817 Bohemos
1016 3748 1420 3831 conspirasse
1448 3745 1763 3812 adversus
1782 3758 1987 3813 totam
2023 3749 2288 3815 domum
2314 3752 2616 3816 Austria-

664 3856 828 3902 cam.
919 3834 1224 3900 Arbitror
1268 3833 1467 3899 etiam
1520 3832 1750 3898 foedus
1803 3834 2043 3899 initum
2102 3857 2243 3900 esse
2286 3838 2463 3902 inter
2505 3858 2617 3902 eos

665 3932 734 3987 et
781 3920 1119 3997 Saxam,
1170 3920 1282 4001 qui
1339 3917 1578 3984 dicitur
1631 3919 1961 4001 praeclare
2017 3929 2083 3986 et
2134 3922 2430 3987 animose
2474 3944 2616 3988 rem

709 4029 910 4072 erere.
934 4008 989 4083 ⁶)
1101 4004 1178 4070 Si
1244 4003 1401 4087 quid
1467 4002 1646 4069 aliud
1690 4004 2076 4071 intellexero
2122 4019 2186 4070 te
2231 4007 2611 4074 admonebo.

702 4090 850 4158 dem
897 4101 968 4156 ut
1014 4100 1087 4155 tu
1124 4091 1323 4154 facias
1357 4111 1487 4154 oro.
1553 4089 1736 4155 Bene
1771 4089 1919 4156 vale
1953 4113 2104 4157 cum
2142 4102 2282 4158 tota
2320 4094 2612 4160 ecclesia.

667 4178 969 4244 Basileae
1019 4181 1115 4239 14.
1163 4176 1371 4258 April.
1427 4180 1608 4239 1547.

1486 4311 1666 4376 'l'uus
1708 4312 2100 4380 Francisous
2149 4315 2518 4399 Dryander.

666 4458 774 4465 ——-
865 4454 1076 4461 --—.-——-—--

866 4535 926 4602 3)
962 4535 1077 4589 Iac.
1117 4534 1396 4594 anm.
1443 4535 1621 4587 maior
1653 4540 1790 4588 natu
1832 4536 2079 4603 fratrum
2128 4537 2372 4591 Parisiis
2415 4546 2469 4593 et
2503 4540 2610 4594 Lo·

659 4606 819 4661 venii
848 4604 1021 4658 literis
1053 4619 1273 4670 operam
1307 4608 1610 4657 novaverat
1651 4610 1705 4658 st
1736 4618 1855 4657 eum
1891 4605 1962 4658 iis
2004 4605 2081 4659 ad
2116 4622 2278 4660 saera
2310 4609 2614 4671 reformata

661 4674 978 4729 ιναηεὶενατ.
1051 4672 1106 4724 Δ
1136 4676 1298 4739 patre
1337 4670 1569 4725 Romam
1615 4671 1695 4725 ire
1741 4675 1927 4727 iussus
1971 4674 2050 4728 aba·
2093 4692 2204 4729 com
2246 4677 2388 4731 lares
2435 4692 2614 4732 annos

658 4742 952 4807 remansit,
995 4755 1165 4810 usque
1209 4738 1338 4793 dum
1383 4740 1452 4793 ab
1503 4739 1756 4808 Hispano
1803 4740 2034 4810 quodam
2080 4759 2182 4810 pro
2223 4746 2334 4798 itus
2373 4746 2614 4811 flammis

659 4808 1083 4877 exstinguendus
1130 4808 1370 4862 traditus
1410 4808 1536 4871 fuit.
1610 4809 1843 4862 Mortem
1891 4811 2008 4863 eiu-3
2057 4810 2296 4871 M'Om'e.
2334 4813 2496 4880 (Bes.
2550 4816 2611 4867 in

667 4880 759 4947 Sp.
795 4895 849 4947 p.
891 4876 1016 4943 189)
1051 4877 1127 4929 ad
1161 4892 1210 4929 α.
1251 4874 1386 4929 1546
1420 4878 1604 4944 refert,
1781 4885 1909 4932 teste
1945 4880 2229 4935 nescimus.

866 4944 924 5013 4)
960 4950 1054 4999 sic.
1127 4944 1218 4999 Aa
1252 4947 1371 4999 eius
1404 4944 1473 4999 de
1504 4960 1612 5015 quo
1638 4893 1906 5001 &8922

865 5014 924 5082 5)
961 5017 1067 5069 imo
1103 5014 1270 5068 multo
1304 5014 1482 5067 serius
1515 5029 1679 5083 quam
1709 5013 1923 5082 pridem
1961 5015 2195 5069 voluisse
2227 5017 2459 5072 videtur.

866 5083 920 5149 6)
959 5083 1048 5135 De
1081 5083 1169 5136 liis
1221 5083 1437 5136 minime
1479 5082 1642 5137 vanis
1687 5084 2029 5152 ratmot-ibice,
2077 5085 2175 5138 sed
2219 5088 2380 5142 seriis
2415 5087 2608 5143 diewi-

658 5153 900 5207 im‘m'bus
935 5168 983 5207 v.
1026 5126 1240 5212 Rus-ke,
1277 5151 1372 5204 IV.
1411 5148 1512 5203 393
1547 5167 1621 5205 ss.

2220 391 2747 462 EPIS'POLAE
2787 394 3121 458 894—901
4536 402 4624 464 512

3507 581 3887 655 895-898.

2890 715 3376 785 SERVETUS
3423 716 3841 787 OALVINO
3884 720 4004 786 ET
4050 718 4507 789 OALVINUS

3475 819 3927 890 SERVETO.

2757 990 2823 1044 In
2857 990 2997 1043 libro
3042 994 3235 1045 contra
3269 992 3555 1047 Servetum
3601 994 3748 1049 edito
3784 994 4039 1050 Calvinus
4078 997 4226 1050 inter
4268 996 4379 1050 alia
4420 996 4638 1052 describit

2816 1074 2873 1111 es
2904 1061 3246 1139 quaestiones
3290 1061 3396 1115 sibi
3441 1063 3511 1115 ab
3557 1063 3652 1116 illo
3697 1064 4034 1134 propositas,
4088 1065 4155 1119 ad
4206 1081 4339 1134 quas
4376 1066 4547 1133 paucis
4575 1084 4638 1121 re·

2729 1128 3012 1209 spondisse
3046 1145 3106 1209 se
3140 1129 3288 1195 dicit,
3326 1136 3382 1184 et
3416 1131 3518 1185 hoc
3546 1133 3723 1201 ipsum
3758 1149 4076 1214 responsum
4113 1134 4221 1186 iam
4255 1133 4540 1216 lectoribus
4564 1152 4634 1189 ex·

2729 1197 2919 1318 ἐκ.
2954 1198 3075 1319 132¹.
3110 1200 3591 1333 susam
3622 1200 4040 1339 ww„
4072 1204 4639 1326 qppoemffitsds

2730 1334 2893 1403 nique
2929 1334 3190 1417 Servetus
3226 1353 3420 1417 novam
3458 1338 3744 1417 epistolam
3778 1339 3955 1406 misit,
4007 1356 4169 1421 quam
4203 1347 4387 1421 tamen
4424 1339 4638 1395 Calvinus

2729 1409 2923 1523 gestes
2956 1420 3055 1456 suo
3090 1404 3230 1457 libro
3254 1422 3361 1459 non
3395 1412 3641 1459 inseruit.
3699 1406 3811 1488 Iam
3836 1414 4180 1490 quaestiones
4213 1409 4336 1490 illas
4372 1417 4431 1463 et
4464 1417 4640 1463 caeteri

2768 1479 3051 1524 ocuments
3086 1490 3227 1542 quae
3271 1473 3341 1527 ad
3386 1475 3603 1528 easdem
3638 1481 3918 1545 pertinent
3952 1477 4219 1531 edidimus
4253 1495 4311 1531 in
4477 1516 4489 1529 .
4519 1479 4638 1532 Toni.

2732 1539 2880 1593 VIII.
2917 1556 2972 1609 p.
3005 1539 3111 1593 482
3144 1559 3316 1611 seqq„
3353 1544 3599 1597 ultimam
3646 1560 3775 1597 vero
3810 1545 4026 1599 Serveti
4062 1546 4349 1615 epistolam
4385 1563 4405 1599 i
4447 1546 4576 1600 idem
4601 1548 4644 1600 in

2730 1608 3133 1677 Prolegomenis
3179 1627 3232 1680 p.
3280 1628 3407 1664 m.
3492 1613 3608 1677 Quo
3662 1629 3791 1667 vero
3844 1622 4089 1684 tempore
4140 1614 4244 1667 hoc
4301 1616 4643 1669 commercium

2729 1678 3069 1799 ffiwfimm
3130 1679 3303 1800 Ιοιέιω
3350 1679 3621 1803 ’ὴῗιὴαθτιίὲ
3671 1683 4042 1804 ῃιιεὲἒειωάίῃ
4089 1684 4259 1806 mii->la
4279 1684 4431 1764 edito
4478 1685 4647 1805 biplici:-¹²

2729 1752 3401 1897 οοηεῖιὶοῗιίῗιιιαίαοθρὲῗίοοι
3424 1767 3591 1874 ναοιιῗι.
3606 1767 4167 1873 ιωέιειαὲἷθνθτὲμίβυ
4205 1769 4646 1903 δίῑζῗίῗιῗιοοεθθο-

2726 1899 2949 2016 „3:322
2977 1884 4271 2027 sesses⁰3szt⁰sigffib3⁷dmm
4307 1896 4648 2039 mma:

2728 2022 2841 2073 viui
2878 2022 3313 2089 responsionum,
3362 2040 3591 2092 quarum
3636 2026 3907 2092 posterior
3951 2027 4223 2096 expressis
4268 2028 4457 2080 verbis
4491 2027 4554 2080 sd
4589 2026 4648 2079 19.

2730 2090 2908 2157 April.
2948 2087 3082 2143 1547
3118 2091 3368 2146 refertur.
3440 2092 3615 2145 Huius
3663 2109 3794 2162 ergo
3841 2094 3943 2148 boc
3978 2095 4095 2149 loco
4128 2095 4469 2149 mentionem
4502 2096 4649 2149 facere

2728 2158 3009 2212 debuimus
3044 2165 3101 2212 ct
3135 2175 3204 2212 ne
3240 2176 3379 2229 quse
3399 2161 3637 2215 arctiore
3663 2163 3876 2216 vinculo
3911 2164 4058 2216 inter
4092 2180 4151 2217 se
4184 2164 4486 2218 cohaerent
4516 2180 4651 2233 prop-

2728 2234 2815 2279 ‘e‘
2851 2227 3110 2281 “mm
3158 2235 3391 2352 ⁸5³3?ss
3424 2228 3891 2369 ἐξὲᾙὲζῖἒε
3911 2231 4443 2367 ’ἑῒὲᾈῖζῗθωω
4478 2233 4648 2303 ΨΜ·

3619 2723 3778 2798 sos.

3210 2823 3679 2929 'cimmus
3726 2863 4187 2932 muscum.

2902 3033 3232 3101 Occasione
3289 3033 3492 3100 oblata
3550 3033 3716 3102 nihil
3768 3036 4094 3119 antiquius
4145 3036 4322 3104 habet
4376 3059 4569 3124 quam
4604 3043 4661 3104 ut

2723 3121 2996 3186 amicum
3048 3122 3119 3185 in
3160 3122 3485 3202 praesenti
3555 3121 3916 3189 discrimine
3971 3144 4184 3188 rerum
4239 3126 4317 3190 de
4369 3147 4491 3192 suo
4539 3146 4656 3193 eon-

2718 3206 2914 3272 stanti
2956 3227 3102 3290 erya
3159 3227 3299 3271 eum
3354 3208 3567 3271 animo
3621 3210 3937 3274 certiorem
3987 3210 4191 3290 faeiat
4239 3212 4421 3294 eique
4473 3214 4660 3296 ipsuis

2717 3292 3148 3374 fortitudinem
3185 3293 3553 3376 matuletur.
4414 3368 4419 3373 ,

2724 3462 3137 3583 ἱΑιιιοςηρΙιοιι
3172 3465 3497 3545 contulimus
3533 3464 3790 3545 Zofingae
3835 3465 3890 3517 in
3926 3465 4066 3587 prp.
4102 3466 4342 3522 Reform.
4381 3470 4443 3522 Τ.
4480 3470 4521 3523 Ι.
4552 3485 4655 3538 pag.

2754 3532 2791 3586 Ο
2837 3548 2905 3585 ex
2953 3549 3062 3601 quo
3113 3534 3278 3586 etiam
3323 3533 3689 3601 descripserat
3734 3534 3946 3587 Simler.
4041 3536 4112 3588 cl.
4158 3534 4242 3590 63.
4324 3536 4501 3593 Aliud
4545 3552 4656 3607 spo·

2720 3600 2966 3671 graphon
3016 3607 3196 3654 exstat
3240 3602 3297 3655 iii
3335 3601 3464 3656 Ood.
3492 3600 3897 3740 goflfvpffgg’)
3929 3602 4019 3657 fol.
4056 3602 4141 3657 ⁷5.
4211 3605 4451 3676 Anglica
4498 3607 4656 3661 versio

2720 3825 2983 3888 Eximio
3028 3822 3274 3888 Christi
3321 3823 3589 3889 Domini
3634 3824 3842 3890 nostri
3902 3847 4094 3892 servo
4141 3828 4223 3893 D.
4269 3827 4657 3913 wolfgango

2719 3909 3038 3986 Musculo‚
3081 3911 3506 3994 Augustanae
3540 3911 3850 3976 ecclesiae
3883 3912 4128 3995 pastori
4161 3912 4356 3979 fratri
4392 3924 4463 3979 et
4494 3933 4655 3998 sym·

3298 4005 3553 4080 mystae
3595 3996 4069 4064 colendissimo.

2893 4130 2963 4197 S.
3051 4131 3127 4197 Si
3172 4145 3637 4215 argumentum
3696 4134 3799 4198 his
3851 4134 4059 4202 literis
4102 4139 4407 4221 persequi
4454 4136 4655 4211 velim,

2720 4216 2911 4300 quale
2955 4226 3212 4300 tempus
3267 4228 3335 4282 et
3383 4239 3695 4300 praesens
3747 4240 3971 4285 rerum
4022 4222 4305 4290 conditio
4361 4222 4653 4307 postulat.

2720 4306 2919 4368 finem
2964 4302 3221 4368 nullum
3276 4304 3414 4369 fore
3470 4305 3678 4370 video.
3767 4304 4056 4371 Obstant
4107 4308 4307 4374 etiam
4350 4309 4524 4375 aliae
4562 4328 4655 4372 ra·

2720 4389 2931 4453 tiones
2973 4389 3322 4470 quominus
3371 4390 3540 4454 hanc
3583 4388 3744 4456 adeo
3786 4391 4115 4474 spinosam
4152 4394 4413 4479 sylvam
4450 4397 4655 4479 ingre-

2719 4475 2879 4539 diar.
2969 4474 3167 4539 Hunc
3210 4484 3430 4539 tamen
3475 4475 3988 4557 adulescentem,
4051 4482 4164 4561 qui
4217 4501 4291 4545 se
4344 4480 4516 4545 mihi
4556 4477 4651 4543 ob-

2717 4560 2974 4639 tulerat,
3020 4560 3199 4625 nolui
3241 4582 3512 4643 prorsus
3556 4581 3837 4627 vacuum
3878 4583 3919 4627 a
3961 4585 4066 4629 me
4110 4564 4481 4631 dimittere:
4524 4563 4654 4639 :teal-

2718 4658 2850 4710 tem
2894 4658 2970 4710 ut
3013 4645 3132 4710 tibi
3176 4656 3474 4725 testarer,
3520 4668 3626 4712 me
3666 4649 3737 4711 in
3781 4648 3903 4715 hoc
3937 4649 4312 4717 calamitoso
4353 4652 4651 4718 ecclesiae

2718 4742 2975 4798 vestrae
3011 4739 3188 4797 statu
3208 4783 3225 4810 ‚
3282 4742 3356 4797 ut
3399 4734 3686 4799 amicitia
3738 4743 3965 4801 nostra
4008 4734 4281 4821 dignum
4326 4747 4447 4815 est,
4494 4757 4650 4802 sem·

2713 4839 2834 4900 per
2876 4839 3016 4883 esse
3058 4818 3158 4882 tui
3192 4838 3566 4884 memorem.
3654 4820 4004 4903 Equidem,
4067 4843 4272 4905 quum
4312 4824 4513 4907 primi
4552 4842 4651 4887 ru·

2713 4924 2929 4968 mores
2972 4902 3154 4967 allati
3187 4915 3425 4982 essent,
3472 4914 3543 4970 tu
3578 4905 3742 4970 mihi
3774 4907 3952 4971 inter
3992 4909 4237 4992 primos
4280 4909 4650 4975 occurrebas

2715 5009 2994 5071 quorum
3037 4989 3399 5072 periculum
3444 5011 3549 5055 me
3590 4993 3929 5058 cruciaret.
4017 4995 4118 5058 Ac
4159 5016 4359 5077 quum
4404 5014 4647 5060 moero-

2712 5074 2804 5139 ris
2847 5075 3229 5158 impotentia
3252 5076 3570 5160 Tigurum
3606 5099 3811 5162 usquc
3855 5099 3961 5145 me
4004 5081 4341 5164 rapuisset,
4366 5085 4418 5161 ¹)
4463 5078 4651 5146 simul

2745 5313 2886 5368 899.
2925 5311 2981 5377 1)
3026 5311 3270 5382 Respicit
3287 5315 3364 5369 ad
3381 5317 3485 5370 iter
3518 5316 3665 5385 quod
3680 5333 3748 5370 m.
3770 5318 4043 5373 Iamne
4077 5326 4303 5376 exeam
4330 5323 4641 5390 rumpuat.
