4825 6175
671 444 795 505 699

670 651 868 715 quam
910 630 1054 695 fieri
1097 637 1319 712 posset
1360 629 1677 714 ocyssime
1726 638 1796 692 tu
1841 637 1909 692 et
1949 626 2060 692 ille
2096 626 2416 712 'Pigurum
2463 646 2610 708 pro-

669 715 1141 792 ficisceremini,
1207 715 1361 798 quia
1424 712 1788 797 periculum
1832 720 1934 778 est
1975 713 2046 777 in
2082 732 2281 777 mora.
2313 711 2361 794 ι)
2451 710 2613 776 Pro-

670 801 824 868 inde
886 800 1178 866 Farellus
1229 801 1298 865 in
1353 800 1526 865 hanc
1594 799 1675 866 ad
1737 808 1801 864 te
1845 799 2250 865 Neocomum
2304 817 2612 863 reversus

670 889 1060 954 sententiam
1118 887 1483 968 scripserat.
1573 883 1766 966 Quod
1811 885 1867 949 si
1912 885 2029 950 tibi
2088 904 2222 949 non
2266 890 2423 949 sunt
2465 881 2610 947 red-

672 973 845 1038 ditae
911 972 1141 1037 literae
1206 972 1427 1049 miror,
1493 972 1646 1053 quia
1715 971 1992 1036 nuncius
2057 971 2161 1033 cui
2226 968 2615 1034 commissae

671 1069 863 1125 erant
905 1057 1074 1123 fidus
1129 1057 1535 1123 credebatur.
1619 1057 1786 1120 Erat
1842 1057 2018 1121 enim
2062 1054 2299 1119 nobilis
2344 1052 2612 1137 quidam

672 1147 783 1230 qui
849 1146 1006 1209 emit
1075 1143 1339 1226 praedia
1407 1141 1839 1207 Farellorum.
1952 1138 2028 1207 Si
2105 1161 2259 1205 vero
2319 1137 2614 1225 redditae

672 1241 829 1296 sunt
895 1230 1103 1314 magis
1171 1228 1374 1293 miror
1439 1227 1609 1309 quod
1670 1249 1800 1293 non
1858 1227 2244 1310 perrexeris,
2311 1233 2379 1289 et
2444 1222 2615 1307 quod

670 1337 902 1400 passus
958 1316 1047 1382 sis
1091 1326 1157 1379 te
1200 1313 1421 1379 reduci
1468 1335 1507 1377 a
1553 1314 1830 1393 Nicolao.
1854 1316 1908 1392 ²)
2000 1310 2072 1377 Si
2121 1312 2389 1377 fuissem
2436 1311 2613 1374 Lau-

672 1422 917 1468 sannae
963 1421 1093 1465 non
1138 1421 1366 1483 passus
1411 1400 1683 1464 fuissem
1728 1410 1793 1464 te
1841 1397 2171 1464 remorari.
2264 1393 2399 1462 sed
2437 1402 2613 1479 post-

672 1508 872 1571 quam
915 1509 1021 1553 res
1064 1486 1159 1550 ita
1202 1486 1415 1565 habet,
1480 1483 1633 1549 vide
1669 1483 1825 1568 quid
1869 1486 2034 1550 facto
2081 1502 2245 1566 opus
2289 1483 2391 1548 sit.
2483 1480 2616 1544 Ex-

672 1573 1044 1656 spectabam
1105 1582 1168 1636 te
1225 1570 1306 1636 ad
1358 1570 1532 1635 diem
1577 1571 1812 1636 Martis
1852 1571 2243 1653 proximum,
2265 1570 2322 1650 ⁸)
2368 1575 2436 1631 et
2482 1564 2615 1630 Fa-

671 1658 863 1724 rellus
917 1680 987 1724 se
1042 1657 1124 1721 ad
1180 1657 1647 1740 profectionem
1705 1664 2066 1739 paraverat.
2157 1653 2612 1736 cupiebamus,

675 1746 732 1810 si
788 1745 932 1811 fieri
988 1752 1225 1827 posset,
1293 1751 1444 1807 ante
1508 1750 1932 1825 pentecosten
1949 1740 2004 1827 ⁴)
2054 1738 2309 1806 absolvi
2361 1735 2615 1823 profec-

673 1831 937 1895 tionem.
1043 1828 1178 1893 Vix
1237 1850 1414 1895 nunc
1465 1826 1702 1894 licebit.
1793 1824 2114 1911 Expende
2174 1835 2396 1890 tamen
2454 1842 2617 1888 num

674 1916 870 1982 nimis
926 1935 1069 1979 sero
1113 1916 1430 1995 futurum,
1458 1915 1563 1989 sit,
1623 1914 1678 1978 si
1721 1923 1870 1998 post
1913 1919 2350 1996 pentecosten.
2444 1909 2617 1973 Nam

673 2010 896 2066 metuo
955 2022 1037 2064 ne
1091 1999 1315 2065 statim
1361 2008 1506 2082 post
1556 1998 1694 2065 eius
1751 1999 1947 2064 ferias
2001 2018 2330 2064 vocemur.
2423 1993 2615 2076 Quod

673 2087 728 2152 si
786 2107 916 2152 non
961 2085 1181 2170 aliqua
1235 2084 1573 2151 commoda
1629 2086 1879 2150 ratione
1923 2085 2119 2150 rebus
2164 2082 2614 2167 prospiciatur,

673 2182 790 2237 aut
869 2171 1055 2238 nobis
1119 2191 1371 2255 quoque
1408 2170 1773 2237 cedendum
1838 2171 1967 2235 erit
2041 2167 2429 2244 ministerio,
2501 2172 2618 2231 aut

673 2257 923 2323 veritas
988 2256 1363 2322 deserenda.
1467 2254 1544 2321 Si
1608 2255 1738 2323 buc
1793 2258 2100 2334 venisses,
2157 2274 2298 2320 rom
2353 2271 2617 2318 omnem

674 2343 793 2408 tibi
839 2342 1067 2409 ordine
1111 2342 1573 2426 exposuissem,
1630 2352 1696 2407 et
1739 2340 1894 2407 hinc
1936 2350 2115 2407 recta
2162 2339 2399 2405 fuisses
2444 2337 2507 2403 N
2510 2358 2616 2402 eo-

673 2450 930 2495 comum
975 2427 1060 2493 ad
1096 2427 1424 2494 Farellum
1465 2428 1811 2512 profectus.
1880 2428 1974 2492 Te
2017 2427 2223 2511 igitur
2350 2446 2384 2488 r
2419 2422 2616 2490 Obri-

674 2524 851 2580 stum
909 2515 1175 2581 obsecro
1231 2525 1308 2578 ut
1350 2512 1698 2599 diligenter
1757 2511 2088 2596 expendas
2129 2446 2348 2595 quid>e
2346 2506 2620 2575 remedii

674 2601 780 2666 his
845 2600 1038 2665 malis
1095 2599 1382 2665 inveniri
1449 2600 1673 2683 possit,
1739 2620 1908 2682 quae
1973 2608 2149 2664 certe
2208 2595 2400 2662 valde
2464 2602 2621 2661 sunt

676 2685 1029 2770 deplorata.
1110 2686 1281 2750 Nam
1325 2706 1523 2752 causa
1567 2694 1794 2752 nostra
1832 2686 1928 2750 ita
1964 2683 2285 2767 implicita
2326 2692 2428 2747 est
2469 2701 2619 2748 cum

673 2794 873 2838 causa
915 2773 1368 2837 ministrorum
1410 2771 1875 2851 Beruensium,
1919 2777 1996 2836 ut
2035 2771 2151 2836 vix
2193 2768 2456 2834 videam
2493 2787 2623 2851 qua

674 2858 927 2924 ratione
970 2858 1081 2941 qui
1125 2878 1238 2923 eos
1281 2858 1616 2923 eiecerunt
1658 2879 1778 2923 suo
1816 2857 2048 2923 honori
2090 2853 2431 2922 consulere
2473 2872 2621 2936 pos-

676 2944 810 3009 sint
853 2945 907 3010 si
974 2940 1106 3009 nos'
1137 2943 1481 3018 retineant,
1543 2944 1666 3008 nisi
1711 2943 1836 3026 ipsi
1882 2941 2158 3008 velimus
2202 2939 2377 3025 quod
2422 2936 2623 3005 semel

674 3029 1132 3114 proposuimus
1175 3029 1516 3114 abnegare.
1611 3030 1747 3095 Aut
1798 3029 1957 3095 veni
1999 3028 2324 3114 'Figuram
2368 3022 2622 3110 profec-

673 3125 885 3195 turus,
941 3125 1056 3182 aut
1112 3116 1319 3182 scribe
1363 3114 1520 3199 quid
1573 3123 1765 3199 putes
1809 3137 1952 3182 esse
2008 3112 2405 3182 faciendum.
2498 3108 2624 3176 Sa-

674 3200 844 3267 lutat-
889 3209 953 3266 te
996 3200 1247 3285 collega
1289 3209 1356 3266 et
1393 3200 1776 3269 Franci-scus
1821 3200 2234 3268 Viviacensis
2280 3206 2346 3263 et
2388 3195 2624 3281 reliqui

674 3287 931 3353 fratres.
980 3287 1166 3352 Vale.
1213 3287 1607 3353 Lausannae
1653 3292 1710 3351 9.
1757 3287 1922 3353 Maii
1975 3291 2155 3352 1548.

1649 3425 1831 3490 Tuus
1874 3424 2118 3489 Petrus
2161 3420 2451 3486 Viretus.

1569 3935 1761 4006 1⁰21».

1059 4072 1565 4142 HALLERUS
1612 4069 2245 4141 BULLINGERO.

852 4246 1086 4313 Paucis
1128 4251 1354 4312 narrat
1393 4266 1513 4329 quo
1555 4245 1733 4312 modo
1775 4243 2029 4310 Bernae
2071 4248 2362 4325 exceptus
2399 4242 2619 4324 fuerit,

661 4336 866 4418 plura
885 4334 963 4400 de
1003 4332 1317 4397 mmistris
1354 4332 1645 4398 dimissis
1678 4331 1859 4397 addit
1898 4350 2163 4413 quorum
2204 4348 2308 4394 res
2348 4329 2421 4394 in
2430 4328 2622 4411 peius

671 4440 905 4488 versae.
2584 4461 2595 4472 .

672 4609 851 4689 1019.
888 4606 943 4675 1)
986 4606 1182 4688 m
1227 4605 1372 4659 man
1416 4620 1485 4658 ae
1530 4610 1581 4659 et
1613 4605 1733 4672 ipsc
1759 4603 2105 4685 aimanor,
2140 4602 2621 4658 ηόεἰἨιησοηοοε

673 4693 881 4800 mado
913 4690 1209 4798 aaut.
1280 4742 1436 4797 Haec
1469 4673 1608 4823 άῗ9.
1649 4688 1808 4796 Mat?
1832 4678 2045 4811 κναφέα
2087 4686 2306 4824 dignitus,
2353 4745 2404 4794 et
2438 4738 2621 4794 eodem

675 4815 765 4871 dic
794 4812 853 4868 0.
898 4812 1144 4867 Gemmas
1170 4827 1327 4866 suam
1358 4824 1608 4880 procem
1626 4809 2041 4891 ‘praecedentem
2073 4814 2320 4890 sor-1321&
2339 4806 2621 4890 quomodo

674 4882 1211 4940 nava-cacam
1351 4880 1364 4893 ‘
1469 4877 1700 4949 pontt?
1762 4875 2618 4934 Aramo-mmmmm

675 4948 1266 5015 undosam-odim
1372 4946 2621 5004 Analiomododccalm’niitinereoerfior

675 5027 795 5077 m
828 5018 1099 5155 segaga&
1130 5102 1251 5141 vere
1284 5083 1504 5140 dicarat
1535 5085 1772 5141 Viretum
1803 5092 1854 5140 ει
1878 5084 2158 5140 Far-ellum
2175 5082 2366 5139 Roma
2388 5082 2561 5139 obem·
2562 5097 2619 5138 0.-

677 5159 774 5215 ssd
812 5158 931 5225 ipsc
968 5156 1232 5212 calvinus
1271 5169 1564 5223 perperam
1608 5154 1734 5208 inde
1771 5154 2052 5223 collegerat
2097 5168 2190 5209 coe
2235 5168 2346 5208 non
2381 5151 2618 5222 amplius

678 5229 744 5284 de
776 5229 973 5282 itenere
1011 5224 1297 5305 Turiceasi
1324 5224 1579 5293 cofitare.

882 5293 947 5430 ἓξ
984 5292 1417 5432 ἴδ’ςωέιῗὶωο
1446 5360 1647 5418 mosas
1676 5362 1739 5415 in
1770 5358 1856 5413 20.
1895 5357 2058 5416 Μωϊ.

2165 412 2691 504 EPISTOLA'E
2733 440 3150 505 1019—1022
3230 520 3239 527 .

4532 441 4641 504 700

2712 625 2823 691 (Ex
2860 626 3198 694 autographo
3235 625 3434 679 Archiv
3484 625 3662 679 Turio.
3699 626 3840 695 Pius.
3870 624 3966 677 VI.
4005 623 4132 678 Vol.
4172 621 4273 678 154
4305 625 4449 680 olim.
4483 626 4632 680 Sedu.

3023 694 3084 746 B.
3122 691 3262 764 Epp.
3297 695 3356 749 Τ.
3394 691 3478 759 32,
3511 695 3602 748 fol.
3638 693 3721 747 69.
3765 722 3824 732 —
3860 692 4070 748 simler.
4090 691 4209 746 Vol.
4246 690 4357 760 66.)

2887 865 3464 931 Praestantissimo
3511 867 3650 930 viro
3700 863 3781 929 D.
3839 863 4226 948 Heinrycho
4284 863 4642 949 Bullingero

2719 949 2979 1016 domino
3025 958 3090 1014 et
3135 951 3456 1035 compatri
3500 972 3618 1016 suo
3662 958 3978 1034 perpetuo
4021 948 4471 1121 colend'ssigm·i

2891 1206 2959 1271 S.
3031 1208 3203 1273 Veni
3269 1208 3562 1273 Ber-nam
3647 1213 3701 1271 3.
3769 1229 3808 1271 a
3875 1207 4161 1273 discessu
4243 1228 4387 1272 meo
4468 1207 4582 1285 die,
4608 1214 4647 1286 ¹)

2718 1312 2961 1376 magna
3012 1295 3304 1359 omnium
3365 1294 3851 1376 exspectatione
3910 1302 3978 1359 et
4034 1314 4292 1359 summo
4349 1293 4650 1358 bonorum

2719 1377 3126 1460 quorundam
3171 1379 3428 1465 gaudio.
3521 1380 3816 1462 Apparui
3861 1400 4076 1445 coram
4123 1387 4356 1444 senatu
4399 1379 4650 1463 amplis-

2720 1464 2904 1530 simo.
2995 1463 3559 1550 Oongratulantur
3602 1465 3728 1532 sibi
3773 1475 3841 1529 et
3884 1465 4064 1530 mihi.
4156 1463 4373 1539 Hodie
4411 1466 4649 1530 concio-

2718 1571 2872 1614 nem
2936 1549 3137 1615 habui
3202 1559 3269 1616 et
3329 1551 3594 1615 iamiam
3654 1551 3734 1616 ab
3780 1551 3894 1616 illa
3936 1558 4253 1616 revertor.
4344 1550 4579 1616 Comes
4618 1573 4651 1615 a

2720 1634 2994 1718 prandio
3052 1635 3340 1702 discedet
3395 1637 3639 1702 statim.
3728 1636 3918 1702 Duos
3975 1637 4034 1702 ei
4095 1634 4421 1701 dederunt
4487 1656 4651 1702 coro-

2719 1729 2908 1786 natos
2964 1728 3033 1786 et
3075 1743 3191 1788 sex
3241 1723 3437 1788 ulnas
3481 1723 3685 1805 panni
3743 1723 3978 1788 coloris
4023 1723 4432 1787 Bel-natium.
4527 1722 4654 1788 Sul-

2718 1812 2956 1873 tzemm
2998 1814 3066 1874 et
3110 1806 3399 1877 Beatum.
3455 1829 3656 1891 quum
3715 1810 3841 1890 ipsi
3886 1809 4226 1891 aliquoties
4284 1828 4393 1872 me
4453 1810 4653 1874 visum

2722 1914 2848 1957 non
2874 1893 3289 1970 salutassent,
3335 1896 3510 1977 ipsos
3531 1902 3752 1959 tamen
3790 1895 4085 1970 conveni,
4130 1893 4436 1960 salutavi.
4500 1893 4652 1960 Cum

2719 1977 2920 2044 Beato
2976 1998 3128 2043 mox
3171 1978 3567 2045 contendere
3622 1982 3820 2062 coepi.
3912 1979 4236 2064 Cupiebat
4279 1981 4463 2045 enim
4518 1981 4655 2045 sub·

2718 2065 2871 2129 inde
2915 2065 3109 2130 aliam
3157 2064 3465 2130 ecclesiae
3522 2065 3774 2131 faciem.
3861 2066 4027 2150 Ego,
4085 2085 4252 2148 quae
4292 2065 4411 2130 illa
4468 2064 4652 2131 facies

2721 2158 2910 2230 esset,
2978 2149 3308 2235 urgebam.
3421 2150 3545 2216 Ille
3611 2151 3809 2216 nimis
3883 2152 4149 2236 longum
4216 2172 4362 2216 esse
4427 2153 4655 2216 referre

2720 2236 2960 2315 dicens,
2981 2240 3039 2320 2)
3083 2258 3204 2323 ego
3251 2236 3553 2302 valedixi.
3644 2237 4180 2321 Conquerebatur
4223 2237 4304 2302 de
4338 2258 4652 2322 symmys-

2720 2330 2938 2387 tarum
3044 2323 3555 2406 importunitate.
3688 2322 3877 2405 Ipsos
3975 2323 4211 2388 harum
4327 2323 4653 2388 turbarum

2720 2429 2982 2477 causam
3047 2428 3189 2474 esse
3255 2428 3572 2484 asserens,
3649 2429 3772 2493 ego
3838 2429 3994 2474 vero
4057 2408 4460 2487 existimare,
4523 2407 4655 2473 illos

2721 2494 2951 2560 turbas
2994 2514 3259 2560 movere
3303 2494 3415 2578 qui
3459 2493 3656 2559 rebus
3703 2493 4048 2565 studerent
4083 2495 4288 2573 novis,
4338 2504 4410 2559 et
4451 2495 4655 2579 pristi-

2723 2600 2876 2645 nam
2941 2580 3250 2646 ecclesiae
3336 2579 3567 2645 faciem
3646 2581 3835 2645 novis
3899 2580 4234 2664 figmentis
4314 2579 4653 2646 deturbare

2724 2665 2988 2732 vellent.
3093 2664 3257 2731 Post
3322 2665 3534 2730 multa
3599 2666 3955 2732 discessum
4012 2677 4130 2732 est.
4241 2667 4468 2732 'Pertio
4533 2667 4653 2731 iam

2724 2753 2993 2817 fuerunt
3025 2772 3245 2817 coram
3286 2759 3539 2829 senatu,
3575 2760 3878 2836 petentes
3912 2759 3988 2818 ut
4023 2752 4275 2836 possint
4308 2751 4420 2818 vel
4457 2752 4655 2818 adhuc

2725 2837 2927 2903 semel
2969 2858 3235 2904 causam
3278 2858 3465 2902 suam
3506 2836 3720 2903 dicere
3763 2859 3985 2903 coram
4028 2837 4327 2906 diacosiis
4372 2848 4443 2903 et
4484 2858 4654 2904 suam

2727 2943 3057 3007 exponere
3112 2922 3192 2989 de
3247 2921 3543 2990 doctrina
3593 2944 3714 2989 sua
3757 2932 4061 2989 mentem.
4152 2923 4484 3008 Negatum
4539 2923 4656 2988 illis

2728 3010 2843 3075 bis.
2955 3009 3179 3076 Tertio
3236 3030 3436 3094 quum
3502 3018 3802 3093 peterent
3863 3029 3905 3074 a
3967 3009 4242 3076 sculteto
4318 3010 4658 3076 convenire

2729 3103 3049 3175 senatum,
3112 3094 3642 3180 praetenderunt,
3702 3094 3868 3161 nihil
3923 3117 3996 3162 se
4040 3115 4237 3179 quam
4290 3096 4660 3162 testimonia

2730 3181 3052 3248 discessus
3094 3183 3198 3247 sui
3241 3183 3577 3265 petituros.
3668 3181 3792 3246 Ille
3837 3181 3960 3248 hoc
4001 3184 4096 3247 eis
4139 3182 4478 3248 concessit.
4564 3178 4658 3247 Ad

2730 3276 3035 3334 senatum
3079 3267 3188 3333 ubi
3235 3276 3506 3333 ventum
3543 3273 3662 3345 est,
3707 3268 4231 3334 testimoniorum
4274 3267 4465 3333 nulla
4506 3268 4658 3333 facts

2728 3354 3005 3419 mentio:
3063 3353 3177 3420 sed
3220 3353 3433 3420 denuo
3477 3354 3806 3437 petierunt
3846 3353 4073 3418 haberi
4117 3359 4427 3419 senatum
4469 3353 4656 3419 maio-

2729 3460 2889 3522 rem,
2935 3448 3002 3504 et
3043 3438 3256 3505 audiri
3299 3440 3589 3523 ipsorum
3633 3439 3982 3525 apologias.
4047 3438 4244 3506 Unde
4286 3440 4559 3524 gravius
4595 3438 4655 3502 in

2729 3525 3023 3610 ipsorum
3100 3524 3579 3608 impudentiam
3654 3546 3924 3591 exarsus
3989 3533 4258 3591 senatus
4336 3526 4531 3592 iussit
4590 3531 4656 3588 ut

2729 3612 3212 3695 quamprimum
3246 3611 3404 3677 hinc
3435 3609 3822 3696 demigrent,
3854 3631 4059 3694 quum
4099 3611 4201 3675 vel
4236 3608 4459 3679 adhuc
4490 3631 4654 3676 men·

2731 3698 2843 3762 tiri
2877 3697 3165 3764 audeant
3206 3704 3276 3762 et
3294 3695 3520 3764 fallere
3564 3696 3773 3763 velint
3805 3696 4172 3774 scultetum,
4215 3697 4422 3763 etiam
4455 3714 4655 3765 coram

2730 3783 2872 3865 ipso
2917 3782 3418 3866 praetendentes
3475 3790 3551 3848 ut
3594 3781 3915 3863 admittat,
3969 3781 4238 3848 admissi
4278 3802 4444 3849 vero
4496 3776 4655 3848 aliud

2730 3877 3186 3953 proponentes,
3243 3867 3326 3933 de
3367 3888 3498 3951 quo
3542 3880 3765 3934 tamen
3807 3868 4201 3934 sufficientes
4257 3868 4395 3933 iam
4453 3866 4653 3934 audie-

2728 3954 2866 4019 rint
2921 3954 3302 4021 sententias.
3402 3953 3637 4037 Itaque
3688 3953 3859 4019 nihil
3901 3962 4109 4019 restat
4163 3974 4368 4036 quam
4423 3961 4499 4019 ut
4537 3950 4653 4019 dis-

2729 4038 2980 4106 cedant.
3084 4038 3472 4105 Videbimus
3532 4040 3799 4105 interim
3865 4059 3986 4105 nos
4043 4060 4170 4122 quo
4236 4038 4309 4104 in
4377 4037 4651 4106 ordinem

2727 4125 2913 4209 pium
2955 4126 3177 4192 omnia
3224 4124 3597 4210 dirigantur
3641 4159 4359 4175 ——————
4412 4126 4651 4192 Bernae

2725 4210 2799 4275 in
2843 4215 2983 4294 ipso
3026 4210 3415 4278 Dominicae
3457 4211 3852 4278 ascensionis
3900 4209 4009 4276 die
4060 4213 4240 4276 1548.
4267 4213 4322 4290 ³)

3896 4348 4023 4412 Tui
4068 4346 4580 4414 studiosissimus

3940 4433 4117 4499 Ioan.
4164 4432 4495 4500 Hallerus.

2722 4653 3229 4779 {3302012'322
3264 4652 3919 4793 ffifflstssffimfiz
3943 4652 4104 4721 Μ’)
4141 4654 4194 4708 ⁸⁶
4222 4655 4551 4720 ww
4581 4648 4646 4706 n.

2927 4790 2983 4859 2)
3018 4808 3113 4848 stc.

2927 4860 2990 4928 3)
3025 4863 3063 4916 ι’.
3101 4877 3141 4917 e.
3180 4860 3262 4916 10.
3303 4860 3466 4916 Maii.
