4825 6175
619 403 749 478 403

1533 581 1689 654 842.

1118 733 1599 804 511LGssth
1647 733 2081 810 OALVINO.

807 908 1208 977 Tristissima
1275 926 1351 973 ex
1412 905 1758 973 Germania
1819 904 2212 973 nunciantur.
2325 904 2581 971 Bernae

621 996 925 1064 dissidia.
1023 992 1308 1060 Studiosi
1350 1013 1429 1058 ex
1471 993 1885 1078 Aryentorato
1927 991 2211 1058 revocati.

632 1167 740 1234 (Ex
776 1164 1088 1236 apographo
1123 1119 1256 1218 satis
1293 1161 1878 1298 recentifssibgbff’aris.
1916 1161 2048 1217 eon.
2076 1161 2271 1232 Dupuy
2304 1161 2421 1217 Vol.
2460 1159 2578 1230 102,

631 1407 799 1472 Viro
842 1403 1403 1489 praestantissimo
1453 1400 1538 1467 D.
1595 1401 1690 1466 Io.
1737 1399 2015 1467 Calvino
2065 1407 2472 1486 'symmystae
2514 1409 2581 1466 et

1103 1488 1293 1553 fratri
1337 1508 1457 1553 sno
1501 1485 2105 1553 observandissime.

801 1624 872 1694 S.
951 1625 1037 1691 In
1093 1623 1519 1691 afflictissimo
1592 1631 1768 1689 statu
1838 1643 2178 1690 versamur
2230 1644 2373 1703 nos,
2400 1625 2450 1698 ι)
2512 1631 2580 1690 et

629 1713 818 1782 varia
843 1710 1205 1778 tentatione
1238 1709 1595 1793 probamur
1628 1718 1696 1775 et
1729 1730 2127 1776 exercemur.
2183 1707 2321 1774 Vix
2356 1718 2579 1778 tamen

630 1807 730 1866 tot
784 1797 1048 1864 monitis
1104 1805 1451 1862 veternum
1512 1795 1907 1876 excutimus,
1965 1802 2032 1861 et
2088 1815 2250 1878 opus
2308 1793 2578 1862 Domini

633 1892 808 1951 certe
864 1903 1060 1967 quam
1118 1902 1239 1966 par
1296 1881 1382 1946 sit
1440 1878 1724 1966 tepidius
1779 1881 2034 1948 obimus
2085 1880 2397 1964 plerique.
2494 1881 2579 1947 In

634 1969 996 2037 Germania.
1036 1966 1343 2051 periculis
1378 1966 1575 2050 plena
1616 1975 1773 2033 sunt
1805 1966 2042 2044 omnia,
2088 1974 2155 2032 et
2194 1966 2399 2031 hostis
2434 1974 2579 2031 ten-

629 2063 887 2121 taturus
931 2061 1031 2119 est
1072 2061 1368 2118 extrema
1409 2073 1713 2118 successu
1758 2052 1864 2120 vel
1899 2051 2208 2119 mediocri
2240 2052 2574 2120 invitatus.

628 2140 897 2207 Interea
959 2137 1314 2219 συμπαθεὶα
1370 2137 1819 2203 membrorum
1887 2136 2101 2218 nulla,
2168 2147 2243 2203 ut
2298 2158 2576 2222 quorum

629 2225 1031 2291 luxationem
1073 2222 1328 2307 pridem
1371 2223 1586 2290 effecit
1623 2222 1925 2302 Satanas,
1974 2225 2081 2302 τῆς
2126 2221 2419 2306 διχονοίας
2462 2243 2578 2306 pa·

632 2322 749 2379 ter.
816 2312 1230 2376 Descruntur
1265 2308 1442 2373 enim
1475 2310 1683 2374 nostri
1722 2309 2154 2392 undiquaque,
2191 2318 2267 2374 ut
2299 2316 2575 2387 constat,

631 2405 700 2463 et
739 2395 1016 2480 perfidia
1056 2394 1303 2479 insigni
1344 2394 1684 2478 impetitur
1719 2416 1759 2460 a
1793 2395 2277 2478 consanguineo
2292 2396 2346 2472 ⁴²)
2383 2394 2577 2460 Elec·

630 2493 733 2548 tor
778 2481 967 2560 Saxo,
1010 2480 1124 2563 qui
1164 2490 1425 2563 praeter
1469 2478 1759 2546 Gotham
1802 2489 1868 2545 et
1895 2480 2318 2563 Vitebergam
2364 2488 2572 2546 totam

632 2567 945 2633 ditionem
990 2565 1227 2631 amisit.
1298 2564 1634 2631 Profectus
1677 2586 1833 2650 ergo
1878 2565 1960 2631 ad
1983 2586 2298 2650 generum
2323 2564 2578 2647 Philip-

621 2674 750 2737 pus
790 2651 1240 2737 Lantgravius
1284 2671 1324 2715 a
1365 2651 1447 2715 D.
1495 2649 1741 2717 Bucero
1785 2650 2110 2730 scribitur,
2156 2651 2214 2718 si
2256 2670 2385 2733 qua
2428 2672 2575 2734 pos—

631 2740 718 2804 sit
758 2739 1008 2803 ratione
1053 2734 1136 2800 ad
1179 2756 1407 2801 sanam
1464 2745 1753 2802 mentem
1809 2757 1962 2802 eum
2020 2757 2348 2803 revocare.
2439 2735 2575 2803 Sed

628 2825 891 2903 frustra,
936 2842 1185 2901 vereor,
1230 2829 1327 2886 tot
1358 2819 1939 2904 pollicitationibus
1982 2843 2022 2887 a
2046 2821 2314 2889 Caesare
2357 2829 2576 2888 tanta-

629 2930 754 2992 que
808 2929 922 2991 spe
985 2907 1264 2991 praedae
1316 2907 1671 2990 impulsum
1727 2908 2037 2974 monebit.
2137 2906 2577 2991 Subsequitur

628 2994 899 3060 Elector
941 2993 1081 3076 ipse
1123 3012 1270 3057 cum
1306 2992 1553 3074 reliquo
1599 2993 1911 3073 exercitu,
1956 2993 2070 3059 sed
2114 2994 2313 3059 nimis
2357 2993 2575 3077 longis

631 3079 1031 3164 ambagibus,
1086 3099 1286 3163 quum
1341 3090 1523 3144 recta
1569 3101 1687 3164 per
1729 3080 2080 3147 Franciam
2124 3078 2577 3163 proficiscendi

629 3165 828 3231 fuerit
906 3176 1144 3248 negata
1220 3165 1438 3247 copia,
1526 3186 1602 3230 eo
1679 3166 1850 3249 quod
1928 3166 2428 3249 Rotenburgum
2510 3174 2579 3230 et

628 3250 949 3317 Dinckels
996 3248 1132 3316 ihel
1166 3249 1405 3333 oppida
1440 3250 1829 3336 interposita
1862 3272 1902 3317 a
1922 3251 2204 3318 Caesare
2235 3252 2577 3318 obtinean-

628 3345 756 3403 tur.
848 3271 1189 3401 Pafum&
1243 3334 1327 3400 ad
1381 3356 1530 3401 eum
1587 3339 1719 3401 iam
1774 3358 1895 3420 pro
1952 3358 2111 3421 pace
2162 3337 2579 3421 impetranda

629 3421 955 3507 profectus
1000 3429 1117 3499 est,
1164 3421 1278 3502 qui
1330 3422 1388 3486 si
1446 3422 1615 3487 nihil
1659 3422 1978 3501 effecerit,
2039 3431 2117 3488 ut
2170 3423 2576 3500 conficimus,

626 3507 822 3592 paulo
866 3514 1013 3590 post
1054 3518 1303 3571 certum
1348 3514 1449 3571 est
1505 3509 1914 3591 gravissimis
1972 3508 2255 3574 motibus
2308 3529 2578 3575 concus-

628 3614 776 3659 sum
819 3593 902 3657 iri
947 3590 1373 3658 Germaniam
1416 3604 1533 3657 aut
1575 3595 1755 3678 turpi
1797 3592 2125 3660 deditione
2167 3594 2249 3659 ad
2287 3594 2577 3675 Impera-

626 3680 784 3744 toris
838 3686 991 3743 vota
1045 3677 1471 3743 inclinaturos
1522 3696 1663 3745 esse
1719 3680 1989 3758 multos,
2059 3678 2318 3763 quando
2379 3681 2578 3745 etiam

627 3785 760 3829 non
815 3763 1037 3847 pauci,
1107 3764 1219 3846 qui
1279 3763 1689 3848 evangelium
1747 3764 1988 3831 11611616
2042 3766 2252 3831 videri
2325 3766 2575 3843 volunt,

673 3856 861 3915 utent
903 3848 1247 3914 concilium
1290 3847 1765 3916 admittendum
1808 3873 1958 3918 cum
1992 3851 2260 3935 reliquis
2293 3850 2577 3916 nationi-

625 3872 750 4000 {us
794 3956 952 3999 esse.
1040 3934 1166 4000 Est
1219 3935 1539 3999 mentium
1594 3939 2048 4002 consternatio,
2137 3937 2332 4002 Miles
2374 3938 2578 4021 igitur

630 4041 840 4087 novus
896 4021 1032 4085 iam
1087 4020 1516 4086 conscribitur
1570 4022 1643 4086 in
1687 4021 1942 4107 Hegoia
2000 4029 2068 4087 et
2121 4023 2578 4089 marchionatu

631 4104 923 4171 Badensi
966 4125 1082 4187 per
1124 4104 1512 4189 Brisgoiam,
1560 4105 1644 4172 ad
1685 4128 1921 4175 novam
1966 4108 2280 4173 nimirum
2316 4107 2579 4192 expedi-

633 4192 883 4256 tionem
926 4189 1123 4255 simul
1166 4211 1241 4256 ac
1287 4211 1402 4256 ver
1442 4191 1784 4277 ingruerit.
1873 4194 2078 4260 Nobis
2132 4193 2420 4260 orandus
2478 4200 2579 4259 est

635 4296 752 4361 pro
797 4295 955 4359 pace
977 4275 1319 4352 Dominus,
1365 4277 1562 4361 idque
1598 4299 1673 4345 eo
1715 4279 1927 4363 magis
1969 4280 2141 4362 quod
2181 4279 2396 4346 indies
2430 4301 2581 4366 gra-

635 4359 924 4428 vioribus
965 4361 1248 4427 motibus
1306 4363 1576 4430 ecclesia
1631 4374 1856 4430 nostra
1913 4367 2110 4430 etiam
2165 4365 2579 4441 convellitur,

637 4468 759 4514 nec
802 4468 949 4532 spes
992 4446 1170 4529 pacis
1214 4456 1314 4513 est
1355 4449 1426 4512 ni
1479 4450 1792 4515 miraculo
1835 4448 2261 4516 subveniatur
2299 4471 2386 4516 ex
2429 4451 2580 4516 alto.

637 4532 1064 4599 Horribiliter
1107 4534 1280 4597 enim
1323 4537 1729 4618 propositum
1772 4557 1966 4602 suum
2009 4535 2258 4621 collega
2271 4538 2327 4615 Β)
2371 4544 2582 4621 urget,

640 4628 708 4686 et
750 4640 872 4685 nec
913 4618 1439 4700 interpellatione
1494 4621 1702 4687 amica
1762 4642 1972 4705 neque
2024 4622 2340 4706 patientia
2383 4623 2584 4687 silen-

639 4706 855 4789 tioque
900 4704 983 4769 ad
1018 4704 1588 4786 aequanimitatem
1625 4706 1885 4773 civilem
1920 4707 2151 4774 saltem
2187 4707 2407 4773 reduci
2443 4718 2586 4791 pot-

641 4802 757 4856 est.
843 4788 1066 4855 Habet
1107 4791 1280 4854 enim
1327 4790 1559 4874 quibus
1603 4793 1871 4858 nitatur.
1962 4791 2098 4859 Sed
2142 4792 2223 4858 de
2263 4792 2370 4860 his
2409 4802 2586 4876 post-

668 5029 813 5085 842.
848 5028 907 5096 1)
947 5028 1299 5084 Kilchmeieri
1333 5032 1569 5087 adventu
1629 5032 1704 5086 N.
1720 5028 1845 5099 827)
1874 5034 2016 5087 vira
2037 5031 2589 5090 mammutium

645 5100 866 5154 Bernae
900 5099 1122 5153 attritae
1153 5100 1395 5165 fuerunt.
1469 5101 1553 5167 Cf.
1655 5101 1898 5156 unde-eka
1935 5116 2003 5156 en
2074 5142 2087 5154 .
2126 5100 2242 5155 198.

851 5165 919 5247 2).
951 5166 1244 5250 MauriffO,
1302 5169 1379 5223 ad
1422 5186 1575 5240 quem
1622 5170 1827 5225 devicto
1876 5118 1959 5224 Ῑῖ).
2010 5119 2299 5226 lgr-taenea
2347 5170 2589 5241 dignitas

639 5236 944 5293 electoralis
977 5243 1211 5291 tranent.

853 5303 912 5371 3)
949 5303 1356 5374 Kachmeienw,
1389 5324 1437 5362 v.
1471 5323 1659 5378 cupra.

2170 390 2695 460 EPISTOLAE
2740 392 3081 456 842—844

4494 391 4587 456 404

2683 576 2809 646 hac
2851 577 3080 657 fusius,
3123 579 3218 644 mi
3261 577 3479 645 frater.
3567 575 3739 643 Vale
3779 576 3850 644 in
3897 573 4164 642 Christo
4205 574 4364 642 Iesu
4406 581 4472 641 et
4501 597 4591 645 noe

2685 684 2851 730 ama.
2938 664 3202 732 Bernae
3244 668 3345 730 20.
3391 661 3697 731 Octobris
3751 683 3925 729 6666
3976 663 4155 727 1546.
4247 658 4510 728 Salvum
4542 671 4591 729 te

2683 760 2960 834 tuosque
3000 749 3183 817 iubet
3223 749 3530 816 dominus
3571 747 3639 814 Z
3669 795 3935 814 .....
3957 745 4015 833 ⁴)

3922 883 3996 949 Τ.
4040 880 4377 951 Sulcerus.

2855 1070 3151 1140 Studiosi
3195 1072 3444 1140 alumni
3486 1070 3879 1156 reipublicae
3923 1090 4007 1136 ex
4046 1072 4481 1157 Argentorato
4516 1092 4598 1139 re·

2683 1160 2891 1226 vocati
2938 1166 3095 1226 sunt
3111 1161 3166 1240 ὃ)
3214 1178 3363 1225 61116
3402 1158 3654 1245 ingenti
3689 1155 3966 1238 Bucer0,
4019 1166 4242 1224 nostro
4286 1157 4602 1224 bonorum-

2682 1266 2810 1328 que
2874 1246 3167 1311 omnium
3235 1245 3459 1312 dolore
3473 1296 3490 1325 ,
3557 1253 3626 1312 et
3677 1250 3836 1310 sunt
3902 1240 4240 1329 (arbitror)
4308 1242 4600 1329 'figuram

2680 1330 3188 1397 transmittendi.

3463 1589 3867 1599 ...--.-..--—-——-—

3568 1808 3725 1881 848.

3157 1961 3658 2032 FARELLUS
3704 1961 4140 2032 CALVINO.

2851 2136 2963 2203 Ad
3003 2155 3277 2217 nuperae
3318 2136 3457 2201 eius
3499 2135 3719 2202 literae
3772 2134 4147 2216 respondens
4190 2133 4396 2215 plura
4440 2133 4613 2199 aflin-

2676 2222 2769 2307 yit
2807 2242 2965 2304 quae
3006 2223 3097 2288 ibi
3137 2220 3579 2300 tractabantur,
3622 2220 3699 2286 de
3730 2220 3963 2287 medico
4001 2218 4375 2288 Neocomum
4416 2220 4612 2298 611666,

2680 2308 2755 2374 de
2801 2308 3097 2373 Caesaris
3126 2328 3248 2389 per
3284 2305 3695 2373 Germaniam
3924 2304 4183 2386 essibus,
4223 2306 4300 2372 de
4337 2324 4621 2372 commen-

2680 2394 2842 2459 tario
2884 2393 2953 2459 in
3003 2393 3274 2460 Galatas
3330 2398 3384 2457 et
3432 2391 3709 2458 Gerardi
3766 2392 3840 2474 of
3922 2393 3934 2405 '
4041 2442 4058 2471 ,
4115 2391 4191 2456 de
4248 2390 4519 2457 Perrino
4569 2394 4616 2455 ct

2681 2480 2995 2545 ministris
3038 2477 3467 2544 Rev-umbus
3507 2482 3677 2543 σασα.

2684 2651 2792 2718 (Ex
2826 2650 3163 2720 autographo
3197 2649 3335 2703 Bibl.
3484 2653 3664 2702 torum
3712 2647 4179 2703 Neocomensium.
4253 2648 4395 2717 Epp.
4433 2646 4623 2701 Farelli

3392 2716 3549 2771 ascio.
3584 2716 3679 2770 ΠΙ.
3716 2716 3783 2770 Ν.
3823 2715 3928 2783 19.)

2851 2888 3103 2956 Christi
3147 2909 3335 2955 servo
3391 2908 3585 2970 quam
3632 2887 4003 2953 doctissimo
4049 2905 4126 2952 66
4165 2907 4431 2952 61116166
4472 2906 4625 2954 cura

2680 2997 2946 3060 gregem
3003 2974 3257 3041 Christi
3325 2972 3622 3058 pascenti
3678 2972 3910 3038 Ioanni
3974 2970 4251 3039 Calvino
4318 2973 4511 3037 fratri
4565 2979 4625 3037 et

2681 3069 3083 3148 symmystae
3127 3081 3324 3144 quam
3368 3059 3722 3127 carissimo,

3984 3144 4317 3211 Genevae.

2852 3281 2920 3350 S.
2973 3282 3317 3349 Adventus
3359 3288 3530 3359 tuus,
3577 3280 3736 3345 dum
3781 3288 3915 3345 tam
3968 3279 4082 3346 diu
4128 3279 4451 3360 differtur,
4498 3300 4625 3344 non

2680 3390 2914 3454 parum
2961 3389 3080 3434 nos
3123 3368 3323 3451 angit.
3352 3369 3405 3448 ¹)
3492 3367 3697 3432 Faxit
3740 3365 4045 3432 Christus
4102 3375 4181 3431 ut
4234 3374 4370 3430 tam
4431 3386 4629 3431 sanus

2681 3455 2950 3533 evadas,
3008 3453 3176 3537 quod
3222 3453 3340 3519 tibi
3393 3453 3587 3518 liceat
3630 3451 3713 3517 ad
3757 3473 3875 3518 nos
3920 3451 4181 3517 evolare
4225 3452 4368 3517 sine
4412 3451 4629 3534 aliqua

2680 3542 2874 3605 istius
2918 3539 3223 3606 ecclesiae
3266 3540 3519 3604 iactura
3562 3538 3869 3620 nulloque
3913 3537 4266 3621 dispendio.
4343 3538 4453 3603 De
4499 3557 4629 3602 me-

2681 3627 2823 3693 dico
2839 3628 2894 3704 2)
2938 3626 3050 3709 qui
3095 3646 3273 3691 meos
3317 3624 3491 3704 lusit,
3536 3623 3594 3688 is
3640 3633 3781 3688 erat
3820 3624 3933 3706 qui
3976 3644 4123 3689 cum
4168 3623 4521 3706 nepotibus
4563 3622 4630 3686 in

2679 3713 2838 3779 navi
2882 3720 3024 3778 erat
3067 3718 3303 3788 tecum,
3349 3710 3586 3794 quique
3623 3719 3893 3775 venerat
3935 3729 4085 3774 cum
4130 3718 4360 3792 nepote
4398 3730 4489 3774 ex
4532 3728 4629 3774 so-

2680 3818 2827 3865 rore
2872 3818 2912 3863 a
2953 3796 3357 3863 nostratibus
3399 3794 3563 3860 mihi
3608 3807 3675 3861 et
3719 3794 3865 3861 aliis
3908 3795 4423 3861 commendatus.
4500 3792 4630 3860 Sed

2679 3893 2900 3951 noster
2947 3882 3288 3949 Flanolius
3330 3903 3480 3947 cum
3523 3880 3851 3965 chirurgo,
3897 3881 4009 3964 qui
4048 3901 4231 3946 meas
4274 3880 4356 3945 ad
4409 3879 4630 3945 Pam·-

2681 3991 2834 4037 num
2876 3968 3179 4046 reddidit,
3224 3986 3381 4033 non'
3403 3967 3625 4033 minus
3669 3966 3914 4051 perfide
3974 3968 4124 4052 egit.
4216 3965 4633 4031 stauai-ecem

2679 4076 2817 4121 non
2856 4062 3015 4138 puto
3058 4053 3129 4120 in
3172 4075 3370 4120 causa
3412 4054 3639 4132 fuisse,
3696 4053 3817 4118 etsi
3878 4052 4036 4117 dum
4091 4072 4434 4136 speramus
4481 4070 4629 4117 eum

2681 4141 3015 4208 officinam
3093 4150 3511 4222 accepturum
3576 4160 3711 4204 non
3790 4158 4027 4221 parum
4103 4135 4630 4205 incommodavit.

2684 4227 2936 4292 Verum
2980 4224 3354 4291 devoranda
3408 4225 3571 4290 haec
3628 4245 3778 4290 cum
3837 4225 4001 4290 aliis.
4089 4225 4379 4302 Fratres,
4402 4225 4465 4302 ⁸)
4526 4220 4631 4288 ubi

2684 4333 2790 4378 res
2834 4333 2986 4378 suas
3029 4310 3137 4376 hic
3182 4330 3410 4376 curare
3453 4309 3798 4389 deberent,
3853 4331 3986 4375 non
4032 4311 4172 4376 sine
4214 4329 4465 4394 magno
4509 4328 4635 4373 om-

2685 4398 2870 4463 nium
2913 4403 3211 4463 nostrum
3258 4396 3479 4462 dolore
3523 4394 3764 4462 absunt
3805 4406 3873 4460 et
3906 4393 3991 4460 ad
4024 4416 4146 4462 nos
4180 4393 4633 4479 qualesquales

2688 4485 2975 4549 mittunt.
3064 4480 3245 4564 Quid
3287 4482 3418 4548 illis
3474 4481 3846 4548 faciendum
3907 4482 4143 4548 nescio.
4246 4481 4515 4545 Vereor
4554 4497 4635 4542 ne

2894 4755 2952 4821 4)
2990 4772 3184 4812 nomen
3218 4754 3443 4810 dubium
3477 4753 3851 4825 (Zerlcintcsffl

2893 4825 2952 4890 5)
2993 4826 3260 4879 Bet-nates
3313 4826 3485 4891 ἐρίων
3542 4827 3717 4893 maqie
3762 4816 4046 4891 ἀποτόμως
4097 4839 4260 4894 quam
4315 4822 4633 4876 Moe-sa

2690 4895 2795 4960 (N.
2821 4893 2944 4959 836)
2978 4895 3521 4961 Arqentoratensium
3553 4893 3737 4947 studio
3771 4892 4044 4948 Helvetiae
4077 4895 4296 4948 iuvenes
4328 4906 4480 4946 nova
4515 4905 4635 4945 can·

2686 4964 2925 5031 fossione
2957 4963 3066 5017 obl·
3100 4961 3241 5016 andi
3267 4963 3425 5027 finem
3461 4964 3846 5031 imposuerunt.

2722 5033 2865 5086 843.
2906 5031 2960 5099 1)
3072 5072 3085 5084 .
3125 5030 3198 5085 N.
3233 5028 3337 5083 832
3369 5030 3491 5086 init.

2896 5100 2957 5167 2)
2994 5099 3069 5154 N.
3105 5096 3369 5183 836,·not.
3402 5099 3453 5152 4.
3508 5100 3583 5154 In
3616 5105 3847 5169 atraque
3878 5100 4040 5154 etiam
4075 5097 4392 5154 dePerrino
4433 5097 4630 5152 dicum

2692 5176 2786 5236 ὄπ’
2822 5167 3347 5319 ἀεξῗοθῧέιῖρυιὲςὲὶ
3367 5236 3724 5293 Ganaba-ius.
3788 5235 4025 5292 Tertium
4051 5236 4132 5291 Ιο.
4156 5234 4434 5301 Iacobum,
4467 5233 4630 5302 plun-

2693 5310 3044 5377 nacopolam,
3077 5306 3317 5361 habuaetn
3349 5321 3524 5376 supra
3557 5302 3676 5375 826,
3710 5312 3824 5361 not.
3862 5304 3912 5359 7.
