4825 6175
571 377 698 443 119

743 562 1104 636 Caeterum
1136 562 1309 647 qued
1342 569 1546 641 tuam,
1593 561 1863 644 Famae,
1911 563 2324 628 vocationem
2348 568 2397 642 1)
2434 570 2535 628 at-

568 652 763 729 tinet,
808 650 903 717 sic
945 648 1454 733 respondemus:
1512 650 1830 716 Rationes
1877 647 2130 715 Galvini
2172 647 2259 713 ad
2297 650 2535 715 fratres

554 736 971 821 perscriptas
1013 736 1201 801 nobis
1245 756 1457 819 1166116
1491 755 1729 819 parum
1770 734 2027 801 validas
2070 754 2285 817 neque
2320 736 2535 800 incer-

571 832 678 889 tas
726 822 957 902 videri,
1013 821 1273 905 quande
1336 828 1403 887 et
1452 827 1648 886 tuum
1687 822 2134 886 ministerium
2176 827 2244 885 et
2285 819 2535 886 utrius-

573 929 701 993 que
745 908 1056 974 ecelesiae
1113 914 1361 972 statum
1404 908 1736 972 intuentes
1791 907 1918 989 ipsi
1975 926 2232 988 queque
2274 904 2534 971 uberio-

570 1014 718 1061 rem
759 1001 829 1059 et
882 993 1285 1059 fructuosam
1333 994 1546 1078 magis
1591 991 1906 1059 Genevae
1948 1011 2145 1075 quam
2189 991 2340 1057 istic
2384 1013 2535 1057 cen-

573 1101 793 1147 semus
836 1099 1104 1163 operam
1149 1078 1458 1163 deinceps
1498 1085 1683 1143 tuam
1738 1078 1895 1157 fere,
1938 1077 2132 1142 mede
2179 1077 2268 1142 sit
2309 1078 2422 1159 qui
2462 1078 2536 1141 111

571 1165 961 1250 perturbata
1003 1164 1397 1247 adflictaque
1437 1164 1714 1230 ecclesia
1755 1171 1874 1230 tua
1914 1172 2265 1248 pastorem,
2311 1169 2534 1247 paste-

571 1272 715 1317 rem
757 1250 1052 1334 inquam,
1098 1270 1294 1334 agere
1338 1259 1405 1315 et
1446 1251 1653 1333 possit
1688 1259 1756 1315 et
1798 1249 1962 1316 velit
1976 1252 2052 1328 ²).
2141 1247 2362 1330 Quem
2403 1249 2536 1314 nisi

574 1357 777 1420 queas
811 1343 1080 1401 tuorum
1115 1336 1383 1402 auxiliis
1411 1336 1810 1401 substituere
1846 1335 1985 1414 tibi,
2021 1355 2181 1401 cave
2215 1342 2292 1400 ut
2322 1335 2535 1399 latum

570 1442 863 1507 unguem
909 1443 949 1486 a
992 1423 1271 1488 statione
1317 1420 1615 1506 delegata
1659 1420 1970 1487 discedas.
2063 1419 2199 1486 Sed
2243 1421 2537 1485 inveniri

571 1528 763 1592 pesse
820 1508 1219 1572 arbitramur
1284 1508 1389 1573 cui
1454 1526 1533 1572 ea
1606 1507 1946 1590 provincia
2008 1507 2328 1571 committi
2393 1505 2535 1571 tulo

573 1599 787 1678 queat,
831 1613 953 1659 nec
997 1592 1378 1659 defuturum
1421 1594 1530 1659 6111
1573 1614 1724 1659 611111
1765 1593 2082 1659 facultate
2132 1593 2220 1657 sit
2262 1591 2534 1658 Christe

573 1679 1012 1761 ecclesiaeque
1055 1679 1115 1743 ei
1160 1678 1489 1745 serviendi
1525 1699 1797 1762 exprem
1848 1685 1917 1744 ta
1950 1677 2276 1743 veluntas.
2344 1677 2533 1743 Haec

573 1766 658 1830 D.
719 1765 973 1830 Nicolai
1028 1785 1068 1828 a
1140 1762 1451 1830 Wattewil
1506 1772 1573 1829 et
1627 1765 1713 1829 D.
1826 1766 1952 1830 eati
1966 1766 2022 1840 3)
2072 1771 2140 1829 61
2180 1784 2329 1828 11166
2373 1784 2531 1845 que-

574 1871 703 1934 que
759 1850 1089 1915 sententia
1142 1858 1259 1917 est.
1361 1851 1424 1915 N
1427 1870 1499 1916 es
1564 1851 1882 1916 hactenus
1949 1849 2117 1915 salvi
2180 1869 2408 1914 sumus
2465 1856 2533 1915 et

574 1938 644 2001 in
689 1957 805 2019 spe
847 1936 1137 2003 melioris
1179 1944 1392 2002 status
1430 1937 1502 2000 in
1543 1936 1817 2002 ecclesia
1858 1957 1978 2019 per
2012 1934 2376 2000 Dominum
2418 1934 2532 1999 eb-

573 2021 844 2100 tinendi,
890 2021 1084 2086 mede
1127 2021 1244 2105 qui
1276 2021 1629 2104 aliquande
1672 2023 1935 2087 futurus
1970 2030 2073 2087 est
2106 2021 2354 2104 collega
2394 2028 2529 2085 ter-

567 2108 701 2174 tius
746 2129 879 2172 nen
926 2108 1011 2173 sit
1052 2109 1471 2192 importunus
1515 2107 1626 2172 1116
1672 2105 1982 2173 (1166611116
2036 2115 2262 2173 nester
2277 2112 2355 2185 ⁴),
2412 2113 2531 2169 aut

569 2193 738 2259 alius
775 2193 1013 2277 aliquis
1048 2194 1269 2258 minus
1304 2191 1648 2259 nobiscum
1670 2194 2104 2258 consentiens.
2161 2191 2529 2257 Dominum

570 2299 746 2362 erge,
806 2300 1067 2363 quaese,
1123 2302 1321 2346 cuum
1377 2279 1511 2343 tuis
1569 2279 1872 2344 omnibus
1928 2280 2096 2345 serie
2139 2299 2407 2362 precare
2451 2284 2529 2341 ut

566 2386 687 2430 nes
744 2372 964 2430 servet
1018 2387 1058 2429 a
1113 2365 1306 2430 male.
1405 2365 1667 2430 Bernae
1735 2368 1834 2430 28.
1892 2364 2048 2431 Iulii
2115 2384 2288 2431 anne
2361 2367 2524 2427 1545

569 2450 883 2516 Salutant
926 2459 994 2515 te
1038 2458 1320 2535 tuosque
1364 2470 1594 2515 omnes
1636 2450 1788 2515 DD.
1841 2450 2042 2517 Nicol.
2085 2458 2150 2514 et
2191 2448 2453 2515 Beatus,

1893 2554 1966 2618 T.
2015 2551 2346 2620 Sulcerus.

1340 2849 1725 2857 .————.—.

1472 3063 1627 3135 669.

1094 3202 1504 3270 VIRETUS
1553 3202 1990 3269 GALVINO.

739 3376 1083 3441 Sollicitum
1142 3395 1282 3439 eum
1338 3380 1535 3440 tenent
1592 3374 1879 3441 Coo-aerii
1929 3376 2163 3441 vocatio
2224 3375 2521 3441 Lausan-

562 3481 730 3538 nam,
787 3460 1037 3526 Farelli
1096 3461 1441 3538 Genevam,
1513 3461 1786 3526 Tossani
1852 3460 2243 3541 Neocomum,
2317 3461 2522 3527 Orbae

550 3548 771 3645 pestis,
815 3552 1040 3612 mortes
1074 3548 1599 3629 propinquorum,
1652 3547 1904 3612 morbus
1959 3549 2199 3626 uxoris,
2256 3547 2522 3632 colleyae

558 3802 671 3868 (Ex
718 3802 1055 3870 autographo
1102 3800 1234 3855 Ood.
1284 3802 1488 3856 Genev,
1543 3801 1688 3863 111⁸,
1725 3803 1818 3856 fel.
1861 3800 1951 3869 65,
1985 3804 2108 3856 cell.
2146 3820 2190 3856 6.
2230 3804 2358 3857 Cod.
2399 3803 2515 3871 116,

704 3870 794 3924 fel.
830 3870 914 3935 92,
954 3872 1116 3924 Bern.
1154 3871 1294 3939 Epp.
1330 3871 1465 3924 VII.
1505 3887 1558 3939 p.
1594 3870 1697 3924 686
1731 3877 1789 3924 et
1823 3871 2030 3925 Simler.
2072 3872 2197 3926 Vel.
2232 3871 2343 3937 57.)

737 4057 1079 4142 Singulari
1123 4057 1490 4124 eruditione
1548 4080 1624 4125 66
1666 4060 1911 4142 pietate
1953 4061 2367 4125 ornatissime
2409 4060 2519 4125 Ie-

561 4145 720 4208 anni
767 4144 1045 4210 Oalvine
1088 4143 1219 4208 fide
1265 4143 1574 4211 ecclesiae
1619 4145 2346 4299 Genevensithpasteri.

1476 4262 1477 4267 ¹
2083 4253 2344 4299 enevae.

738 4365 807 4431 S.
857 4365 1087 4431 Placet
1120 4365 1297 4448 qued
1330 4365 1413 4430 (16
1462 4366 1681 4432 libelle
1729 4367 1800 4431 in
1842 4365 2138 4434 Car-olum
2188 4370 2436 4435 scribis
2470 4371 2518 4448 ¹)

564 4451 843 4516 Memini
880 4450 995 4516 abs
1030 4459 1099 4516 te
1137 4451 1512 4518 admonitus
1547 4473 1776 4518 eorum
1818 4474 1985 4537 quae
2019 4454 2090 4518 in
2134 4454 2521 4520 consistorio

583 4689 725 4744 668.
768 4689 822 4755 1)
865 4689 989 4742 Iam
1025 4689 1087 4742 in
1127 4687 1540 4744 Commentariis
1577 4689 1698 4745 Sem.
1742 4690 1940 4747 Genev.
1977 4691 2045 4747 de
2081 4692 2307 4747 Farello
2350 4692 2520 4748 Gene-

566 4775 691 4813 vam
738 4757 989 4812 vocando
1034 4759 1222 4826 aqitur
1267 4757 1319 4811 d.
1358 4757 1443 4811 22.
1480 4760 1609 4812 Iun.
1696 4760 1828 4814 Vide
1872 4761 2035 4815 etiam
2082 4762 2240 4827 infra
2290 4762 2366 4816 N.
2401 4762 2521 4831 669,

565 4826 684 4891 677,
721 4825 825 4879 680
860 4833 911 4881 et
939 4828 1159 4881 omnino
1192 4826 1378 4894 plures
1410 4843 1582 4896 usque
1612 4827 1692 4881 ad
1722 4845 1955 4884 mensem
1993 4829 2363 4898 Septembrem·

774 4894 834 5016 Ξ)
875 4894 937 5016 lg
931 4895 1096 4949 orello
1118 4894 1381 4949 Neocomi
1411 4895 1711 4950 Tossanum
1746 4899 1998 4964 sufficere
2022 4899 2313 4954 voluerunt
2337 4901 2518 4954 amici.

776 4967 832 5028 ·)
930 4965 1161 5031 erunqii.

774 5031 828 5099 4)
867 5032 950 5087 Io.
994 5031 1185 5086 Weber
1219 5037 1383 5086 antea
1416 5033 1802 5089 Aroviensium
1836 5037 2100 5102 minister,
2135 5051 2314 5090 mense
2331 5035 2525 5104 Aprili

570 5099 705 5154 1544
746 5100 968 5155 Sulsero
1003 5107 1348 5165 successerat,
1385 5118 1549 5171 quum
1584 5104 1673 5158 hic
1707 5106 1767 5157 in
1802 5104 2047 5170 defuncti
2077 5104 2316 5158 Conkem'
2348 5105 2520 5160 locum

565 5177 848 5238 promotus
887 5170 1099 5235 fuisset.
1185 5169 1547 5238 Ztm'nyzianis
1593 5173 1853 5227 calculum
1903 5174 2212 5237 adiiciebat,
2257 5175 2520 5229 hactenus

573 5237 798 5293 Saltem
832 5244 881 5292 et
922 5238 1201 5306 Gerunyio
1234 5240 1415 5293 minus
1445 5247 1659 5306 yram-s.
1734 5242 2040 5307 (Hundesh.
2074 5259 2129 5311 p.
2168 5241 2312 5311 187.)

602 5308 746 5361 669.
787 5308 844 5371 1)
886 5308 1176 5374 respondet
1208 5307 1289 5361 ad
1326 5308 1404 5361 N.
1446 5308 1562 5362 662.

2160 372 2625 444 EPIS’PLAE
2671 374 3005 441 668-671

4478 380 4583 446 120

2629 569 2788 629 ‘acta
2829 570 2988 629 sunt
3002 564 3079 644 ²).
3167 563 3388 630 Multa
3433 571 3595 629 sunt
3637 563 3719 629 de
3755 564 3993 647 quibus
4036 565 4365 648 copiosius
4410 565 4489 631 ad
4527 574 4582 633 te

2640 647 2995 714 scriberem
3032 651 3088 714 si
3122 670 3244 734 per
3277 650 3683 716 occasionem
3719 650 4032 728 licuisset,
4077 650 4193 716 sed
4217 650 4585 717 tabellarius

2637 734 2848 800 fusius
2892 755 3110 800 ceram
3155 736 3413 801 referet.
3504 734 3759 802 Audies
3805 736 3886 800 ab
3931 756 4007 801 66
4052 734 4134 801 (16
4170 746 4381 802 morte
4425 737 4584 802 Mat-

2638 820 2823 885 thaei
2872 819 3157 887 Cruciati
3171 820 3244 905 ⁸),
3307 829 3376 886 et
3418 820 3575 905 quid
3617 821 3868 887 consilii
3914 823 4202 905 ceperim
4248 821 4329 887 de
4371 824 4584 887 subre-

2725 905 2858 971 nde
2913 908 2974 970 ei
3028 927 3397 973 successore
3455 914 3523 972 et
3575 905 3965 973 accersendo
4021 907 4154 972 huc
4211 906 4502 974 Gorderio
4515 913 4583 988 ⁴).

2639 926 2868 1072 {auum
2923 992 3088 1057 ferte
3145 994 3308 1058 haec
3365 992 3585 1057 anime
3650 993 4017 1073 volverem,
4084 994 4459 1076 insperatus
4512 994 4587 1060 ad

2639 1085 2740 1142 est
2762 1076 3135 1156 Cerderius,
3181 1080 3294 1161 qui
3327 1078 3494 1144 mihi
3529 1087 3773 1144 statum
3809 1100 4036 1143 rerum
4057 1079 4120 1143 N
4123 1082 4589 1145 eeeemensium

2638 1164 2954 1229 narravit.
3046 1164 3263 1230 Audio
3309 1165 3622 1230 maiorem
3666 1173 3920 1247 partem
3964 1166 4246 1230 fratrum
4292 1185 4370 1229 ee
4412 1166 4588 1231 incli-

2639 1269 2799 1313 nare
2844 1257 2917 1313 ut
2963 1248 3149 1315 vebis
3191 1250 3494 1316 Farellus
3535 1249 3951 1316 concedatur.
4031 1251 4339 1316 Fuerunt
4376 1258 4587 1316 tamen

2638 1334 2752 1416 qui
2793 1334 2865 1398 in
2910 1336 3291 1417 proximum
3332 1335 3512 1400 Ievis
3556 1335 3731 1401 diem
3775 1336 4118 1419 negotium
4162 1335 4589 1402 differendum

2639 1439 2784 1485 esse
2849 1433 3265 1486 censuerunt.
3363 1422 3547 1506 Ergo
3605 1422 3905 1505 proxime
3963 1422 4143 1488 Ievis
4200 1421 4305 1487 die
4362 1423 4589 1489 fratres

2635 1505 3040 1571 Neocomum
3100 1508 3526 1584 convenient,
3593 1515 3669 1572 ut
3741 1508 4199 1573 communibus
4263 1509 4588 1591 suffragiis

2636 1592 2975 1674 negotium
3028 1592 3424 1659 absolvatur.
3511 1594 3660 1677 Ege
3726 1614 3879 1658 vere
3938 1594 3996 1659 si
4052 1614 4318 1677 pessum
4376 1594 4586 1659 adero.

2634 1677 2808 1742 Nam
2853 1679 3236 1761 priusquam
3279 1679 3444 1743 mihi
3479 1686 3632 1743 tuae
3667 1678 3900 1747 literae
3935 1678 4387 1757 redderentur,
4440 1702 4588 1746 cen-

2634 1763 2952 1828 stiueram
2978 1763 3231 1829 Orbam
3266 1773 3332 1828 et
3366 1764 3427 1829 N
3432 1785 3770 1830 eecemum
3793 1765 4135 1847 proficisci.
4203 1765 4378 1831 Nam
4400 1764 4587 1831 valde

2634 1857 2829 1931 urget
2884 1848 3187 1915 Far-ellus
3250 1858 3329 1914 ut
3393 1872 3463 1915 se
3528 1859 3594 1915 et
3658 1851 3994 1918 ecclesiam
4050 1849 4234 1916 illam
4289 1852 4587 1917 invisam.

2635 1932 2857 2000 Orbae
2914 1946 3131 2000 autem
3194 1937 3396 2019 pest-is
3440 1945 3783 2020 grassatur
3824 1936 4070 2001 mirum
4112 1938 4182 2002 in
4228 1935 4498 2001 medum
4517 1941 4589 2014 ⁵).

2631 2020 2850 2085 Filius
2892 2030 3319 2086 marterterae
3363 2031 3543 2103 peste
3600 2022 3896 2087 sublatus
3945 2030 4046 2087 est
4089 2023 4337 2088 relictis
4385 2022 4589 2088 tribus

2633 2105 2919 2188 pupillis.
2978 2106 3168 2172 Uxor
3202 2107 3473 2172 alterius
3507 2107 3625 2172 filii
3664 2107 3861 2173 etiam
3899 2106 4159 2174 sublata
4195 2117 4311 2173 est.
4373 2108 4590 2173 Audio

2632 2191 2827 2257 valde
2869 2192 3288 2274 perturbatos
3324 2191 3743 2259 Orbanerum
3780 2194 4053 2268 animes,
4099 2195 4390 2259 maxime
4434 2215 4591 2259 vere

2631 2276 2805 2359 qued
2852 2288 3142 2362 tempere
3178 2286 3315 2342 tam
3356 2276 3552 2343 dubie
3587 2300 3819 2362 parum
3854 2279 3988 2343 illis
4023 2299 4175 2345 cum
4210 2279 4587 2364 161111611οὸ)

2631 2363 3001 2429 conveniat.
3091 2364 3242 2429 Hae
3284 2365 3504 2446 itaque
3546 2386 3784 2430 causae
3828 2372 4074 2449 urgent
4129 2374 4209 2430 ut
4250 2386 4326 2431 66
4383 2387 4589 2448 1166116

2631 2469 2738 2513 1116
2795 2448 3130 2532 recipiam,
3176 2450 3476 2532 quamvis
3527 2470 3762 2532 parum
3804 2450 3971 2515 mihi
4015 2451 4102 2517 sit
4146 2451 4584 2517 commodum.

2630 2533 2798 2598 Inde
2835 2535 3238 2600 Neocomum
3282 2554 3637 2602 accurram.
3726 2535 3875 2602 Hoc
3933 2537 4144 2602 selum
4197 2558 4304 2602 me
4347 2539 4591 2602 retinet

2630 2619 2804 2701 qued
2861 2619 3017 2686 hinc
3065 2619 3278 2686 Comes
3295 2622 3348 2707 ⁷)
3408 2621 3594 2699 absit,
3651 2629 3725 2686 ut
3777 2622 3961 2687 solet.
4048 2623 4224 2687 Nam
4268 2631 4450 2689 161116
4494 2630 4590 2689 est

2629 2704 2703 2768 in
2759 2706 3136 2788 quaerenda
3189 2707 3569 2772 mutuatitia
3616 2708 3911 2789 pecunia.
4001 2707 4138 2788 Qui
4181 2709 4289 2775 1116
4332 2710 4590 2776 6611616-

2632 2799 2855 2869 netur,
2914 2800 3029 2856 aut
3082 2793 3195 2875 qui
3253 2813 3357 2857 me
3416 2792 3703 2869 adiuvet,
3761 2813 3955 2858 neme
4015 2803 4132 2859 est.
4223 2792 4590 2877 Sperabam

2630 2896 2738 2940 me
2781 2876 3149 2942 soluturum
3195 2877 3352 2943 hinc
3395 2880 3682 2943 crastino
3728 2878 3864 2943 die:
3920 2879 4034 2945 sed
4078 2881 4298 2946 neseio
4344 2902 4434 2945 an
4486 2880 4591 2947 Go-

2629 2982 2771 3026 mes
2805 2963 2875 3026 in
2916 2970 3206 3045 tempere
3241 2963 3574 3029 rediturus
3611 2965 3715 3030 sit.
3781 2963 4003 3031 Adero
4046 2973 4288 3043 tamen,
4335 2967 4394 3032 si
4440 2988 4589 3050 pes-

2629 3069 2796 3128 sum,
2843 3049 2907 3114 Ν
2909 3048 3160 3115 66661111
3201 3047 3284 3114 ad
3330 3048 3503 3116 diem
3546 3049 3749 3130 Ievis,
3795 3050 3911 3117 ubi
3945 3072 4096 3117 cum
4132 3051 4388 3118 Farello
4432 3074 4590 3120 cen-

2627 3135 2835 3200 feram
2889 3134 2970 3201 de
3023 3137 3288 3221 negotio
3344 3136 3646 3202 fratrum.
3662 3138 3722 3215 8)
3808 3137 3905 3202 At
3947 3145 4105 3203 sunt
4148 3137 4478 3220 quaedam
4520 3141 4591 3203 in

2627 3221 2760 3285 tuis
2824 3220 3035 3286 literis
3091 3243 3260 3304 61166
3327 3243 3457 3286 nen
3522 3224 3682 3287 satis
3736 3222 4051 3308 intellige.
4154 3223 4349 3303 Quod
4408 3225 4590 3290 enim

2627 3307 2858 3372 scribis
2888 3307 2969 3371 de
2997 3306 3216 3391 legate
3233 3313 3289 3385 θ)
3335 3309 3451 3389 6111
3488 3308 3744 3374 Farello
3786 3309 4055 3391 placeat,
4102 3310 4223 3374 tibi
4258 3332 4415 3375 vere
4467 3311 4591 3375 mi-

2626 3393 2820 3469 1111116,
2867 3393 3086 3457 1166616
3121 3414 3434 3476 quorsum
3484 3394 3597 3457 illa
3632 3405 3945 3476 spectent.
4025 3396 4195 3459 Nam
4237 3396 4590 3462 historiam

2624 3477 2808 3542 illam
2866 3478 3128 3559 penitus
3186 3479 3434 3562 ignore.
3540 3480 3878 3544 Perferam
3935 3480 4162 3546 literas
4218 3502 4453 3547 omnes
4507 3482 4588 3546 ad

2625 3562 2967 3629 Farellum.
3043 3562 3120 3629 Si
3165 3563 3322 3646 quid
3368 3586 3523 3630 vere
3568 3574 3671 3629 est
3707 3565 3878 3647 qued
3915 3567 4104 3633 nobis
4139 3568 4587 3649 significatum

2627 3649 2809 3726 velis,
2858 3650 2958 3715 fac
2993 3658 3070 3714 ut
3102 3649 3167 3713 N
3169 3670 3505 3714 eecemum
3541 3652 3860 3716 mittatur.
3938 3652 4084 3717 Illic
4119 3654 4298 3717 enim
4337 3655 4589 3718 erimus

2623 3744 2761 3799 tete
2807 3733 2912 3798 die
2957 3735 3152 3799 Ievis.
3245 3734 3440 3815 Quod
3484 3738 3541 3801 si
3585 3735 3840 3802 Farezco
3886 3740 4099 3802 visum
4158 3749 4259 3803 est
4302 3751 4376 3803 ut
4415 3739 4590 3804 Ber-

2621 3841 2777 3884 nam
2842 3822 3240 3902 proficiscar,
3308 3842 3545 3904 sequar
3612 3822 3752 3888 eius
3810 3825 4182 3889 consilium:
4252 3825 4387 3890 nisi
4447 3826 4591 3907 ipse

2621 3905 2815 3970 malit
2871 3907 3053 3971 obire
3095 3906 3512 3989 legationem,
3574 3921 3690 3973 aut
3733 3922 4030 3992 uterque.
4122 3909 4255 3976 Sed
4301 3913 4591 3992 optarim

2622 4013 2760 4056 rem
2814 3992 2982 4056 mihi
3037 3993 3452 4074 explanatius
3506 4008 3574 4059 et
3627 3993 3836 4058 fusius
3891 3997 4152 4078 exponi.
4247 3994 4591 4061 Corderius

2623 4075 2789 4141 mihi
2832 4078 3130 4143 narravit
3174 4077 3330 4160 quid
3374 4080 3631 4145 consilii
3678 4078 3978 4145 Farellus
4019 4081 4266 4163 ceperit
4310 4080 4391 4146 de
4438 4104 4588 4148 sur-

2624 4163 2918 4246 rogando
2964 4184 3348 4230 successere.
3440 4163 3616 4231 Sunt
3668 4167 3779 4248 qui
3829 4164 4172 4246 Casparem
4197 4170 4279 4252 ¹⁰)
4336 4166 4589 4233 substi-

2832 4486 2893 4553 2)
2929 4487 3005 4541 In
3038 4489 3255 4556 neyotio
3295 4487 3484 4543 Caroli
3516 4497 3586 4554 et.
3627 4489 3703 4544 N.
3740 4487 3856 4541 660.

2836 4555 2894 4619 3)
2935 4556 3018 4608 M.
3055 4557 3121 4609 de
3156 4557 3211 4611 la
3248 4556 3430 4622 Oroix,
3467 4560 3594 4613 olim
3629 4559 3943 4625 monachus,
3978 4575 4031 4612 a.
4067 4557 4204 4612 1537
4239 4560 4493 4614 minister
4527 4561 4589 4614 in

2625 4625 2823 4694 Lutry.
2898 4624 3163 4690 (Ruchat,
3200 4626 3308 4680 IV.
3343 4625 3492 4690 376.)

2662 4761 2682 4815 l
2824 4692 3019 4816 22er
3053 4697 3212 4748 euius
3247 4696 3490 4748 transitu
3524 4695 3600 4749 ad
3635 4697 4065 4751 Lausannenses
4100 4713 4167 4749 m.
4205 4695 4350 4765 Sept.
4389 4705 4441 4753 et
4477 4714 4584 4767 seq.

2685 4777 2790 4815 ura
2933 4778 2957 4815 e
2993 4777 3059 4816 ts.

2620 4777 2660 4831 p
2830 4830 2890 4891 ὃ)
2928 4831 3014 4882 Au
3059 4831 3198 4884 meis
3234 4831 3301 4882 de
3337 4832 3466 4921 May
3501 4849 3559 4883 66
3597 4834 3776 4900 prinst
3811 4835 3865 4886 la
3899 4842 4055 4902 peste
4091 4833 4123 4886 6
4160 4833 4308 4887 Orbe
4345 4836 4585 4903 laquelle

2625 4918 2658 4969 y
2693 4900 2831 4951 dura
2869 4899 3085 4967 'nsques
3121 4915 3190 4951 au
3225 4900 3363 4952 meis
3399 4900 3704 4961 dOctebre,
3742 4902 3809 4953 (16
3854 4903 4092 4971 laquelle
4143 4903 4184 4955 il
4224 4914 4443 4956 mourut
4493 4921 4584 4956 en·

2625 4970 2780 5022 vireu
2995 4984 3266 5021 ersennes.
3341 4966 3535 5033 (Me'm.
3573 4970 3639 5023 de
3674 4971 4005 5037 Pierresleur
4037 4989 4090 5038 p.
4123 4970 4266 5036 226.)

2830 5036 2888 5102 6)
2925 4984 3215 5101 ἑὲόεάαεο,
3253 5042 3349 5106 qui
3375 5043 3557 5090 tamen
3574 5039 3660 5091 his
3693 5040 3832 5106 ipsis
3858 5039 4051 5095 diebus
4069 5040 4408 5093 Iverdaemam
4426 5042 4582 5095 abiit.

2832 5103 2892 5171 7)
2929 5103 3073 5158 Be'at
3113 5106 3308 5174 comte,
3343 5108 3410 5159 de
3443 5123 3549 5174 quo
3583 5123 3708 5160 mom
3741 5109 3923 5175 plura.

2832 5173 2893 5235 8)
2933 5175 3381 5235 Ιῆουὶπσίαῑίυηι,
3400 5176 3466 5230 ob
3489 5175 3634 5244 quod
3653 5180 3770 5243 ipse
3826 5184 3974 5232 osten
3995 5178 4238 5231 Bernam
4262 5193 4320 5231 se
4336 5179 4584 5233 contulit.

2830 5243 2885 5307 9)
2921 5244 3193 5296 Ber-riensi
3226 5243 3304 5297 ad
3341 5242 3540 5311 Reqem
3572 5246 3650 5298 mi
3801 5263 3846 5298 o.
3919 5245 4009 5300 De
4043 5263 4150 5316 quo
4184 5247 4310 5302 vide
4348 5248 4426 5301 N.
4458 5247 4583 5301 697.

2803 5312 2886 5377 10)
2934 5310 3238 5366 Carmelum
3265 5317 3424 5382 puta,
3458 5313 3525 5366 de
3557 5329 3663 5382 quo
3698 5320 3749 5368 et
3787 5316 3861 5368 N.
3898 5314 4017 5369 643.
