4825 6175
224 442 331 507 266

1102 622 1258 695 758.

562 776 1227 849 THEODORICUS
1253 780 1304 857 ¹)
1351 775 1787 845 CALVINO.

378 949 791 1017 Ratisbonam
852 951 1194 1035 dezeyatus,
1248 955 1321 1017 ut
1372 948 1674 1033 colloquio
1731 947 1820 1013 ibi
1880 946 2159 1012 habendo

218 1039 547 1117 attere-sset,
594 1057 718 1119 per
771 1036 1053 1103 morbum
1107 1037 1439 1119 quominus
1492 1056 1559 1101 eo
1600 1054 1669 1101 se
1710 1034 2004 1117 reciperet
2043 1033 2160 1098 im-

209 1124 481 1276 mm,
536 1123 789 1189 merim
846 1144 1005 1207 quae
1061 1124 1137 1190 de
1178 1144 1249 1188 re
1283 1128 1461 1207 qesta
1503 1126 1560 1186 et
1598 1121 1868 1204 yerenda
1907 1119 2160 1185 rescivit

216 1381 393 1447 (Manu
439 1381 644 1451 scripta
689 1396 798 1433 non
846 1384 1041 1433 exstat.
1110 1380 1256 1433 Beza
1301 1378 1472 1433 edidit
1520 1375 1722 1431 Genev.
1760 1394 1815 1447 p.
1851 1375 1949 1437 622
1997 1375 2156 1430 Laus.

355 1466 407 1519 p.
445 1446 574 1516 1393
609 1448 822 1503 Hanov.
857 1466 911 1519 p.
950 1446 1081 1517 1563
1120 1448 1330 1503 Chouet
1363 1464 1416 1517 p.
1452 1444 1550 1510 82;
1586 1446 1765 1500 Amet.
1800 1462 1855 1515 p.
1889 1443 1999 1510 37.)

376 1618 679 1686 Salutem
733 1621 808 1685 in
864 1620 1173 1687 Domino,
1264 1619 1736 1684 Gratissimum
1792 1617 1959 1683 mihi
2014 1619 2158 1698 fuit,

217 1704 469 1775 Calvina
513 1707 913 1782 doctissime,
959 1706 1130 1789 quod
1172 1727 1290 1791 per
1332 1705 1575 1784 civem,
1619 1725 1898 1786 eumque
1937 1710 2015 1768 ut
2056 1705 2157 1769 in-

208 1792 430 1858 tellexi
496 1794 791 1858 vicinum
855 1800 1062 1867 tuum,
1130 1812 1237 1856 me
1301 1791 1573 1856 iusseris
1629 1789 1919 1854 salutari.
2009 1790 2158 1854 Etsi

209 1889 422 1943 autem
457 1878 651 1962 longe
690 1878 839 1961 plus
873 1877 1229 1962 voluptatis
1258 1876 1631 1941 attulissent
1651 1874 1899 1955 literae,
1935 1883 2158 1941 tamen

207 1985 409 2048 quum
463 1964 632 2028 mihi
688 1965 768 2030 de
823 1966 955 2029 tuis
1021 1960 1558 2046 occupationibus
1622 1970 1904 2040 constet,
1971 1961 2161 2026 facile

203 2050 414 2133 patior
457 2056 526 2115 te
584 2048 653 2114 id
710 2050 882 2134 quod
943 2049 1064 2114 tibi
1126 2048 1530 2114 commodius
1590 2054 1658 2112 et
1701 2046 1955 2114 facilius
2011 2047 2158 2127 fuit,

201 2136 444 2201 fecisse.
536 2136 681 2220 Ego
735 2147 1008 2202 vocatus
1068 2157 1108 2200 a
1148 2133 1567 2216 Principibus
1622 2132 1705 2198 ad
1761 2132 2157 2216 colloquium

199 2220 634 2301 Ratisbonae,
715 2232 783 2286 et
860 2220 1123 2287 additus
1200 2220 1492 2284 Domino
1539 2218 1846 2301 Philippo
1923 2216 2157 2298 socius,

201 2328 403 2390 quum
448 2309 585 2372 iam
618 2309 807 2390 quasi
840 2309 910 2372 in
944 2306 1287 2391 procinctu
1331 2326 1561 2385 essem,
1608 2304 1689 2370 ab
1735 2304 2163 2371 articulorum

199 2391 425 2457 morbo
484 2414 866 2477 oppressus,
940 2393 1112 2459 domi
1175 2413 1360 2458 meae
1431 2391 1774 2457 decumbo:
1797 2390 1855 2475 ²)
1913 2411 1990 2457 ac
2042 2411 2164 2474 per

199 2478 480 2544 alienam
522 2500 798 2544 manum
842 2479 924 2545 ad
969 2488 1034 2545 te
1078 2480 1323 2557 scribo,
1379 2485 1457 2542 ut
1498 2485 1573 2542 tu
1618 2497 1873 2560 quoque
1916 2476 2160 2541 intelli-

197 2586 312 2649 gas
357 2574 425 2630 et
471 2566 680 2630 amari
724 2576 791 2630 to
833 2566 1131 2650 impense
1176 2586 1215 2630 a
1257 2585 1382 2642 me,
1429 2571 1496 2629 et
1538 2562 1947 2630 voluntatem
1993 2582 2157 2627 neu-

197 2651 446 2734 tiquam
516 2649 739 2717 deesse
804 2651 921 2716 tibi
976 2648 1412 2743 gratificandi.
1508 2648 1852 2732 Philippus
1897 2668 2160 2731 quoque

195 2744 464 2820 propter
523 2737 886 2820 periculum
942 2734 1339 2804 valetudinis
1393 2733 1567 2799 domi
1625 2755 1696 2801 se
1740 2734 2082 2815 continuit,
2103 2734 2160 2814 ⁸)

195 2830 261 2887 et
318 2823 658 2906 profectus
715 2824 858 2888 eius
911 2822 1054 2888 loco
1114 2833 1211 2889 est
1268 2822 1352 2888 D.
1400 2820 1729 2905 Georgius
1772 2819 2023 2885 Maior:
2084 2841 2160 2887 ac

195 2910 293 2973 27.
341 2908 645 2974 Ianuarii
686 2910 1030 2993 utriusque
1088 2908 1297 2993 partis
1339 2905 1658 2991 theologi,
1714 2907 1825 2988 qui
1881 2906 1972 2971 ibi
2025 2925 2158 2971 non

193 3014 438 3079 magna
506 2994 874 3079 frequentia
938 3003 1124 3072 sunt,
1182 3016 1221 3059 a
1263 2991 1790 3078 praesidentibus
1856 2993 2159 3075 episcopo

193 3080 548 3148 Asstetensi
562 3082 621 3161 4)
668 3090 735 3146 et
779 3080 1034 3147 Comite
1062 3078 1539 3163 aFurstenbery
1582 3086 1742 3144 sunt
1785 3078 2123 3145 convocati
2140 3102 2156 3158 ;

194 3175 258 3232 et
295 3170 619 3234 recitatae
685 3167 1004 3251 quaedam
1063 3166 1428 3233 sententiae
1486 3165 1581 3230 eis
1652 3173 1813 3229 sunt
1857 3163 2162 3231 Caesaris

191 3255 485 3331 nomine,
529 3273 695 3338 quae
730 3263 797 3318 et
830 3254 1043 3319 forma
1079 3261 1146 3318 et
1180 3250 1586 3320 conditiones
1619 3248 1818 3316 huius
1853 3249 2162 3334 colloquii

195 3359 336 3405 esse
382 3340 686 3406 debeant.
746 3337 1133 3406 Cuiusmodi
1169 3346 1391 3405 autem
1424 3357 1541 3403 eae
1580 3335 1828 3401 fuerint
1862 3335 2160 3402 nondum

194 3424 388 3492 licuit
434 3426 817 3492 resciscere:
878 3425 1149 3492 coniicio
1195 3432 1416 3491 autem
1459 3423 1610 3508 plus
1653 3420 1994 3488 habituras
2039 3422 2159 3488 du·

190 3511 597 3577 bitationum
641 3519 711 3577 et
750 3512 1193 3595 periculorum
1236 3532 1433 3593 quam
1474 3511 1698 3593 ipsum
1733 3508 2159 3593 colloquium:

191 3598 635 3683 intelligimus
676 3599 885 3678 enim,
939 3597 1063 3663 hoc
1108 3619 1149 3663 a
1191 3595 1474 3662 Caesare
1517 3596 1827 3661 Pontifici
1879 3594 2159 3678 promis-

193 3705 339 3749 sum
357 3736 376 3764 ,
423 3693 504 3750 ut
546 3683 627 3749 de
673 3683 910 3767 quibus
953 3704 1092 3749 non
1136 3684 1485 3749 conveniat
1536 3682 1714 3747 inter
1757 3680 2163 3765 colloquuto·

190 3790 317 3850 res,
365 3770 723 3835 concilium
765 3769 1231 3835 Tridentium
1287 3767 1698 3854 pronunciet.
1787 3767 1897 3832 Ex
1935 3776 2165 3832 nostra

189 3863 382 3938 parte
428 3867 588 3923 sunt
630 3856 1033 3923 Ratisbonae
1076 3856 1172 3923 M.
1217 3855 1537 3934 Bucerus,
1580 3852 1932 3919 Erhardus
1980 3853 2163 3919 Sche-

181 3940 402 4024 phius,
426 3947 487 4022 ὅ)
532 3942 816 4009 Ioannes
858 3941 1183 4022 Brentius‘,
1226 3942 1559 4007 Martinus
1604 3938 1923 4020 Frechtus,
1967 3939 2162 4004 Ioan-

194 4048 312 4094 nes
362 4028 720 4109 Pistam,
775 4029 860 4095 D.
906 4027 1234 4112 Georgius
1279 4025 1514 4092 Maior.
1605 4027 1710 4090 De
1767 4025 2162 4092 adversariis

195 4122 271 4179 ut
313 4115 725 4204 inquirerem
768 4113 1152 4201 diligentius
1193 4111 1491 4178 nondum
1546 4111 1766 4191 libuit,
1810 4112 1942 4177 nisi
1987 4110 2163 4195 quod

491 4290 614 4298 ..—

216 4403 361 4462 ¹758.
402 4407 466 4473 1)
518 4407 677 4461 Vitas
722 4403 1085 4460 mador-zeus
1127 4419 1173 4457 s.
1219 4401 1536 4458 Theodorus
1578 4400 1890 4470 (Dietn'ch)
1939 4402 2163 4457 Norim-

194 4473 503 4546 ὺενρσηείε,
542 4476 668 4529 olim
704 4475 942 4530 Lutheri
969 4473 1215 4539 famulus
1258 4487 1487 4542 quocum
1526 4470 1768 4539 Goburqi
1800 4477 2164 4526 commoratus

195 4550 276 4598 est
310 4545 450 4599 dum
485 4544 706 4597 comitia
742 4545 1071 4612 Anqustana
1107 4541 1533 4607 celebrabantur,
1576 4555 1724 4593 nunc
1770 4540 1830 4594 V.
1864 4539 1938 4593 D.
1968 4540 2048 4593 M.
2087 4540 2166 4594 ad

199 4611 257 4665 S.
301 4612 534 4668 Sebaldi
567 4613 628 4666 in
661 4613 795 4665 urbe
823 4613 1030 4693 patria,
1067 4617 1238 4663 natus
1274 4607 1409 4662 1506
1446 4609 1580 4663 obiit
1614 4607 1767 4662 1549.
1835 4609 1895 4662 V.
1936 4608 2162 4678 Strobel,

194 4680 399 4737 Naehr.
439 4698 489 4735 v.
531 4682 713 4735 Leben
743 4681 861 4735 Vett
896 4678 1192 4734 Diem-ictis.
1243 4677 1338 4732 m
1376 4675 1563 4730 ‚1772
1617 4677 1828 4731 Bonnet
1860 4679 1923 4731 in
1963 4679 2166 4734 Annot.

197 4750 273 4804 ad
305 4767 456 4805 vers.
492 4751 640 4818 anyl.
674 4750 746 4803 Π.
783 4748 881 4818 25,
915 4751 1061 4802 hunc
1095 4749 1277 4797 virum
1390 4746 1401 4758 ⁸
1439 4747 1638 4798 ericum
1675 4747 1741 4800 de
1786 4744 1946 4800 Weid
1980 4749 2164 4816 appel-

197 4818 292 4886 lat,
324 4821 517 4874 nescio
553 4818 698 4872 unde
730 4825 951 4885 arrepto
985 4818 1177 4885 spurio
1209 4817 1444 4870 nomine.

407 4887 475 4955 2)
517 4887 792 4953 chin-aym
831 4887 1106 4942 laboravit
1147 4900 1318 4953 usque
1361 4884 1440 4938 ad
1472 4888 1718 4948 morton,
1767 4883 1844 4937 ad
1913 4901 2041 4939 uam
2075 4900 2165 4939 eu·

196 4956 442 5081 νωιιέῗηι
484 4955 869 5011 Melane-hilion
914 4955 967 5008 ei
1005 4955 1319 5023 frequenter
1362 4959 1414 5008 et
1460 4953 1661 5008 solatia
1693 4955 1746 5006 et
1778 4967 1860 5005 me
1899 4954 2166 5008 icamenta

195 5027 314 5081 mitt
382 5031 461 5080 at.

408 5093 474 5161 3)
514 5091 901 5148 Melanchthon
943 5089 1307 5145 Ratiebonam
1367 5106 1482 5143 non
1532 5091 1733 5144 missus
1795 5095 1984 5156 sponte
2035 5105 2161 5158 pos-

199 5168 287 5217 tea
321 5165 609 5219 concessit.
668 5160 752 5229 Cf.
793 5160 962 5228 Salia,
995 5161 1122 5215 hist.
1141 5162 1209 5212 A.
1239 5159 1297 5215 0.
1321 5159 1366 5213 Ι.
1386 5157 1492 5212 553
1525 5174 1593 5213 ex
1627 5159 1746 5215 alia
1774 5159 1888 5215 Viti
1918 5159 2164 5226 epistola.

206 5230 290 5298 Cf.
327 5234 502 5288 etiam
536 5230 606 5285 de
637 5230 742 5285 hae
773 5236 966 5284 nostra
1005 5227 1214 5285 Strobel
1246 5228 1280 5282 ζ.
1316 5230 1351 5283 Ζ.
1383 5245 1439 5297 p.
1462 5226 1581 5282 116.

412 5301 478 5368 4)
518 5299 825 5354 Eiehsiddt.

413 5369 481 5438 5)
521 5368 614 5425 Sic
645 5367 765 5423 edd.
797 5383 903 5437 pro
936 5364 1268 5434 Schnepfius.

1873 434 2038 500 1546
2080 430 2549 502 FEBRUAR.

4092 440 4220 504 266

2257 628 2522 690 constat
2556 621 2639 687 de
2672 621 2968 689 auditore
3003 623 3295 689 sordium
3318 621 3639 705 Caesaris,
3659 622 3714 709 ⁶)
3759 623 3840 690 de
3862 622 4218 705 Μαῖυεηάο,

2264 707 2461 775 Pelar
2500 728 2553 788 0,
2594 706 2904 775 Gocmaeo.
2947 709 3292 794 Principes
3330 709 3539 776 nostri
3573 708 3787 776 adhuc
3827 719 3988 776 sunt
4005 711 4219 777 Fran-

2259 792 2440 859 cofor
2489 794 2603 871 'ae,
2648 815 2724 861 ac
2767 802 3032 861 strenue
3075 797 3200 863 hoc
3426 805 3478 873 t,
3527 805 3600 861 ut
3641 795 3870 861 foedus
3915 819 4109 862 suum
4153 808 4221 862 et

2260 881 2654 946 confirment
2695 894 2762 945 et
2804 890 3190 965 propagent.
3324 903 3397 948 oc
3443 892 3665 946 autem
3708 881 3985 965 dignum
4026 881 4220 949 laude

2260 966 2512 1031 factum
2556 974 2686 1045 est,
2730 965 2903 1049 quod
2947 988 3175 1032 omnes
3217 968 3330 1051 qui
3372 989 3492 1050 per
3534 976 3744 1033 totam
3788 966 4220 1037 Germaniam

2263 1051 2679 1135 evangelium
2701 1050 2955 1119 Christi
2981 1052 3269 1137 amplexi
3305 1062 3462 1119 sunt
3493 1053 3885 1138 pollicentur
3920 1054 4219 1137 episcopo

2267 1135 2622 1203 Coloniensi
2665 1138 2987 1203 auxilium
3005 1188 3021 1214 ,
3074 1139 3132 1204 si
3223 1147 3443 1221 ropter
3484 1139 3866 1223 religionem
3908 1161 4060 1204 eum
4103 1161 4219 1224 op·

2263 1229 2516 1306 pugnet
2596 1220 2861 1289 Caesar.
2963 1223 3070 1289 De
3194 1224 3524 1290 ridentino
3589 1225 3866 1292 concilio
3930 1234 4088 1308 puto
4153 1234 4220 1291 te

2264 1309 2485 1373 omnia
2526 1328 2742 1374 nosse.
2801 1308 2989 1374 Bene
3026 1309 3179 1375 vale
3220 1310 3293 1375 in
3337 1311 3642 1388 Domin0,
3689 1320 3772 1391 et,
3818 1309 3990 1393 quod
4031 1332 4218 1393 pera-

2260 1405 2523 1459 manter
2558 1414 2736 1478 rog0,
2783 1394 3067 1461 rescribe
3103 1417 3376 1479 quoque.
3437 1396 3585 1462 Hoc
3624 1417 3833 1480 paene
3866 1396 4216 1465 exciderat.

2263 1479 2438 1563 Legi
2494 1480 2986 1547 conciunculam
3043 1491 3222 1546 tuam
3281 1481 3362 1546 de
3418 1491 3825 1549 sacramento
3880 1502 4139 1562 coenae,
4161 1486 4218 1559 ⁷)

2263 1586 2339 1632 ac
2382 1566 2586 1648 probo
2630 1565 2804 1649 quod
2848 1586 3088 1650 panem
3134 1576 3202 1633 et
3242 1567 3473 1634 vinum
3518 1569 3610 1634 sic
3655 1568 3844 1653 signa
3887 1588 4100 1647 vocas,
4145 1576 4222 1633 ut

2262 1651 2526 1735 signata
2566 1671 2802 1718 revera
2842 1651 3089 1718 adsint:
3153 1654 3413 1720 utinam
3470 1655 3726 1739 possint
3767 1675 3806 1719 a
3848 1661 3915 1719 te
3958 1654 4029 1719 in
4072 1675 4221 1719 eam

2263 1737 2661 1803 sententiam
2684 1737 2917 1804 deduci
2953 1740 3069 1821 qui
3103 1739 3283 1806 nuda
3317 1748 3577 1806 tantum
3600 1741 3791 1826 signa
3813 1739 4215 1823 relinquunt.

2263 1823 2523 1888 Iterum
2566 1822 2743 1974 ἶὲΙθὸ
2821 1822 3039 1891 Datae
3081 1824 3486 1912 Noribergae
3542 1826 3857 1912 postridie
3898 1825 4219 1893 Purifica-

2264 1909 2481 1974 tionis.
2661 1916 2699 1973 4
2749 1959 2764 1974 .

2720 2408 2733 2423 .
3173 2352 3324 2421 759.

2752 2503 3252 2573 FARELLUS
3300 2503 3737 2573 CALVINO.

2440 2673 2758 2760 Ambayes
2820 2680 2877 2740 et
2940 2678 3135 2743 tricae
3213 2678 3382 2744 circa
3449 2678 3798 2762 eliyendum
3868 2676 4218 2760 Capaneuli

2263 2782 2690 2840 successorem,
2731 2781 2925 2843 quum
2966 2782 3090 2827 non
3132 2762 3332 2829 solum
3366 2764 3441 2828 de
3470 2784 3750 2846 persona
3785 2784 4000 2828 verum
4032 2765 4221 2829 etiam

2264 2848 2342 2915 cle
2381 2850 2523 2913 iure
2564 2849 2704 2932 ipso
2746 2846 3057 2913 electionis
3115 2847 3411 2933 litiyetur,
3468 2850 3632 2931 quod
3682 2848 3805 2914 sibi
3848 2851 4005 2915 tales
4046 2871 4223 2917 arro-

2257 2939 2415 3019 9ant
2456 2934 2569 3016 qui
2610 2932 2893 2999 ccclesiae
2934 2935 3314 3000 commodum
3369 2936 3629 3000 minime
3669 2940 3911 3001 curant.
4000 2935 4223 3001 Etiam

2264 3019 2479 3087 schola
2519 3023 2811 3106 acyrotat.

2262 3192 2375 3263 (Ex
2424 3192 2761 3261 autographo
2806 3191 2950 3245 Bibl.
2990 3197 3269 3315 {morffim
3297 3192 3766 3328 1glegcpmensium
3780 3235 3795 3263 ‚
3843 3193 3983 3264 Epp.
4020 3194 4223 3248 Farelli

2263 3433 2599 3501 Ecclesiae
2641 3431 2893 3500 Christi
2936 3454 3102 3516 quae
3145 3440 3245 3499 est
3289 3432 3599 3499 Genevae
3641 3435 3892 3516 pastori
3933 3434 4222 3519 vigilan-

2434 3519 2689 3585 tissimo
2743 3519 2981 3585 Ioanni
3040 3518 3320 3586 Calvino
3382 3519 3530 3586 viro
3597 3529 3665 3585 et
3725 3519 4096 3586 doctissimo
4155 3528 4225 3587 et

2436 3626 2658 3706 supra⁸
2693 3603 2964 3672 modum
3020 3606 3129 3689 pio
3184 3605 3375 3671 fratri
3432 3614 3499 3670 et
3556 3615 3963 3691 symmystae
4020 3628 4221 3690 quam

2436 3712 2772 3759 carissimo

3577 3774 3909 3842 Genevae.

2439 3915 2511 3981 S.
2594 3912 2674 3980 Si
2716 3912 3035 3979 Erasmus
3061 3916 3109 3991 ¹)
3152 3933 3289 3978 non
3331 3922 3470 3979 tam
3516 3934 3660 3979 sero
3702 3913 3871 3980 istuc
3910 3914 4221 3995 venisset,

2266 4023 2400 4068 non
2464 4003 2560 4066 ita
2623 3999 2889 4066 lusisset
2952 4019 3219 4082 operam
3282 3999 3462 4064 filius
3537 3999 3881 4065 Theobaldi
3941 4001 4223 4082 pastoris

2266 4088 2443 4172 apud
2506 4085 2595 4152 D.
2649 4087 2930 4151 Petrum
2993 4088 3627 4169 Argentoratensem
3642 4136 3659 4164 ‚
3684 4088 3738 4165 2)
3818 4105 4027 4168 quum
4089 4083 4223 4151 huc

2196 4225 2202 4232 .
2266 4194 2584 4259 quaerero
2662 4171 2945 4237 voluerit
3022 4172 3441 4255 gymnasium
3520 4171 3763 4237 rectius
3840 4171 4222 4238 institutum

2266 4280 2468 4345 quam
2532 4258 2622 4324 sit
2685 4257 2837 4323 istic
2851 4308 2867 4335 ,
2936 4277 3141 4339 quum
3204 4255 3401 4340 longe
3464 4257 3654 4340 peius
3706 4256 3962 4320 habeat.
4047 4257 4223 4322 Nam

2265 4347 2478 4412 hostis
2541 4345 2915 4421 literarum,
2970 4343 3102 4407 imo
3166 4341 3420 4407 Christi
3439 4393 3453 4418 ,
3513 4363 3749 4426 parum
3813 4341 3997 4408 abest
4059 4343 4223 4423 quin

2265 4432 2458 4515 plene
2501 4428 2677 4515 quod
2718 4430 2900 4513 cupit
2942 4427 3298 4495 obtinuerit
3338 4429 3413 4492 in
3452 4427 3880 4512 profligandis
3923 4427 4223 4494 omnibus

2268 4539 2439 4602 quae
2483 4517 2566 4581 ad
2610 4516 2923 4600 pietatem
2986 4516 3256 4581 faciunt.
3349 4513 3497 4580 Dici
3562 4536 3695 4580 non
3756 4523 3972 4597 potest
4026 4533 4224 4595 quam

2282 4880 2295 4892 ο
2424 4879 2434 4891 ο
2476 4808 2538 4873 6)
2579 4807 2645 4862 δι’
2676 4808 2815 4878 quid
2834 4806 3092 4891 ‘videmus
3121 4822 3222 4874 per
3257 4806 3561 4859 auditorem
3596 4802 4224 4885 sordiumcconfessorem

2263 4878 2940 5018 :etfama
2983 4891 3221 5000 aa:
3241 4882 3353 4998 ἐκεῖ·
3382 4874 4224 5022 amassem:

2300 5084 2440 5139 ⁷59·
2478 5015 2538 5149 R
2576 5015 2822 5138 ffbggtgs
2854 5015 2923 5070 de
2955 5029 3125 5070 coena
3159 5031 3210 5068 a.
3248 5011 3385 5066 1545
3419 5014 3587 5067 latine
3619 5025 3810 5067 versus
3837 5009 4140 5079 prodoerat.

2474 5154 2537 5219 2)
2584 5152 2774 5208 ΤΙισοὸ.
2815 5152 2991 5219 Niger
3023 5151 3291 5219 (Diebold
3330 5148 3608 5215 Schwarz)
3651 5147 4048 5216 Hayenoenais,
4095 5147 4224 5200 olt'vn

2266 5223 2582 5289 monachus,
2619 5224 2688 5277 ab
2723 5237 2775 5276 a.
2807 5219 2946 5274 1524
3017 5227 3171 5275 asto?
3205 5220 3282 5274 ad
3318 5219 3371 5271 S.
3394 5218 3550 5271 Petri
3580 5220 3792 5271 veteris.
3843 5215 3979 5270 Vide
4012 5214 4120 5268 Ad.
4136 5213 4222 5268 W.

2274 5291 2489 5347 Strobel
2500 5335 2514 5360 ,
2564 5290 2753 5347 Gesch.
2789 5290 2888 5343 der
2984 5289 3133 5344 irche
3178 5304 3303 5343 eum
3338 5288 3503 5342 Alton
3540 5283 3596 5341 S.
3635 5285 3810 5341 Peter.
3885 5282 4030 5352 Stry.
4069 5281 4223 5338 1824.

2265 5377 2321 5431 p.
2361 5360 2428 5414 12
2463 5376 2602 5430 seqq.
2675 5358 2935 5424 Rom-ich,
2963 5359 3195 5427 passim.
