4825 6175
205 481 303 544 281

199 665 384 731 Valde
424 666 598 730 enim
644 662 1011 743 dubitatur,
1066 666 1438 749 multaeque
1491 674 1647 731 sunt
1704 667 2112 732 eonieeturae

197 774 312 819 non
351 751 569 816 futura
611 759 730 817 eto.
819 750 1145 818 Dominus
1201 772 1320 816 sua
1375 751 1665 817 bonitate
1710 762 1775 817 et
1818 751 2004 817 vebis
2047 760 2112 817 et

194 838 358 904 nobis
390 857 463 903 ae
500 840 620 902 toti
655 858 812 902 suae
848 837 1154 903 ecelesiae
1188 837 1569 921 prospiciat:
1614 838 1852 920 alioqui
1890 839 2114 922 magni

194 932 389 1072 metug
421 931 488 987 et
521 924 917 988 mutationes
953 931 1353 1006 spectantur,
1389 933 1584 1006 atque
1609 922 1874 989 interim
1898 926 2113 989 Turea

189 1030 308 1075 non
390 1009 600 1074 ermit.

945 1217 1352 1226 -————————-—-

1069 1435 1222 1506 766.

664 1588 1016 1656 OALVIN
1057 1591 1122 1655 A
1164 1587 1626 1655 FRELLON.

332 1761 385 1826 Ι
388 1763 413 1827 l
459 1762 556 1827 lui
598 1762 788 1845 parte
829 1762 983 1827 d’tm
1025 1761 1280 1842 repense
1321 1760 1476 1841 qu’il
1516 1782 1558 1825 a
1596 1760 1752 1842 faite
1794 1760 1838 1825 ὰ
1884 1759 2109 1841 Servet,

174 1868 316 1914 sans
369 1850 577 1932 espoir
629 1848 706 1912 de
760 1846 818 1912 le
872 1866 1160 1912 ramener
1217 1846 1260 1911 ὰ
1303 1847 1409 1911 des
1449 1847 1620 1912 idees
1664 1846 1821 1928 plus
1874 1847 2105 1912 satnes.

170 1931 1546 2021 Desormaiseependantilemendnepas
1598 1933 1918 1998 continuer-
1968 1937 2112 1998 cette

169 2021 702 2103 correspondance.

166 2190 500 2260 (d’Artigny‚
545 2206 827 2243 neuveaux
873 2188 1164 2242 memnii-es
1209 2189 1486 2243 d’histoire
1502 2230 1517 2254 ,
1562 2190 1632 2243 de
1667 2190 1900 2259 critique
1946 2195 2005 2242 et
2038 2189 2110 2242 de

165 2259 491 2314 litterature.
539 2259 601 2311 P.
637 2256 788 2311 1749.
826 2257 887 2311 Τ.
924 2257 998 2310 11.
1032 2273 1088 2327 p.
1130 2256 1209 2312 70.
1278 2258 1565 2326 Mesheim,
1599 2258 1965 2313 Neehriehten
2001 2275 2106 2311 von

162 2329 232 2385 M.
268 2329 518 2384 Sei-vete.
577 2327 802 2380 Helmst.
850 2322 1003 2379 1750.
1045 2344 1098 2397 p.
1133 2325 1217 2380 89.
1291 2328 1529 2393 Bennet,
1580 2328 1771 2381 lettres
1807 2328 1872 2379 fr.
1910 2326 1951 2380 1.
1990 2324 2106 2379 139.

41 2400 42 2405 ’
162 2396 343 2468 Hem-y
377 2398 482 2451 ΙΙΙ.
520 2394 635 2450 132.
705 2395 919 2450 Oalvini
954 2394 1093 2466 Opp.
1132 2396 1216 2449 ed.
1258 2400 1475 2450 nostrae
1520 2397 1669 2450 Tem.
1712 2395 1859 2449 VIII.
1897 2411 1952 2465 p.
1988 2394 2106 2450 833.

412 2465 744 2519 Traduetien
778 2463 1033 2533 anglaise,
1069 2464 1197 2518 edit.
1233 2464 1604 2536 d’Edinbourg
1634 2466 1702 2520 11.
1741 2463 1850 2533 16.)

155 2656 216 2718 A
250 2651 406 2720 Sire
441 2652 653 2718 Iehan
688 2652 964 2718 Frellon
998 2650 1370 2719 Marchand
1411 2652 1678 2719 libr-aire
1725 2654 2110 2719 demeurant

323 2739 472 2891 {GL
522 2761 606 2805 en
632 2737 866 2908 canali}
885 2759 1004 2803 rue
1059 2739 1372 2804 mereiere
1415 2738 1747 2823 Enseigne
1789 2739 1870 2805 de
1910 2738 2107 2805 l‘eseu

325 2959 664 3045 Seigneur
714 2959 926 3025 Iehan
943 3011 959 3038 ,
1014 2981 1257 3044 pom-ee
1314 2980 1441 3043 que
1491 2980 1614 3026 vos
1667 2964 1895 3028 lettres
1959 2962 2108 3028 der-

151 3048 367 3114 nieres
407 3067 519 3113 me
562 3047 785 3112 furent
826 3055 1167 3130 appertees
1222 3068 1335 3113 sur
1391 3068 1548 3112 mon
1601 3056 1999 3131 partement,
2045 3050 2108 3114 ie

41 3181 42 3186 η
150 3139 334 3200 n’eus
394 3154 520 3217 pas
575 3132 756 3198 loisir
810 3131 891 3198 de
944 3135 1107 3198 faire
1162 3153 1469 3216 response
1528 3140 1570 3198 a
1613 3154 1687 3200 oe
1744 3136 1855 3218 qui
1912 3136 2107 3202 estoit

149 3220 369 3286 enelos
428 3217 696 3286 dedans.
782 3217 1035 3301 Depuis
1091 3240 1248 3285 mon
1300 3228 1549 3298 reteur,
1576 3218 1624 3304 ι)
1680 3241 1766 3286 au
1820 3221 2104 3305 premier

149 3304 331 3371 leisir
377 3327 514 3390 que
554 3305 680 3390 i'ay
721 3325 824 3383 eu,
868 3307 994 3389 i'ay
1033 3305 1183 3369 bien
1222 3305 1417 3371 veulu
1453 3305 1776 3372 satisfaire
1811 3313 1852 3371 a
1887 3315 2106 3374 vostre

150 3391 354 3458 desir:
420 3412 557 3456 non
599 3391 802 3474 point
825 3409 950 3473 que
991 3392 1163 3476 i'aye
1205 3389 1416 3475 grand
1458 3396 1672 3475 espeir
1715 3392 1796 3458 de
1837 3396 2107 3476 profiter

151 3498 390 3561 gueres
437 3497 676 3542 envers
719 3475 812 3541 tel
853 3475 1148 3557 homme,
1206 3477 1385 3542 selon
1429 3499 1554 3560 que
1591 3480 1653 3543 ie
1696 3479 1757 3543 le
1802 3501 1931 3564 voy
1976 3479 2105 3545 dis·

146 3572 337 3647 pose:
380 3564 553 3630 mais
593 3569 635 3627 a
677 3563 769 3628 fin
815 3561 1144 3649 d’essayer
1181 3584 1381 3629 eneer
1414 3564 1515 3629 s’il
1633 3585 1796 3630 aura
1828 3565 2107 3649 quelque

146 3670 389 3735 moyen
439 3648 523 3714 de
563 3647 629 3713 le
672 3647 968 3727 reduire,
1022 3650 1133 3732 qui
1176 3669 1326 3714 sera
1365 3670 1540 3731 quan
1627 3652 1802 3716 Dieu
1847 3673 2008 3717 aura
2050 3653 2107 3717 si

145 3735 299 3800 bien
368 3737 662 3818 besegne
729 3753 814 3798 en
876 3737 995 3819 luy
1063 3735 1215 3817 qu’il
1283 3733 1601 3801 devienne
1667 3745 1809 3803 tout
1873 3737 2102 3803 aultre.

143 3820 407 3886 Pouree
432 3820 596 3902 qu’il
631 3821 900 3886 m'avoit
933 3822 1129 3888 escrit
1162 3819 1315 3886 d’un
1349 3822 1593 3904 esperit
1625 3830 1774 3888 tant
1808 3825 2104 3907 superbe,

145 3906 204 3970 ie
246 3908 372 3992 luy
421 3928 513 3990 ay
554 3904 704 3971 bien
748 3907 951 3972 veulu
1011 3906 1313 3973 rabbatre
1365 3927 1458 3972 un
1504 3909 1669 3991 petit
1711 3908 1792 3974 de
1836 3930 1955 3975 son
2000 3931 2104 3975 or-

143 3994 340 4076 gueil,
380 3992 655 4076 pal-lant
689 4000 731 4058 a
763 3992 878 4080 luy
915 3993 1063 4075 plus
1092 3991 1443 4057 durement
1476 4015 1601 4076 que
1635 4015 1748 4059 ma
1767 4003 2105 4061 eoustume

142 4099 225 4142 ne
269 4089 491 4161 porte.
548 4079 719 4144 Mais
754 4078 815 4141 ie
849 4100 934 4144 ne
967 4078 1098 4164 l'ay
1134 4099 1261 4161 peu
1297 4079 1461 4144 faire
1497 4079 1910 4146 aultrement.
1973 4081 2106 4147 Car

139 4164 198 4229 ie
241 4187 419 4230 vous
467 4184 730 4230 asseure
819 4165 933 4231 u’il
977 4166 1088 4250 n'y
1133 4185 1173 4228 a
1212 4165 1398 4248 leqon
1457 4167 1568 4248 qui
1623 4165 1692 4231 lu
1786 4167 1914 4232 seit
1953 4167 2103 4250 plus

139 4251 522 4317 neeesse-ire
587 4271 712 4333 que
821 4250 1209 4335 ’apprendre
1274 4250 1593 4315 humilite.
1740 4273 1776 4316 e
1820 4254 1933 4336 qui
1986 4253 2104 4337 luy

137 4335 430 4401 viendra
477 4335 558 4402 de
598 4335 889 4418 l'esperit
930 4336 1011 4403 de
1053 4335 1228 4401 Dieu
1243 4387 1257 4414 ‚
1316 4358 1451 4401 non
1496 4336 1839 4403 d'ailleurs.
1931 4340 2103 4404 Mais

137 4443 307 4487 nous
354 4445 408 4508 y
457 4421 704 4488 devons
757 4424 935 4488 aussi
990 4423 1166 4487 tenir
1205 4422 1272 4487 la
1312 4423 1509 4488 main.
1599 4421 1676 4488 si
1721 4425 1892 4489 Dieu
1935 4446 2103 4489 nous

137 4507 295 4573 faiet
353 4516 540 4576 eeste
597 4529 823 4595 grace,
881 4517 923 4575 a
963 4508 1084 4593 luy
1125 4517 1193 4572 et
1236 4516 1276 4574 a
1320 4530 1484 4574 neus
1527 4529 1651 4591 que
1693 4510 1759 4574 la
1802 4523 2103 4593 presente

137 4614 470 4677 response
521 4594 638 4680 luy
690 4597 954 4678 profite,
1010 4595 1263 4679 i'auray
1319 4594 1400 4659 de
1454 4616 1624 4678 quoy
1681 4617 1788 4661 me
1842 4598 2104 4662 reiouir.

138 4677 260 4745 S’il
308 4680 624 4764 poursuit
665 4681 822 4746 d’un
864 4680 957 4746 tel
992 4680 1164 4765 style
1200 4700 1450 4745 eomme
1482 4681 1532 4744 il
1567 4701 1606 4745 a
1637 4681 1794 4747 faiot
1826 4683 2106 4747 mainte-

136 4779 340 4844 nant‚
413 4786 589 4833 vous
651 4767 919 4850 perdres
975 4778 1187 4850 temps
1244 4773 1287 4831 a
1343 4787 1449 4830 me
1504 4767 1654 4849 plus
1709 4768 2019 4834 solliciter
2064 4777 2105 4834 a

139 4851 499 4917 travailler
542 4873 779 4920 envers
823 4854 960 4938 luy,
1015 4874 1127 4918 ear
1167 4853 1297 4937 i’ay
1343 4850 1648 4918 d'aultres
1692 4853 1949 4919 affaires
1992 4854 2104 4938 qui

160 5123 303 5178 766.
347 5124 412 5184 1)
461 5125 672 5178 Comme
712 5122 906 5180 Calvin
941 5125 1035 5179 n'a
1079 5140 1185 5194 pas
1229 5125 1340 5189 fait
1373 5125 1439 5178 de
1476 5123 1667 5195 lonyue
1702 5128 1924 5180 absence
1959 5126 2103 5182 dans

141 5209 229 5247 ces
264 5194 528 5248 derniers
561 5200 746 5262 temps,
779 5201 908 5249 cette
941 5210 1132 5248 excuse
1165 5192 1299 5248 n'est
1331 5190 1681 5249 evidemment
1712 5196 1909 5264 qu'une
1936 5197 2106 5264 sapon

138 5262 203 5317 de
232 5264 453 5330 parler.
504 5261 581 5316 Et
617 5280 812 5316 comme
845 5280 901 5316 ce
934 5263 1099 5316 meme
1122 5263 1260 5330 jour
1298 5263 1340 5316 il
1366 5264 1523 5331 parle
1547 5266 1584 5318 ὰ
1604 5263 1776 5318 Farel
1810 5264 1874 5318 de
1909 5267 2105 5320 l’envoi

139 5331 205 5384 de
231 5332 432 5386 Ser-vet
468 5331 568 5398 (N.
589 5330 711 5396 767)
750 5349 946 5386 comme
981 5331 1111 5386 d'un
1141 5333 1253 5399 fait
1288 5327 1483 5402 re'cent,
1517 5334 1560 5387 il
1581 5342 1658 5386 est
1678 5335 1869 5388 inutile
1892 5334 2103 5390 d’avoir

139 5417 367 5456 κωκυ-ε
404 5401 446 5455 ὰ
480 5417 558 5455 un
591 5417 793 5471 voyaye
826 5398 1117 5456 anterieur.

1829 481 1993 543 1546
2037 476 2502 547 FEBRUAB.

4033 476 4158 541 282

2214 681 2319 724 me
2361 666 2663 743 pressent
2705 658 2787 724 de
2828 659 2976 744 plus
3021 669 3191 743 pres.
3278 660 3371 724 Et
3413 659 3609 726 ferois
3663 660 4034 728 eonseienoe
4078 660 4161 728 de

2211 749 2349 828 m’y
2394 745 2542 830 plus
2584 767 2882 829 ooouper,
2941 768 3022 811 ne
3069 746 3388 811 doubtant
3444 766 3560 829 pas
3614 768 3738 828 que
3779 768 3852 812 ee
3896 770 3979 812 ne
4022 747 4162 813 fust

2214 852 2308 895 un
2365 831 2601 896 sathan
2657 853 2823 915 pour
2871 854 2980 897 me
3035 831 3340 897 distraire
3399 830 3514 896 des
3571 832 3815 898 aultres
3879 833 4160 901 leetures

2214 916 2365 1000 plus
2405 917 2619 982 utiles.
2666 918 2759 983 Et
2799 926 3115 1002 pourtant
3155 919 3218 983 ie
3262 937 3425 983 vous
3468 939 3632 1002 prye
3677 916 3756 983 de
3801 940 3963 984 vous
4008 942 4159 985 eon-

2215 1011 2435 1067 tenter
2488 1002 2568 1068 de
2612 1025 2685 1069 ee
2729 1025 2854 1086 que
2910 1005 3040 1069 i’en
3095 1025 3180 1088 ay
3239 1002 3420 1068 faiot:
3477 1004 3533 1069 si
3576 1025 3737 1069 vous
3790 1005 3899 1090 n’y
3958 1027 4158 1090 voyez

2216 1088 2516 1153 meilleur
2581 1089 2789 1153 ordre.
2876 1087 3222 1172 Surquoy,
3303 1097 3492 1171 apres
3554 1091 3820 1154 m’estre
3885 1090 3964 1156 de
4030 1093 4161 1157 ben

2216 1194 2413 1238 eeeur
2457 1174 2910 1240 reeommande
2954 1182 2996 1240 a
3038 1195 3220 1255 vous,
3264 1175 3326 1239 ie
3368 1195 3533 1258 prye
3576 1187 3799 1240 nostre
3835 1177 3961 1241 bon
3984 1177 4160 1243 Dieu

2215 1280 2377 1324 vous
2421 1261 2604 1327 aveir
2660 1281 2745 1327 en
2795 1283 2869 1327 sa
2913 1259 3130 1345 garde.
3220 1259 3315 1326 Oe
3358 1258 3476 1344 xiij
3524 1260 3605 1326 de
3646 1261 3927 1327 Fevrier
3978 1268 4155 1328 1546.

2907 1395 3148 1463 Vestro
3191 1395 3517 1463 serviteur
3559 1404 3627 1461 et
3668 1399 3879 1463 entier
3919 1420 4073 1484 amy

3113 1481 3389 1549 Oharles
3429 1480 3826 1565 Despeville.
3842 1485 3897 1568 ²)

2982 1811 3389 1820 ——————-—-

3106 2061 3255 2135 767.

2658 2187 3129 2283 oALleth
3173 2217 3636 2285 FARELLO.
3664 2222 3714 2299 1)

2386 2385 2563 2452 Haeo
2624 2407 2860 2469 quoque
2922 2388 3197 2453 maxim
3273 2388 3360 2454 ad
3418 2391 3725 2474 neyotium
3787 2391 4051 2474 eziqendi
4115 2414 4159 2459 a

2216 2471 2730 2539 Neocomemibus
2794 2474 3074 2538 ministri
3137 2480 3387 2556 emetat,
3454 2477 3526 2541 in
3588 2496 3766 2557 quem
3824 2477 4013 2558 finem
4071 2479 4160 2544 iis

2209 2558 2632 2623 documentum
2687 2560 3053 2624 transmittit
3094 2581 3137 2624 a
3167 2560 3529 2644 pastoribus
3587 2560 3850 2627 Senatui
3904 2565 4156 2629 traden-

2209 2644 2377 2794 dulm.
2444 2643 2681 2744 §ferveti
2723 2645 2957 2711 deliria
3000 2649 3057 2709 et
3094 2646 3161 2709 in
3205 2667 3344 2712 eum
3385 2647 3608 2713 minae.
3667 2646 3844 2714 Petri
3865 2649 4159 2715 Ameaux

2209 2749 2281 2794 ca
2307 2750 2572 2795 ammae.

2212 2902 2317 2968 (Ex
2355 2900 2693 2970 autographo
2728 2899 2859 2954 Ood.
2893 2900 3070 2954 Paris.
3106 2901 3304 2972 Dupuy
3332 2902 3451 2970 102,
3475 2902 3566 2956 fol.
3588 2902 3637 2958 3.
3682 2904 3851 2958 Inseri
3894 2904 3971 2957 tio
4007 2905 4157 2959 nulla

2209 2971 2378 3023 adest.
2454 2970 2521 3023 In
2556 2986 2672 3022 mar
2712 2970 2798 3022 'ne
2833 2970 2940 3022 alia
2972 2986 3163 3024 manus
3210 2971 3445 3026 addidit:
3481 2972 3701 3027 Farene
3736 2972 3767 3026 1
3873 3013 3887 3027 .
3958 2974 4157 3028 Exstat

2210 3054 2425 3179 010333
2469 3039 2535 3178 3
2562 3038 2661 3161 30
2683 3037 3913 3183 003.3333..3<¹1331133
4042 3043 4160 3180 31¹·

2381 3294 2453 3362 S.
2543 3297 2646 3361 De
2687 3296 3000 3362 fratribus
3057 3298 3278 3380 quiete
3334 3319 3511 3364 nune
3567 3300 3790 3364 animo
3835 3300 3967 3365 eris
4008 3309 4159 3383 post

2208 3390 2506 3466 aeoeptas
2574 3380 2833 3449 Claudii
2894 3382 3139 3448 literas.
3160 3382 3219 3467 2)
3303 3383 3605 3449 Nuneius
3667 3385 3780 3468 qui
3844 3386 4158 3452 attulerat

2208 3490 2410 3552 quum
2456 3490 2496 3533 a
2530 3468 2838 3535 ooneione
2879 3468 3162 3535 redirem
3204 3479 3355 3553 post
3397 3469 3626 3536 heram
3659 3492 3923 3549 nonam,
3962 3493 4156 3557 roga-

2209 3556 2309 3618 vit
2349 3575 2437 3619 an
2480 3574 2665 3619 meae
2709 3563 2928 3620 essent
2984 3563 3266 3638 paratae.
3353 3553 3642 3640 Negavi,
3704 3555 3820 3623 sed
3871 3558 4036 3623 iussi
4078 3566 4158 3623 ut

2210 3639 2387 3706 demi
2431 3660 2616 3706 meae
2660 3640 3012 3723 pranderet
3052 3662 3203 3707 oum
3247 3662 3467 3708 uxore.
3542 3643 3749 3708 Eram
3794 3644 3971 3708 enim
4015 3645 4155 3727 ipse

2208 3727 2529 3793 invitatus
2564 3748 2604 3791 a
2638 3725 2945 3792 Mam-ine.
2966 3729 3020 3804 Β)
3082 3725 3328 3793 Statim
3372 3747 3413 3791 a
3455 3726 3727 3809 prandio
3770 3729 4156 3796 adfuturum

2209 3833 2314 3877 me
2356 3812 2626 3896 promisi
2669 3819 2746 3877 ut
2786 3812 3011 3895 paueis
3053 3811 3531 3898 responderem.
3597 3812 3749 3879 Non
3792 3817 3994 3895 venit,
4040 3815 4157 3882 sed

2209 3907 2542 3963 memento
2586 3919 2657 3962 se
2698 3898 3024 3982 preripuit
3078 3906 3153 3964 ut
3195 3910 3528 3982 stuperem
3584 3911 3721 3964 tam
3765 3901 3979 3966 subito
4022 3902 4153 3968 dis·-

2208 4003 2414 4049 eessu.
2505 3984 2598 4049 Et
2639 3991 2863 4049 tamen
2905 3985 3092 4050 visus
3150 3984 3312 4049 mihi
3354 3985 3573 4050 fuerat
3613 3987 3874 4052 iuvenis
3916 3987 4155 4071 alioqui

2207 4091 2339 4134 nen
2405 4069 2637 4134 malus.
2729 4069 3002 4136 Utinam
3066 4071 3355 4153 eegitent
3415 4071 3675 4154 fratres,
3740 4072 3866 4138 sibi
3929 4095 4155 4158 omnes

2208 4155 2631 4221 difficultates
2672 4156 2773 4220 ita
2806 4153 3102 4238 expediri
3135 4157 3267 4220 Dei
3307 4176 3526 4235 manu,
3571 4177 3697 4239 que
3740 4159 3932 4222 eitius
3974 4159 4155 4224 festi-

2206 4250 2384 4306 nent.
2475 4241 2628 4305 Non
2690 4244 2978 4324 oportuit
3032 4261 3283 4307 oessare
3339 4241 3675 4307 Israelitas
3727 4265 3928 4325 quum
3970 4253 4153 4327 pate-

2203 4325 2418 4393 faetus
2459 4327 2591 4392 illis
2631 4335 2805 4392 esset
2846 4328 3063 4392 exitus
3079 4379 3097 4407 ,
3142 4327 3299 4409 quin
3344 4348 3498 4392 mox
3542 4327 3623 4393 ad
3668 4328 3895 4413 fugam
3938 4351 4009 4395 se
4047 4351 4153 4396 ae-

2207 4413 2559 4497 eingerent.
2651 4412 2799 4479 Hoo
2856 4414 3087 4478 fuisset
3136 4413 3448 4495 epistolae
3503 4422 3970 4498 argumentum
4025 4417 4152 4480 nisi

2411 4718 2472 4784 2)
2512 4719 2674 4773 Nous
2719 4731 2891 4771 avons
2940 4714 3123 4772 inse're
3174 4718 3253 4774 ies·
3293 4724 3421 4772 cette
3465 4721 3617 4774 lettre
3661 4720 3891 4790 quoique
3932 4721 4027 4774 elle
4071 4723 4156 4777 ait

2209 4788 2338 4856 ddja
2368 4785 2452 4842 e'te‘
2485 4783 2766 4856 imprime'e
2799 4786 2944 4841 dans
2978 4787 3025 4841 le
3071 4787 3134 4840 Τ.
3165 4785 3323 4868 ῨΙῌ
3366 4788 3462 4842 des
3503 4788 3768 4858 OeuvreS,
3810 4790 4155 4860 uniquement

2203 4874 2347 4927 pour
2381 4852 2573 4911 reunir
2606 4862 2721 4910 tout
2757 4872 2814 4909 ce
2920 4856 2946 4908 i
2976 4861 3054 4910 est
3087 4856 3273 4910 e'mane
3310 4856 3376 4909 de
3417 4857 3609 4911 Calvin
3644 4856 3925 4911 lui-meme.
4001 4860 4154 4914 Pour

2207 4932 2380 4980 tontes
2426 4926 2500 4979 les
2545 4931 2732 4979 autres
2786 4927 2851 4991 pi
2879 4940 2962 4978 ces
3007 4924 3074 4978 de
3116 4940 3175 4979 ce
3214 4940 3382 4993 qenre
3426 4925 3677 4979 relatives
3733 4941 3808 4978 au
3848 4928 4042 4995 proces
4087 4929 4153 4983 de

2212 4994 2396 5048 Servet
2429 5011 2565 5048 nous
2600 5009 2903 5063 renveyons
2936 5009 3036 5048 nos
3070 4993 3298 5048 lecteurs
3332 4995 3369 5047 ὰ
3401 4992 3653 5048 l'endreit
3685 4991 3924 5064 indique.

2239 5061 2378 5117 767.
2416 5062 2475 5126 1)
2516 5062 2737 5116 Farello
2783 5063 2925 5116 hane
2968 5063 3201 5116 inscribi
3233 5061 3443 5126 debere,
3493 5068 3542 5115 et
3587 5079 3699 5117 non
3742 5064 3921 5119 Vireto
3954 5072 4016 5120 ut
4049 5065 4150 5119 ali-

2206 5149 2331 5203 quus
2365 5147 2432 5185 ea·
2467 5131 2686 5186 Bolseci
2725 5132 2850 5185 Vita
2890 5130 3110 5185 Caluini
3150 5133 3248 5201 qui
3280 5147 3396 5183 eam
3432 5131 3630 5196 alleqat
3663 5134 3924 5187 conticere
3953 5140 4153 5204 posset,

2197 5208 2349 5270 patet
2387 5215 2468 5323 lea:
2523 5201 2738 5255 Farelli
2786 5215 3136 5268 respon-etone
3188 5199 3341 5263 infra
3388 5198 3466 5254 N.
3503 5198 3618 5252 773.
3705 5200 3982 5257 Caeterum
4028 5203 4151 5258 vide

2203 5275 2311 5325 not.
2348 5285 2386 5322 u
2410 5278 2447 5322 t.

2409 5337 2471 5398 2)
2516 5337 2587 5391 Ν.
2623 5335 2741 5391 759.
2778 5335 2895 5390 761.

2409 5405 2470 5472 3)
2512 5406 2586 5461 Ν.
2622 5404 2739 5458 742.
