4825 6175
190 433 304 498 553

185 641 338 706 pour
375 620 641 687 resister
683 641 725 685 a
764 624 983 686 toutes
1040 617 1423 698 tentatione,
1482 624 1553 684 et
1593 638 1761 684 vous
1800 637 2114 702 augmen-

185 714 321 773 tant
365 727 446 772 en
489 711 637 771 tout
677 704 829 770 bien
873 726 913 771 a
956 726 1074 771 son
1117 705 1387 770 honour.
1476 704 1573 769 Et
1603 722 1843 788 pource
1885 722 2010 787 que
2051 699 2116 767 le

185 800 379 858 terme
420 789 501 858 de
541 789 1040 857 Madamoiselle
1082 790 1427 874 approche,
1470 809 1639 854 nous
1681 808 1922 854 aurens
1964 808 2116 853 sou-

183 896 461 944 venauce
504 876 585 942 110
640 897 844 961 pryer
903 895 1073 959 pour
1126 896 1202 941 sa
1251 875 1472 941 bonne
1522 873 1910 941 delivrance.
1999 873 2120 937 Ma

183 963 406 1028 femme
457 982 531 1028 se
585 959 1044 1029 mcommande
1110 962 1289 1027 aussi
1353 959 1809 1026 humblement
1876 980 1917 1025 a
1971 966 2119 1024 tous

184 1045 362 1114 deux.
451 1047 547 1114 Oe
596 1052 692 1113 14.
731 1046 812 1113 de
854 1046 1096 1112 Iulliet.
1116 1047 1176 1126 8)

337 1183 580 1250 Vostre
624 1183 953 1250 servitem·
995 1192 1066 1246 'et
1105 1180 1376 1247 humble
1418 1180 1610 1260 frere,

1434 1298 1642 1364 Iehan
1686 1297 1943 1365 Calvin.

946 1594 1353 1604 -.-—--—-—--————

1056 1810 1215 1882 ⁹25.

612 1964 1082 2034 GALVINUS
1126 1962 1674 2032 DRYANDRO.

338 2137 617 2204 Pertinet
647 2138 735 2204 ad
766 2137 1074 2221 neqotium
1100 2134 1372 2214 Pollam,
1407 2135 1519 2200 sed
1549 2156 1710 2217 prae
1741 2136 1945 2200 nimia
1980 2133 2112 2200 bre-

180 2225 359 2291 vitate
395 2226 614 2290 mim
654 2222 806 2290 certi
845 2226 935 2288 est
968 2221 1336 2306 aryumenti.

175 2394 420 2465 (Legitur
456 2400 685 2464 autogra
723 2393 833 2447 hon
847 2434 862 2462 ‚
910 2392 1058 2462 quod
1107 2392 1281 2446 solum
1329 2396 1538 2457 exstat,
1585 2391 1643 2444 iu
1689 2389 1880 2444 eadem
1925 2389 2114 2443 charta

173 2469 330 2533 atque
362 2464 469 2534 Ep.
507 2463 578 2517 ad
612 2463 657 2516 12·
733 2463 901 2515 esium
938 2460 990 2514 d.
1027 2460 1078 2514 d.
1118 2458 1201 2513 14.
1237 2458 1389 2525 Iulii,
1437 2461 1516 2515 ita
1562 2466 1623 2512 ut
1667 2459 1951 2527 inscriptio
1987 2458 2113 2511 huic

172 2531 439 2587 destinata
484 2532 558 2585 sit
600 2532 655 2584 in
705 2537 862 2600 tergo
908 2529 957 2582 Ε
1000 2566 1012 2580 .
1062 2529 1131 2582 011
1177 2529 1534 2599 Dryandrum.
1617 2526 1891 2597 Impressa
1937 2532 2022 2580 est
2053 2527 2111 2580 in

315 2601 418 2656 Ed.
459 2600 688 2655 Amstel.
725 2600 867 2668 Ερμ-
1007 2598 1265 2651 Iacobum
1303 2615 1338 2650 a
1370 2595 1684 2666 Burgundia
1718 2613 1771 2665 p.
1811 2594 1952 2658 128.)

316 2790 401 2856 D.
446 2788 804 2855 Francisco
847 2785 1206 2871 Dryandro
1249 2785 1531 2851 salutem
1574 2783 1945 2867 plurimam.

333 2924 519 3007 Quid
573 2923 700 2990 sibi
756 2923 920 2990 velit
973 2922 1168 2988 Iwob
1218 2920 1464 2988 Parcus
1486 2923 1505 2961 ¹
1591 2942 1723 2987 000
1782 2940 2108 3004 assequor,

167 3011 289 3163 111101
316 3010 542 3163 ε(ὶῃιιοξο
548 3018 898 3095 utrumque
937 3008 1206 3158 leniterli
1216 3028 1481 3157 puugfn
1528 3027 1590 3155 o³3
1626 3007 1885 3106 utrique
1925 3006 2110 3158 gan·

169 3119 491 3268 pessessoit
545 3116 1058 3263 ssffiefwssffid
1075 3113 1619 3245 ⁰tan‘ssuiib3‘i2‘iis’
1658 3113 1774 3243 02¹1?
1775 3114 2115 3243 ⁰5J¹¹V21⁶2

169 3271 358 3336 randi
409 3269 743 3347 laudibus,
808 3268 917 3333 vel
982 3266 1325 3350 prodigus,
1392 3285 1531 3329 non
1590 3265 1807 3329 miror.
1909 3262 2114 3329 Aliud

171 3356 341 3420 enim
382 3363 488 3421 est
530 3374 766 3437 aquam
812 3355 894 3418 ex
938 3352 1175 3417 Rheno
1232 3351 1540 3417 haustam
1583 3347 1878 3426 fundere,
1936 3348 2114 3414 aliud

169 3440 396 3506 vinum
437 3460 522 3505 ex
567 3439 756 3505 dolio.
844 3436 1171 3503 Dominus
1225 3446 1292 3501 te
1353 3456 1614 3518 semper
1653 3441 1997 3500 conservet
2038 3456 2114 3501 ac

170 3533 354 3611 regat
397 3547 517 3593 suo
560 3525 816 3608 spiritu.
904 3521 1236 3589 Salutabis
1278 3522 1363 3587 D.
1411 3521 1773 3605 Myconium
1830 3529 1899 3586 et
1955 3520 2115 3585 alios

172 3613 431 3693 amicos,
477 3610 822 3696 praecipue
843 3609 927 3675 D.
953 3607 1430 3674 Bernardinum
1444 3607 1503 3690 ¹²)
1525 3627 1663 3673 una
1680 3627 1830 3673 cum
1850 3605 2111 3672 familia.

939 3867 1346 3877 ..ο-...ψ-

1064 4067 1219 4140 926.
1415 4131 1419 4135 .

668 4204 1057 4275 PASSIUS
1086 4208 1132 4289 ¹)
1178 4204 1532 4273 CALVIN
1533 4203 1612 4270 Ο.

381 4584 437 4653 8)
470 4583 566 4638 Aa
599 4583 729 4639 dos.-
774 4581 956 4637 Reeeu
1000 4583 1054 4636 10
1102 4581 1185 4638 18.
1222 4583 1387 4637 Inllet
1429 4600 1478 4635 a.
1529 4578 1662 4634 1547
1712 4581 1791 4646 (et
1985 4578 2119 4634 155⁷

179 4666 388 4779 m
425 4654 473 4708 10
517 4658 677 4723 porte
725 4650 849 4707 l’ed.
901 4651 1173 4718 (ΕΔΜ.)
1257 4650 1550 4721 Bespondu
1602 4650 1655 4704 10
1705 4647 1789 4703 23.
1836 4651 1866 4700 1
1942 4655 2001 4704 et
2051 4666 2120 4703 au

214 4791 356 4846 sas.
389 4763 447 4857 ’1)
492 4789 591 4845 νει·
625 4790 871 4859 alioqum·
892 4789 1125 4858 equom,
1155 4787 1395 4855 fortasse
1415 4788 1610 4843 onam
1626 4785 1884 4840 nanum
1907 4785 2123 4855 aeqm.

383 4858 448 4927 2)
618 4859 629 4870 “
764 4872 892 4927 erqo
921 4871 1027 4925 pro
1059 4861 1294 4926 tempore
1309 4857 1565 4912 Banzeae
1596 4855 2031 4937 coranos-abatur
2053 4869 2120 4911 επ

188 4927 614 5012 meon-adque,
657 4923 1945 4995 mnrqentormpemumeemdeeum
1992 4924 2120 4979 Ver·

217 4995 1302 5143 maffwauoqwdmobmynoeua
1338 5062 1498 5116 euius
1529 5074 1598 5114 ne
1621 5062 1869 5128 patr-'am
1903 5059 2120 5142 quiden}

185 5149 251 5217 a?
284 5136 390 5191 Mc
420 5133 647 5203 epistola
676 5139 824 5215 porto
856 5145 1041 5186 eruere
1065 5144 1266 5200 possus.
1309 5126 1409 5212 pe
1463 5143 1753 5183 manaen
1784 5129 1945 5184 rebus
1977 5129 2121 5211 sollt-

185 5287 299 5354 non
332 5200 981 5353 exatores-:gratans
1011 5273 1073 5321 tu
1097 5197 1286 5336 33:³⁸⁸ss
1316 5213 1649 5388 &W
1667 5265 1889 5321 dixeris.
1954 5196 2120 5322 w

187 5355 280 5395 m
309 5339 491 5396 GM
520 5338 696 5406 tm
724 5337 955 5400 vuum,
987 5351 1149 5406 Qum⁸
1182 5334 1395 5392 'dm
1480 5335 1636 5391 m
1664 5334 1808 5391 adu,
1823 5340 1879 5390 't‘

1962 433 2123 495 1547
2169 426 2353 497 IUL.

4035 439 4161 499 554

2220 616 2326 685 (Ex
2361 616 2698 689 autographo
2745 617 2876 673 Ood.
2912 617 3150 673 nothoni
3195 617 3326 686 405,
3372 618 3466 676 fol.
3512 617 3600 677 83.
3648 646 3715 659 ·-·
3761 618 3953 677 Edidit
3995 620 4166 691 Liebe

2525 702 2579 755 p.
2613 684 2683 740 35
2718 702 2786 740 ex
2822 703 2929 756 quo
2965 687 3253 756 descripsit
3287 686 3548 743 Simlerus
3582 688 3710 742 Vol.
3744 686 3861 756 64.)

2219 841 2286 905 A
2343 839 2593 906 Monsr.
2646 840 2831 906 D’Es
2914 840 3074 905 ville
3128 841 3504 908 Demurant
3556 863 3795 927 auprez
3853 843 3940 910 du
3994 843 4165 929 logis

2392 923 2475 991 de
2517 924 2758 990 Monsr.
2866 945 3032 1009 opus
3075 947 3115 992 a
3159 925 3448 993 Geneve.
3505 1015 3568 1078 A
3613 1013 3903 1080 Genava·

2393 1127 2462 1194 S.
2509 1130 2586 1194 P.
2677 1127 2871 1211 Quod
2914 1128 3161 1196 tardius
3205 1138 3467 1197 nostrae
3509 1132 3591 1196 ad
3635 1142 3700 1196 te
3743 1134 4167 1215 pervenerint

2220 1212 2471 1292 literae,
2515 1214 2987 1280 humanissime
3030 1217 3133 1281 vir
3175 1215 3227 1280 Ι.
3267 1215 3362 1296 O„
3407 1217 3478 1282 id
3521 1225 3783 1282 nostrae
3826 1217 4164 1303 negligen-

2219 1300 2355 1364 tiae
2397 1320 2529 1364 000
2575 1300 3031 1365 ascribendum
3075 1301 3439 1382 existimes,
3495 1301 3607 1369 vel
3647 1303 3959 1370 oblivioni
4000 1305 4165 1370 ami-

2221 1404 2468 1463 corum,
2512 1405 2708 1468 quam
2753 1386 3135 1469 plerumque
3175 1408 3452 1470 parvum
3509 1387 3803 1454 locorum
3846 1389 4164 1457 interval-

2218 1470 2357 1535 lum
2402 1479 2675 1554 generat
2692 1522 2706 1547 ‚
2767 1469 2882 1535 sed
2938 1472 3155 1555 potius
3211 1471 3692 1538 tabellariorum
3752 1475 3864 1556 qui
3917 1475 4002 1540 ad
4044 1495 4171 1543 vos

2219 1555 2784 1639 proficiscerentur
2826 1557 3153 1640 penuriae.
3240 1557 3507 1623 Etenim
3560 1558 3621 1624 is
3674 1579 3809 1624 non
3862 1581 4012 1626 sum
4053 1560 4164 1627 cui

2219 1649 2356 1707 tam
2394 1640 2581 1706 brevi
2623 1642 2979 1706 amicorum
3015 1643 3328 1707 memoria
3361 1664 3399 1708 0
3432 1652 3690 1726 pectore
3727 1645 4003 1725 excidat,
4045 1664 4167 1712 ne-

2217 1747 2344 1810 que
2385 1726 2549 1792 adeo
2592 1727 2780 1811 piger
2814 1727 2927 1810 qui
2969 1727 3225 1810 saepius
3269 1727 3352 1792 ad
3396 1749 3506 1794 eos
3548 1735 3687 1814 περὶ
3719 1730 3960 1794 πάντων
4002 1732 4162 1797 0011·

2216 1813 2371 1880 bere
2413 1812 2797 1878 detrectem:
2844 1815 3225 1896 praesertim
3270 1813 3393 1879 1100
3433 1824 3725 1898 tempore
3767 1816 4160 1898 calamitoso,

2218 1896 2388 1981 quod
2433 1897 2688 1962 nullum
2733 1919 2867 1962 nou
2911 1897 3241 1964 scribendi
3299 1909 3763 1984 argumentum
3817 1900 4005 1968 nobis
4048 1902 4163 1968 ab·

2217 1981 2392 2047 unde
2438 1983 2834 2067 suppeditat.
2935 1984 3165 2067 Itaque
3221 1985 3332 2050 ubi
3389 1985 3470 2050 de
3526 1996 3751 2053 nostro
3804 1987 4041 2054 itinere
4094 1996 4178 2052 te»

2217 2069 2563 2134 certiorem
2606 2069 2816 2134 fecero
2858 2080 3115 2135 caetera
3156 2091 3524 2154 persequar.

2386 2154 2647 2219 Relicta
2687 2162 2905 2220 vestra
2947 2155 3213 2220 civitate
3256 2177 3331 2221 00
3374 2156 3657 2240 Alpibus
3700 2159 4020 2240 superatis
4055 2158 4161 2223 10-

2217 2238 2492 2304 00101010
2538 2240 2865 2305 Altissimi
3000 2242 3133 2307 atia
3191 2241 3455 2307 tandem
3511 2242 3963 2309 Mediolanum
4016 2265 4183 2328 per--

2217 2324 2387 2403 veni,
2433 2325 2545 2391 ubi
2590 2346 2794 2408 quum
2838 2347 2922 2390 no
2965 2327 3021 2392 is
3079 2337 3250 2392 esset
3305 2330 3767 2394 renunciatum
3810 2327 3891 2394 de
3934 2330 4185 2412 optimi‘

2217 2409 2398 2476 ducis
2435 2408 2504 2476 S.
2550 2410 2946 2493 captivitate,
2991 2418 3183 2476 tanta·
3218 2434 3325 2479 me
3368 2414 3574 2479 animi
3617 2413 3956 2497 aegritudo
3990 2414 4169 2498 cepit

2215 2503 2569 2578 tantusque
2603 2516 2859 2561 moeror
2901 2507 2976 2561 ut
3018 2497 3132 2562 vix
3175 2496 3350 2582 apud
3387 2520 3493 2564 me
3536 2519 3776 2565 essem:
3822 2520 3955 2569 non
3990 2498 4164 2583 quod

2217 2580 2297 2646 de
2339 2580 2612 2647 Domini
2660 2582 2902 2663 nostri,
2957 2585 3070 2665 qui
3125 2582 3305 2650 ducit
3360 2583 3442 2649 ad
3498 2585 3740 2650 inferos
3782 2594 3851 2651 et
3890 2585 4162 2665 reducit,

2214 2667 2658 2733 misericordia
2679 2666 3062 2747 diffiderem,
3107 2678 3225 2734 aut
3264 2668 3438 2752 quod
3456 2671 3636 2737 illius
3679 2670 3906 2738 divina
3947 2672 4169 2754 provi-

2215 2751 2442 2837 dentia
2484 2751 2731 2821 factum
2775 2762 2948 2818 esset
2987 2752 3057 2817 id
3099 2753 3416 2820 infectum
3459 2777 3784 2839 cuperem.
3874 2754 4028 2834 Sed,
4086 2766 4167 2823 ut

2213 2838 2475 2921 saepius
2509 2838 2842 2915 monuisti,
2877 2840 3048 2922 quod
3085 2840 3437 2922 impiorum
3468 2841 3832 2907 horrendas
3863 2842 4164 2927 blasphe-

2213 2922 2381 2989 mias
2448 2923 2745 2989 audirem
2813 2922 3202 2991 dicentium:
3272 2924 3383 2990 ubi
3448 2934 3551 2991 est
3613 2927 3876 2993 illorum
3930 2928 4159 2996 Deus?

2212 3009 2570 3074 Praeterea
2613 3030 2816 3093 quum
2859 3010 3337 3077 considerarem
3382 3013 3527 3096 apri
3568 3011 3748 3078 illius
3800 3011 4048 3079 rabiem
4089 3014 4165 3080 in

2217 3114 2444 3160 omues
2488 3097 2648 3179 pios,
2696 3097 2942 3161 veritus
2986 3118 3133 3163 sum
3168 3119 3254 3163 ne
3292 3098 3414 3163 hac
3451 3099 3727 3164 victoria
3766 3099 3978 3165 elatus
4013 3123 4163 3167 cru-

2217 3179 2429 3246 delius
2473 3181 2545 3244 in
2589 3202 2699 3246 eos
2743 3181 3049 3265 deinceps
3090 3185 3401 3264 saeviret,
3462 3184 3849 3267 vineamque
3891 3184 4164 3251 Domini

2214 3266 2423 3332 tantis
2468 3264 2812 3333 sudoribus
2845 3268 3208 3349 plantatam
3262 3276 3458 3352 atque
3515 3270 3843 3335 excultam
3898 3273 4164 3354 penitus

2217 3352 2634 3435 exstirparet.
2719 3352 2803 3416 In
2848 3373 2975 3435 quo
3021 3354 3284 3435 quidem
3342 3353 3753 3438 exsequendo
3795 3355 3972 3421 haud
4016 3378 4163 3441 seg-

2217 3459 2388 3521 nem·
2404 3459 2556 3502 eum
2591 3438 2730 3502 fore
2765 3439 3062 3516 arbitror,
3108 3440 3164 3503 si
3185 3441 3515 3505 Dominus
3558 3442 3911 3523 permittat,
3953 3462 4163 3524 quan-

2218 3520 2564 3606 doquidem
2607 3544 2863 3588 summo
2905 3522 3053 3589 odio
3095 3526 3334 3609 flagrat
3375 3526 3687 3591 adversus
3722 3546 4009 3609 quosque
4051 3529 4164 3610 qui

2215 3607 2419 3673 libere
2484 3629 2724 3672 nomen
2788 3609 3062 3673 Domini
3137 3614 3545 3694 profitentur.
3655 3611 3909 3676 Verum
3973 3611 4164 3677 illum

2217 3714 2546 3759 summum
2590 3714 2811 3777 regem
2857 3693 3023 3760 coeli
3061 3701 3130 3760 et
3172 3708 3386 3761 terrae
3420 3695 3645 3762 sedulo
3679 3717 3798 3763 nos
3830 3717 4018 3763 orare
4053 3697 4166 3763 110-

2219 3789 2322 3844 cet
2353 3789 2431 3842 ut
2465 3779 2645 3844 illius
2680 3780 2932 3845 furores
2974 3781 3308 3864 reprimat,
3351 3782 3761 3865 nominisque
3804 3783 3906 3847 sui
3950 3784 4166 3866 potius

2218 3864 2459 3930 habeat
2502 3865 2842 3944 rationem,
2886 3865 3059 3948 quod
3103 3868 3309 3931 tantis
3352 3868 3763 3934 contumeliis
3821 3868 3903 3933 ab
3945 3868 4166 3953 impiis

2220 3950 2520 4028 afficitur,
2563 3969 2759 4032 quam
2816 3958 3187 4017 nostrorum
3230 3950 3651 4018 delictorum:
3718 3962 3795 4018 ut
3838 3952 3919 4020 de
3962 3974 4165 4020 manu

2219 4035 2636 4102 inimicorum
2658 4043 3031 4101 nostrorum
3062 4036 3323 4103 liberati
3357 4038 3717 4105 serviamus
3750 4037 3847 4103 illi
3880 4039 3950 4104 in
3984 4060 4168 4107 sanc-

2219 4122 2408 4187 titate
2451 4127 2518 4186 et
2555 4120 2825 4187 iustitia.

2393 4203 2530 4271 Sed
2570 4204 2765 4272 redeo
2806 4203 2983 4271 unde
3027 4204 3360 4292 digressus
3404 4227 3565 4273 sum.
3631 4206 4002 4275 Mediolano
4037 4209 4167 4275 dis—

2223 4291 2509 4358 cendens
2523 4291 2583 4376 ²)
2625 4292 2899 4375 Papiam
2918 4291 2977 4376 ²)
3014 4294 3191 4373 veni,
3251 4293 3393 4372 ubi,
3450 4302 3594 4358 tum
3648 4302 3725 4358 ut
3778 4293 4168 4377 quibusdam

2222 4377 2628 4443 nostratibus
2686 4396 2947 4460 operam
3003 4374 3256 4456 darem,
3312 4387 3454 4444 tum
3513 4398 3770 4462 quoque
3824 4387 3904 4444 ut
3945 4378 4166 4444 Aleia-

2221 4468 2355 4528 tum
2370 4462 2430 4545 Β)
2474 4462 2769 4529 audirem
2814 4463 2923 4545 qui
2969 4482 3045 4527 eo
3089 4471 3189 4528 est
3236 4471 3580 4530 revocatus
3634 4484 3674 4529 a
3714 4465 3997 4531 ansare
4049 4462 4165 4529 ab·

2222 4548 2379 4614 hinc
2421 4554 2703 4632 quatuor
2755 4548 3120 4629 mensibus,
3179 4559 3318 4615 tres
3375 4547 3513 4616 dies
3569 4551 3692 4633 egi.
3790 4548 3956 4614 Inde
4008 4550 4190 4615 navi·

2221 4633 2549 4718 profectus
2601 4655 2748 4699 sum
2800 4633 3203 4714 Ferrariam,
3272 4632 3385 4700 ubi
3438 4634 3923 4700 humanissime
3979 4653 4020 4698 a
4074 4631 4163 4700 D.

2226 4717 2495 4800 Sinapio
2535 4717 2786 4784 medico
2843 4725 2911 4785 et
2962 4719 3141 4786 illius
3196 4739 3402 4785 uxore
3457 4729 3769 4804 exceptus
3822 4720 3920 4784 fui
3937 4769 3955 4798 ‚
4009 4739 4163 4785 cum

2223 4805 2458 4888 quibus
2484 4806 2886 4889 consumptis
2918 4805 3054 4870 fere
3091 4803 3342 4872 duobus
3378 4804 3606 4872 diebus
3639 4802 3825 4870 nobis
3857 4804 4165 4888 frequens

2221 4910 2437 4957 sermo
2481 4899 2622 4955 tum
2667 4890 2749 4957 de
2791 4890 2990 4959 verbo
3034 4889 3167 4958 Dei
3225 4899 3367 4956 tum
3422 4891 3505 4956 de
3556 4900 3621 4956 te
3675 4890 3817 4955 fuit.
3905 4889 4167 4956 Relicta

2424 5128 2487 5266 ἐξ
2519 5143 2645 5253 gig„
2680 5196 2834 5267 apud
2855 5196 3137 5268 Bitu-iper
3175 5198 3318 5252 iuris
3348 5197 3643 5265 professor,
3677 5197 3793 5251 itm
3828 5212 3866 5252 a
3899 5195 4034 5253 duee
4064 5212 4168 5253 suo

2221 5265 2897 5392 ἶοῖῗὲφοολόἰῶηἷιὸὃὲο
2948 5267 2960 5280 “
3197 5265 3209 5281 '
3247 5266 3310 5320 in
3347 5266 3589 5336 patrima
3625 5271 3923 5334 revocatus,
3959 5265 4167 5322 Posiae
