4825 6175
282 408 397 471 721

276 594 470 660 video
535 612 732 677 quam
795 602 874 660 nt
949 595 1257 661 ecclesiae
1333 595 1774 661 calamitatem
1852 592 2227 672 defleamus,

275 679 537 763 quando
580 678 828 746 mederi
869 702 1002 746 non
1047 680 1217 747 licet.

452 765 534 830 In
609 766 816 832 Vireto
880 776 948 831 et
1009 765 1275 865 reliquis
1341 764 1508 831 nihil
1585 763 1801 830 adhuc
1876 772 2225 830 mutatum,

277 852 597 936 Suspicor
636 862 858 918 tamen
916 872 1049 916 non
1094 851 1206 917 dm
1249 853 1501 935 quietos
1543 852 1697 916 fore.
1787 849 2010 932 Quum
2054 871 2227 916 esse-

275 958 428 1003 mus
472 937 603 1002 iam
646 938 919 1016 ocreati,
971 936 1108 1003 imo
1165 958 1364 1022 quum
1420 938 1572 1020 equi
1614 937 1891 1002 fraenati
1935 935 2019 1002 ad
2057 937 2228 1002 fores

276 1043 612 1107 cauponae
655 1033 905 1088 starent
921 1074 937 1101 ,
992 1022 1277 1089 redierat
1329 1023 1501 1088 forte
1555 1022 1863 1089 Hallems
1914 1044 2008 1088 ex·
2049 1043 2226 1105 agro,

276 1111 391 1193 qui
434 1129 590 1175 mox
645 1107 728 1175 ad
785 1128 908 1173 nos
964 1107 1341 1174 salutandos
1393 1108 1793 1192 properavit.
1823 1107 1872 1193 ¹)
1955 1108 2229 1173 Iuvenis

277 1208 399 1273 est,
445 1206 763 1278 quantum
809 1216 893 1260 ex
936 1194 1124 1259 brevi
1167 1194 1484 1278 colloquio
1521 1194 1820 1260 divinare
1866 1194 2045 1277 potui
2089 1215 2230 1259 ma-

277 1283 383 1365 gis
427 1301 622 1361 quem
665 1280 975 1357 iudicare,
1020 1278 1353 1345 modestus
1397 1289 1464 1344 et
1506 1281 1829 1364 ingenuus
1845 1331 1861 1358 ,
1928 1288 1994 1345 et
2035 1301 2228 1362 quem

275 1386 469 1449 spero
524 1366 694 1430 nihil
749 1365 982 1431 saltem
1034 1365 1332 1451 improbe
1386 1373 1503 1430 aut
1555 1373 1861 1450 proterve
1908 1372 2228 1432 acturum.

275 1454 453 1518 Nam
500 1451 583 1517 ad
627 1453 870 1518 bonum
924 1458 1202 1516 naturae
1257 1451 1503 1518 accedit
1556 1451 1754 1515 etiam
1797 1450 2086 1517 liberalis
2129 1451 2229 1514 in-

277 1539 554 1614 stitutio,
599 1557 720 1602 neo
764 1546 920 1620 puto
964 1557 1004 1601 a
1039 1537 1270 1602 timore
1314 1537 1442 1602 Dei
1486 1557 1628 1602 esse
1673 1556 1976 1602 vacuum.
2049 1537 2230 1601 Lon-

275 1624 449 1709 giori
492 1633 710 1688 tamen
756 1622 1199 1705 experientiae
1235 1623 1443 1688 tutius
1488 1621 1808 1687 credetur.

451 1708 588 1775 Nos
630 1710 726 1773 ita
780 1716 1034 1774 stamus
1084 1716 1233 1791 post
1287 1707 1633 1791 principia,
1689 1715 1764 1771 ut
1816 1728 1951 1772 non
2007 1707 2232 1790 procul

275 1806 499 1859 tamen
544 1793 832 1860 absimus
872 1814 914 1857 a
953 1794 1127 1859 iactu
1164 1795 1462 1859 telorum.
1527 1793 1592 1857 N
1594 1813 1666 1858 ec
1703 1791 1942 1858 desunt
1971 1792 2234 1859 flabella

277 1902 447 1963 quae
503 1879 874 1946 incendium
930 1879 1236 1944 excitant.
1339 1880 1523 1944 Bene
1579 1879 1779 1944 habet
1832 1878 2003 1961 quod
2062 1878 2233 1943 nihil

281 1966 714 2050 improvisum
750 1964 1016 2043 accidet,
1054 1964 1288 2031 deinde
1321 1963 1513 2049 quod,
1558 1963 1872 2048 quidquid
1907 1963 2233 2044 acciderit,

283 2051 368 2117 ad
413 2051 480 2117 id
524 2050 866 2117 ferendum
911 2051 1155 2117 erimus
1198 2051 1427 2135 parati.

459 2138 668 2203 Porro
712 2138 857 2219 quis
900 2143 966 2202 te
1026 2157 1203 2203 nuno
1255 2137 1439 2203 locus
1495 2135 1751 2213 habeat,
1769 2135 1828 2219 ⁶²)
1872 2156 2074 2219 ecqua
2115 2136 2235 2200 tibi

285 2223 487 2289 statio
531 2230 861 2306 appareat,
908 2223 941 2286 f
964 2272 1252 2288 ......
1300 2222 1506 2307 cupio.
1597 2222 1693 2289 Ut
1751 2242 1926 2287 nunc
1970 2220 2232 2304 quidem

286 2328 394 2374 res
437 2308 701 2387 habent,
760 2307 984 2373 nullus
1029 2308 1160 2373 iam
1204 2317 1309 2374 est
1349 2328 1433 2373 an
1472 2353 2088 2375 ............
2133 2315 2237 2370 ret

285 2394 531 2461 misera
567 2442 1077 2459 ..........
1098 2397 1157 2478 ⁸)

1062 2682 1467 2694 *a

1171 2935 1364 3007 1086.

821 3091 1293 3161 OALV'INUS
1338 3091 1710 3164 VIRETO.

470 3266 698 3333 Plures
724 3267 1020 3349 epistolas
1053 3267 1139 3333 ad
1159 3267 1436 3332 diversos
1464 3266 1600 3332 eius
1627 3285 1820 3330 eausa
1846 3284 1911 3330 se
1932 3263 2025 3328 vel
2045 3265 2238 3345 serip-

290 3356 455 3421 sisse
498 3354 591 3419 vel
633 3353 1019 3433 sumpturum
1045 3373 1175 3418 esse
1215 3353 1386 3418 dicit.
1456 3350 1686 3416 Contra
1730 3349 2108 3416 Mercerium
2150 3369 2239 3413 se-

287 3439 786 3611 gezuelzgmum
841 3443 913 3502 ut
953 3443 1237 3503 meretur.
1344 3436 1542 3503 Uxori
1570 3455 1946 3520 prosperum
1984 3440 2241 3517 partum

293 3714 404 3779 (Ex
440 3710 775 3782 autographo
811 3710 940 3765 God.
987 3710 1191 3765 Gener.
1229 3708 1344 3776 106,
1395 3709 1482 3763 fol.
1517 3707 1636 3762 217.
1706 3710 1814 3762 Ter
1848 3708 2124 3777 descripta
2156 3722 2241 3761 re-

395 3783 503 3835 ’tnr
535 3782 592 3834 in
628 3779 760 3834 Ood.
796 3778 967 3841 111⁸,
1012 3778 1105 3834 fol.
1150 3778 1221 3834 30
1253 3797 1323 3844 ι,
1358 3777 1490 3832 Ood.
1530 3776 1644 3845 111,
1679 3778 1772 3833 fol.
1813 3776 1914 3831 156
1949 3793 2015 3845 v„
2052 3782 2109 3829 et
2154 3792 2189 3828 a
2227 3816 2239 3828 .

290 3799 507 3906 ἔζων.
553 3849 681 3904 Vol.
723 3848 809 3904 67.
881 3848 1111 3919 Anglioe
1146 3864 1306 3901 versa
1340 3849 1522 3901 exstat
1556 3847 1611 3899 in
1648 3846 1734 3901 ed.
1772 3845 1970 3900 Edinb.
2017 3845 2086 3898 11.
2125 3792 2242 3899 153.

880 3917 1200 3986 'hscriptio
1244 3916 1402 3970 adest
1435 3915 1627 3980 nulla.)

466 4107 537 4175 S.
627 4106 881 4172 Farello
938 4106 1111 4173 dices
1163 4126 1271 4170 me
1322 4105 1452 4170 iam
1513 4102 1696 4188 prius
1747 4101 1994 4168 Buoero
2037 4102 2239 4185 scrip-

292 4195 460 4262 sisse
487 4195 536 4278 ¹)
579 4213 776 4277 quam
818 4192 960 4258 eins
1002 4192 1230 4258 literae
1272 4189 1355 4255 ad
1391 4210 1496 4255 me
1539 4189 1982 4273 pervenirent.
2048 4186 2241 4271 Epis—

294 4280 467 4347 tolae
501 4278 582 4345 ad
630 4278 959 4345 Sulzermn
1002 4276 1341 4362 exemplar
1382 4276 1508 4342 tibi
1550 4276 1756 4341 mitto.
1775 4276 1831 4356 2)
1878 4272 2244 4358 Bullinyero

298 4572 479 4627 1085.
507 4570 564 4638 1)
603 4569 677 4624 Id
711 4569 900 4624 Τιοῆοί
928 4568 1135 4635 factum
1170 4583 1301 4639 eam,
1331 4583 1444 4623 non
1479 4565 1714 4632 Rornae,
1749 4580 1876 4619 vero
1911 4564 2245 4620 similimum

299 4647 392 4696 ost.
449 4639 735 4694 Halkram
769 4638 987 4708 qm‘dem
1021 4641 1131 4691 iam
1166 4645 1292 4693 ante
1326 4636 1469 4693 Idus
1489 4634 1685 4690 Maias
1718 4633 1938 4689 Ber-nae
1969 4635 2145 4699 Mese
2175 4650 2243 4688 ex

301 4710 378 4765 N.
415 4705 566 4761 1014.
602 4706 741 4761 1020
771 4713 916 4762 certo
950 4707 1149 4762 σιτ-τίω
1183 4707 1449 4762 nonina.
1522 4705 1720 4760 Veram
1751 4708 1876 4772 post
1898 4709 2245 4772 pentecosten

313 4778 568 4834 Τυνέσιωη
601 4775 831 4832 rediisse
861 4780 924 4829 ut
953 4773 1225 4841 familiam
1275 4781 1326 4830 et
1370 4772 1741 4896 maxumum
1784 4772 1915 4828 inde
1957 4772 2246 4852 abduceret

299 4845 525 4903 aliunde
555 4850 782 4901 constat.
835 4843 1030 4911 (Bern-
1072 4843 1309 4899 Mau-sol.
1341 4843 1409 4897 11.
1515 4840 1591 4908 Ἰ.)
1632 4840 1820 4896 Etiam
1853 4855 1918 4894 oa
1951 4846 2099 4894 ratto
2131 4856 2243 4911 qua

301 4916 433 4970 haec
466 4913 543 4968 ad
579 4912 862 4968 smmum
896 4913 1087 4969 scribit
1119 4914 1200 4966 sic
1227 4911 1511 4979 pernatare
1538 4908 1772 4964 videtur.

506 4982 543 5103 Ξ
597 4983 1061 5107 Ιόὶοναέαῦῶρο
1095 4978 1524 5104 muggalxv-um
1544 4977 1903 5117 Bffa‘mng‘
1933 4977 2241 5033 maclam.

303 5122 447 5176 hanc
476 5066 886 5188 promimgqgate
917 5133 1032 5173 eam
1078 5116 1335 5186 scriptam
1364 5115 1541 5181 frome
1573 5121 1722 5184 patet
1764 5131 1885 5173 cum
1928 5131 2041 5187 qua
2074 5115 2243 5169 huius

302 5188 578 5256 exemplar
623 5189 802 5243 Vir-eto
835 5187 990 5242 misit
1024 5185 1298 5242 Calvinus.

302 5258 484 5313 1086.
505 5260 564 5320 1)
601 5257 731 5312 Non
764 5261 982 5311 exstant
1013 5254 1116 5310 hae
1146 5254 1346 5309 literae.

509 5326 569 5392 2)
619 5326 753 5381 Vide
788 5324 862 5382 N.
894 5322 1047 5379 1035.

510 5409 736 5466 Galoim'
764 5423 952 5481 opera.
1024 5407 1146 5465 Vol.
1175 5407 1324 5465 XII.

2100 409 2261 470 1548
2296 404 2480 471 ῙΠΝ.

4157 412 4281 473 ‘722

2331 602 2401 658 et
2422 592 2702 672 Hauero,
2721 596 2777 671 ⁸)
2823 594 2881 658 si
2922 592 3177 658 licuerit
3218 593 3549 676 otiumque
3595 593 3819 661 datum
3863 595 4078 675 fuerit,
4119 597 4283 661 scri-

2331 678 2488 745 bere
2529 678 2807 745 institui.
2894 678 3080 744 Haec
3134 698 3330 745 causa
3387 689 3489 744 est
3537 699 3656 745 cur
3710 702 3884 747 nnnc
3949 681 4284 748 &waltheri

2331 764 2558 830 literas
2599 784 2734 829 non
2778 764 3132 829 remittam.
3152 768 3210 843 ⁴)
3279 764 3587 831 Ludovici
3629 765 3844 832 minas
3884 767 3959 832 in
4001 768 4281 833 fratrum

2332 850 2770 934 cognitionem
2827 849 3122 932 pertrahi
3191 870 3457 916 necesse
3525 860 3643 917 est.
3752 851 3882 918 Ubi
3946 855 4282 920 convictus

2331 935 2469 1000 illic
2512 935 2733 1016 fuerit,
2789 955 2923 999 non
2967 933 3196 1002 dubito
3248 936 3407 1018 quin
3450 935 3595 1001 iure
3639 956 3783 1001 cum
3831 958 3906 1001 eo
3952 938 4281 1022 agendum

2333 1021 2438 1086 sit.
2551 1020 2738 1102 Quae
2803 1030 3024 1086 autem
3097 1021 3370 1086 actionis
3434 1021 3715 1087 formula
3776 1023 3942 1087 mihi
4005 1023 4279 1106 placeat,

2332 1107 2650 1192 proximis
2691 1106 2900 1172 literis
2953 1103 3271 1171 indicabo.
3366 1107 3557 1185 Vale,
3613 1107 3817 1172 frater
3868 1110 3937 1173 in
3999 1110 4280 1174 Domino

2333 1192 2668 1259 carissime
2726 1200 2793 1257 et
2849 1196 3055 1257 amice
3111 1191 3553 1275 integerrime.
3641 1193 4041 1277 Prosperum
4087 1195 4283 1261 uxori

2332 1292 2599 1361 partum
2644 1290 2711 1342 et
2754 1276 2872 1341 tibi
2912 1297 3152 1343 novam
3199 1278 3484 1343 sobolem
3547 1298 3631 1342 ex
3690 1279 3909 1345 animo
3966 1280 4278 1364 gratulor.

2332 1365 2607 1429 Utinam
2644 1363 2965 1447 baptismo
3000 1382 3258 1445 possem
3292 1364 3622 1429 interesse.
3686 1364 3831 1429 Hoc
3866 1366 4031 1430 mihi
4063 1376 4283 1431 tecum

2334 1456 2512 1515 certe
2555 1469 2898 1514 commune
2940 1456 3167 1513 votum
3222 1458 3338 1513 est.
3429 1448 3562 1514 Sed
3619 1449 3876 1515 animus
3929 1472 4114 1517 meus
4156 1451 4284 1516 erit

2333 1536 2691 1601 vobiscum.
2759 1534 3087 1599 Dominus
3115 1534 3240 1599 'tibi
3278 1532 3657 1600 benedicere
3691 1536 3761 1598 in
3798 1536 4097 1601 omnibus
4132 1557 4282 1619 per-

2334 1630 2466 1704 gat.
2559 1623 2794 1685 Amen.

3109 1915 3515 1923 m

3221 2131 3412 2202 loa-1.

2770 2246 2773 2248 ’
2869 2284 3309 2354 Hormus
3354 2284 3748 2353 suosne.

2519 2457 2770 2523 Multus
2812 2463 2904 2523 est
2944 2459 3014 2522 in
3054 2457 3537 2524 commendanda
3571 2477 3730 2537 pace
3783 2464 3841 2523 et
3878 2457 4293 2524 moderatione

2341 2544 2619 2609 maxime
2660 2545 2730 2609 in
2773 2546 3004 2627 neyotio
3049 2543 3459 2609 macharis-tiae
3503 2544 3854 2622 tractam,
3908 2545 3979 2608 in
4022 2563 4143 2624 quo
4182 2564 4287 2608 ne-

2342 2650 2460 2711 que
2505 2629 2818 2696 Lacherus
2860 2650 3056 2711 neque
3103 2626 3403 2695 Calvinus
3443 2629 3574 2710 ipsi
3616 2628 4062 2709 satisfecerunt.

2346 2801 2461 2866 (Ex
2496 2809 2620 2854 auto
2723 2800 2831 2870 pho
2866 2800 3091 2853 Archiv.
3140 2799 3316 2854 Turio.
3354 2799 3499 2852 Plut.
3536 2798 3632 2851 vl.
3671 2798 3789 2852 Vol.
3831 2797 3946 2864 108,
3982 2799 4111 2854 olim
4147 2800 4193 2853 E
4234 2816 4288 2868 p.

2343 2869 2493 2923 Tom.
2530 2868 2629 2923 IV.
2664 2869 2726 2922 P.
2765 2870 2805 2923 1.
2840 2869 2931 2922 fol.
2968 2866 3087 2921 378.
3161 2867 3493 2937 Subscripsit
3538 2873 3721 2921 autor:
3785 2867 3980 2925 Verum
4014 2817 4291 2937 exempllu·

2342 2938 2422 2992 ad
2453 2939 2699 3008 verbum,
2743 2937 2949 2991 scilicet
2994 2935 3308 3005 Bullingero
3354 2936 3616 2989 traditum
3630 2979 3644 3005 ,
3692 2936 3798 2988 nisi
3844 2936 4092 2990 fallimur.
4163 2937 4292 2991 Alia

2342 3024 2535 3060 manus
2568 3006 2978 3074 inscriptionem
3012 3005 3165 3085 fecit:
3207 3004 3381 3059 Eum
3423 3004 3511 3058 lar
3546 3005 3827 3086 literarum
3862 3005 3946 3086 ad
3976 3004 4051 3059 D.
4073 3006 4155 3059 M.
4175 3006 4291 3090 Bc-

2341 3144 2547 3214 garinis
2558 3075 2901 3225 “13⁸5sz
2935 3074 3168 3224 381ῗὲ
3170 3072 3718 3225 Ῑῑῗκζῗῑξιιιθῖὲιιὲιξι
3720 3080 3987 3198 ‘fiffliu
4023 3075 4293 3199 {33ss

2343 3230 2534 3283 parum
2570 3220 2721 3267 tersa
2732 3219 3281 3335 mmssuagstffiffi
3301 3212 3684 3349 {algigabgssone
3719 3217 3780 3333 teu
3792 3214 4160 3347 ιξέῗοςταρὶιο
4197 3219 4293 3269 aut

2801 3299 2819 3334 1
2882 3299 2930 3335 ri
3390 3298 3421 3332 a
3619 3298 3695 3333 ris
3757 3298 3794 3333 u
3857 3320 3872 3335 .

2517 3450 2587 3517 S.
2636 3453 2708 3518 P.
2789 3450 3013 3519 Pridie
3050 3471 3248 3536 quam
3282 3449 3403 3517 has
3437 3450 3665 3517 literas
3701 3451 3931 3537 scripsi
3968 3452 4054 3520 D.
4096 3451 4293 3520 Pelli-

2340 3557 2569 3604 eanum
2611 3539 2917 3618 conveni,
2964 3557 3157 3620 quem
3190 3545 3303 3601 tuo
3340 3536 3602 3603 nomine
3646 3557 3721 3603 ac
3762 3537 3948 3604 iussu
3989 3538 4291 3607 salutavi.

2344 3623 2414 3688 Is
2461 3624 2707 3709 recepit
2759 3623 3045 3707 hospitio
3088 3621 3357 3689 viduam
3397 3622 3479 3687 D.
3524 3621 3863 3701 Matthiae,
3892 3625 3938 3706 ¹)
3996 3625 4170 3706 piam
4216 3645 4292 3692 ao

2344 3709 2616 3792 probam
2665 3709 3025 3775 mulierem.
3115 3707 3222 3773 Ex
3274 3729 3403 3792 quo
3462 3707 3759 3774 intellexi
3817 3717 3881 3774 te
3936 3731 4056 3792 per
4106 3709 4294 3775 illam

2345 3795 2427 3860 ad
2482 3816 2591 3860 me
2649 3794 2903 3861 dedisse
2954 3794 3212 3871 literas,
3272 3813 3349 3858 ao
3401 3794 3624 3874 iussit,
3681 3795 3736 3858 si
3789 3794 4032 3878 aliquid
4090 3794 4173 3861 ad
4227 3805 4293 3861 te

2344 3880 2788 3959 rescriberem,
2833 3881 2905 3945 in
2944 3879 3305 3945 crastinum
3347 3898 3675 3962 pararem:
3720 3901 3877 3945 nam
3921 3901 4000 3945 eo
4043 3879 4148 3947 die
4193 3882 4293 3947 vi-

2346 3966 2476 4031 dua
2533 3988 2573 4030 a
2626 3966 2816 4033 nobis
2870 3972 3042 4031 esset
3092 3963 3478 4031 discessura.
3564 3963 3764 4030 Nolui
3817 3965 4023 4050 igitur
4081 3974 4158 4032 ut
4210 3966 4294 4032 ad

2346 4073 2463 4117 vos
2504 4051 2648 4118 sine
2691 4052 2854 4117 meis
2894 4051 3106 4117 literis
3139 4049 3400 4130 rediret,
3443 4071 3529 4116 ne
3570 4051 3679 4133 pia
3721 4057 3839 4116 tua
3881 4052 4156 4138 epistola
4187 4053 4293 4116 in-

2347 4136 2624 4222 dignum
2688 4159 2794 4203 me
2859 4137 3304 4214 existimares,
3372 4156 3568 4220 quam
3632 4155 3768 4201 non
3834 4136 3975 4204 sine
4037 4155 4295 4203 summo

2349 4221 2669 4289 desiderio
2728 4243 2805 4290 ac
2858 4222 3059 4289 animi
3114 4222 3459 4305 voluptate
3501 4221 3651 4307 legi.
3742 4222 3925 4288 Bene
3971 4222 4164 4289 dicis:
4221 4223 4294 4287 in

2344 4308 2469 4376 hoc
2524 4315 2920 4395 cognoscent
2954 4328 3181 4374 omnes
3224 4305 3396 4391 quod
3431 4306 3683 4374 Christi
3731 4306 4030 4392 discipuli
4065 4328 4294 4374 sumus

2347 4397 2402 4461 si
2447 4392 2870 4462 dilexerimus
2912 4414 3034 4460 nos
3078 4401 3324 4458 mutuo.
3434 4391 3808 4477 Diligamus
3864 4394 4100 4477 igitur,
4158 4412 4296 4458 non

2347 4502 2478 4558 ore,
2524 4501 2660 4547 non
2698 4479 2946 4565 lingua,
2982 4478 3096 4547 sed
3132 4499 3323 4562 opere
3358 4485 3425 4543 et
3458 4481 3751 4545 veritate.
3823 4477 3995 4544 Nam
4032 4478 4293 4546 dilectio

2349 4566 2801 4633 testimonium
2846 4566 3284 4632 certissimum
3338 4574 3439 4631 est
3489 4563 3970 4631 iustificationis
4012 4571 4291 4645 nostrae,

2346 4661 2413 4720 et
2455 4652 2733 4719 coeleste
2777 4651 3067 4739 sigillum
3110 4650 3573 4734 acceptationis
3615 4656 3879 4715 nostrae
3920 4651 3991 4715 in
4027 4649 4296 4717 Ohristo

2552 4909 2609 4977 3)
2645 4907 2722 4964 ad
2756 4908 3039 4963 Balla-um
3072 4907 3227 4962 nulla
3260 4907 3359 4963 hoe
3402 4913 3636 4976 tempore
3680 4921 3708 4959 ε
3782 4905 3794 4919 ”
3828 4911 3887 4961 ta
3936 4909 4131 4961 aaut.
4198 4904 4298 4962 Aa

2345 4978 2722 5060 Bullinqerm
2757 4982 3011 5047 sequetur
3043 4975 3099 5030 d.
3135 4975 3220 5031 26.
3257 4975 3419 5030 Iunii
3461 4977 3682 5046 scripta.
3813 4990 3910 5031 aee
3940 4979 4134 5031 nostra
4156 4988 4299 5045 erqo

2336 5051 2652 5116 praecem.
2684 5057 2691 5062 ·

2549 5114 2610 5181 4)
2651 5115 2807 5184 Erqo
2841 5115 3050 5183 scrupea
3084 5117 3166 5167 est
3195 5113 3338 5195 haec·
3359 5119 3486 5180 poet
3509 5112 3651 5167 Idas
3686 5069 3831 5175 (vide
3857 5112 3933 5168 N.
3955 5109 4294 5176 10221034)

2343 5181 3439 5322 fossvflffssffiffssffimwff
3471 5249 3522 5303 9.
3560 5250 3828 5304 Ianum-iz·
3861 5247 3999 5303 1548
4033 5245 4291 5315 desumat

2347 5321 2439 5376 De
2471 5322 2645 5376 vidua
2679 5329 2731 5377 et
2763 5320 3009 5391 alioquin
3040 5319 3196 5374 clara
3230 5334 3281 5373 v.
3321 5318 3609 5419 βουλήὴ,
3649 5317 3903 5455 Mathai.
3952 5317 4009 5373 T.
4044 5317 4142 5372 111.
