4825 6175
175 417 291 479 55⁷

169 600 280 667 illo
329 600 471 684 ipso
524 600 790 684 pietatis
844 599 1058 667 studio
1098 600 1314 667 veluti
1364 602 1514 669 suxi
1569 610 1641 668 et
1693 602 2110 669 statuendam

170 684 378 752 didici.
424 686 528 751 ‘ru
549 707 707 754 vero
733 687 934 752 etiam
955 686 1140 753 illam
1163 688 1483 754 rationem
1505 708 1724 755 eoram
1744 686 1801 772 2)
1823 688 2110 754 fraterne

171 771 546 851 admodum,
606 780 802 856 atque
856 773 1056 839 etiam
1094 793 1273 839 nunc
1317 773 1723 841 suavissimis
1764 783 1834 839 et
1874 773 2110 841 doetis-

170 857 344 924 timis
378 857 510 923 tuis
551 857 763 923 literis
808 857 1194 937 accendisti,
1252 861 1566 942 quasique
1623 860 1705 927 ab
1745 861 1926 925 omni
1967 880 2109 925 mo—

167 944 355 1009 lestia
395 942 758 1010 vindicasti.
846 942 1016 1025 Quis
1059 944 1238 1009 enim
1279 964 1417 1010 non
1459 942 1746 1011 studiose
1786 953 1983 1028 atque
2025 965 2110 1011 ex

169 1030 399 1108 animo,
444 1027 544 1095 uti
576 1028 973 1109 scribuntur,
1020 1029 1103 1096 ab
1145 1051 1223 1095 eo
1255 1030 1552 1113 accipiat,
1597 1031 1708 1114 qui
1749 1029 1925 1095 idem
1968 1052 2109 1097 mo-

167 1114 389 1181 lestias
451 1134 678 1181 omnes
720 1121 1034 1199 expertus
1089 1116 1406 1200 singulari
1464 1115 1611 1182 illas
1667 1116 2110 1182 moderatione

170 1199 369 1266 animi
438 1208 506 1266 et
556 1202 926 1266 constantia
975 1221 1118 1265 rem
1171 1200 1536 1268 incredibili
1597 1201 1861 1284 pietatis
1914 1201 2110 1267 laude

167 1285 484 1370 pertulit?
574 1283 755 1351 Sane
798 1287 1017 1365 etiam,
1055 1285 1211 1352 dum
1255 1286 1362 1353 hic
1420 1286 1635 1352 adhuc
1689 1287 1961 1352 haerere
2003 1309 2110 1353 co·

167 1392 303 1456 gor,
318 1373 379 1454 ⁸)
422 1372 629 1436 vitam
670 1370 835 1436 mihi
876 1371 1072 1457 longe
1114 1372 1599 1439 acerbissimam
1643 1372 2108 1452 existimarem,

168 1457 222 1523 si
285 1456 453 1522 mihi
517 1477 648 1522 non
710 1457 828 1522 illa
889 1478 1052 1523 vera
1114 1467 1183 1523 et
1243 1459 1397 1524 viva
1459 1459 1561 1522 tui
1622 1459 1840 1542 imago
1904 1459 2109 1524 veluti

167 1543 500 1626 exemplar
540 1542 760 1609 animo
802 1563 947 1608 meo
980 1544 1049 1608 in
1091 1543 1198 1610 his
1240 1543 1559 1610 molestiis
1601 1552 1976 1610 occurreret
2009 1549 2108 1608 at-

166 1648 288 1711 que
329 1629 819 1705 obversaretur,
879 1637 945 1694 et
1000 1627 1214 1695 adhuc
1271 1649 1350 1694 ea
1393 1649 1559 1712 quae
1618 1629 1733 1695 abs
1776 1639 1843 1693 te
1885 1628 2110 1696 audivi

168 1734 355 1779 aures
397 1733 582 1778 meas
624 1715 851 1780 crebre
892 1725 1337 1797 personarent.

332 1797 532 1880 Quod
574 1806 647 1863 tu
705 1800 872 1864 scire
928 1799 1109 1882 cupis
1125 1851 1141 1879 ,
1200 1799 1512 1883 quidnam
1570 1799 1643 1865 in
1698 1800 1895 1866 rebus
1944 1800 2109 1866 meis

166 1885 285 1950 sim
320 1892 782 1966 consequutus,
828 1905 995 1967 quae
1029 1905 1179 1969 spes
1210 1885 1732 1969 recipiendarum
1766 1893 1908 1962 etc,
1951 1886 2109 1951 facis

167 1978 237 2035 tu
277 1970 608 2054 peramiee
645 1967 1014 2048 admodum,
1059 1978 1125 2034 et
1167 1979 1241 2035 tu
1283 1992 1390 2036 me
1430 1971 1596 2037 istac
1636 1978 1752 2037 tua
1793 1969 2103 2035 sollicitu-

165 2054 313 2121 dine
364 2054 650 2120 multum
703 2075 976 2120 recreas.
1075 2057 1222 2140 Ego
1284 2063 1493 2133 certe,
1560 2077 1643 2120 ne
1695 2056 1977 2135 nescias,
2035 2056 2107 2120 in

164 2162 307 2209 meo
349 2140 570 2206 reditu
587 2142 648 2216 ⁴)
692 2140 860 2205 nihil
901 2140 1204 2207 meliores
1257 2162 1364 2207 res
1418 2140 1802 2207 domesticas
1844 2141 2106 2221 offendi,

166 2246 359 2309 quam
401 2228 615 2310 ipsam
632 2277 650 2305 ,
708 2235 787 2291 ut
827 2226 941 2290 ille
993 2225 1235 2306 aiebat,
1290 2225 1777 2309 rempublicam.
1866 2226 2107 2293 Adhuc

167 2312 231 2377 vi
281 2318 609 2396 geruntur
665 2312 912 2377 omnia:
933 2308 992 2395 5)
1057 2311 1222 2376 nihil
1286 2313 1467 2376 intra
1530 2312 1810 2394 parietes
1867 2320 2105 2393 tutum,

165 2397 419 2464 salvum
465 2404 579 2463 aut
620 2397 944 2463 incolume
985 2397 1246 2463 mansit.
1322 2395 1763 2479 Recipiendae
1803 2398 2032 2463 uxoris
2052 2401 2107 2474 ⁶)

165 2503 309 2565 spes
351 2483 526 2548 bona
567 2490 635 2547 et
676 2491 856 2549 certa
898 2503 1041 2547 esse
1085 2480 1367 2561 videtur,
1412 2480 1526 2547 sed
1569 2501 1611 2547 a
1649 2483 1815 2548 meis
1856 2483 1923 2548 id
1967 2505 2106 2548 om-

164 2568 314 2634 nino
367 2568 536 2632 mihi
591 2570 908 2652 scriptum
964 2575 1066 2632 est
1119 2568 1262 2633 fieri
1319 2576 1454 2632 tam
1511 2567 1640 2633 cito
1695 2590 1828 2634 non
1882 2589 2102 2651 posse:

163 2660 302 2719 tum
344 2653 430 2719 ob
472 2662 736 2736 partum
792 2653 898 2718 cui
952 2662 1054 2719 est
1105 2654 1433 2736 proxima,
1501 2661 1641 2718 tum
1700 2674 1854 2719 vero
1907 2654 2107 2720 etiam

162 2747 235 2803 ut
275 2738 590 2821 reliquias
642 2739 1000 2816 incendii7)
1044 2739 1308 2823 colligat
1323 2789 1338 2817 ,
1406 2758 1569 2821 quas
1634 2738 1896 2821 quidem
1951 2739 2105 2805 reli-

163 2824 346 2906 quias
403 2822 682 2907 perfidia
733 2831 1109 2889 nostrorum
1165 2823 1506 2889 hominum
1560 2821 1908 2889 admodum
1967 2826 2106 2889 exi-

165 2929 322 2993 guas
363 2917 436 2974 et
485 2916 839 2992 pertenues
895 2908 1065 2975 fecit.
1153 2907 1289 2975 Sed
1344 2916 1565 2973 tamen
1579 2958 1597 2987 ,
1646 2915 1725 2973 ut
1779 2916 1852 2974 tn
1908 2909 2105 2993 probe

163 3014 418 3074 mones,
478 2995 678 3060 etiam
731 2995 846 3073 iis,
919 2997 1118 3059 etiam
1176 2994 1377 3059 nullis
1435 3002 1785 3059 contentus
1843 3016 1984 3072 ero,
2041 3005 2107 3060 et

165 3079 441 3146 laudabo
504 3080 885 3146 Dominum.
992 3079 1260 3146 Interea
1311 3078 1691 3146 commendo
1755 3079 1869 3146 illa
1921 3082 2105 3146 infir-

163 3167 370 3232 miora
412 3165 684 3232 Domini
728 3166 993 3232 vascula
1006 3166 1068 3249 8)
1113 3168 1243 3231 tuis
1287 3166 1527 3231 sanctis
1561 3164 1891 3249 precibus,
1948 3164 2103 3233 dum

165 3252 422 3336 captiva
465 3252 636 3334 apud
679 3250 829 3317 illos
869 3251 1354 3317 detinebuntur.

328 3337 440 3402 De
479 3337 677 3402 rebus
720 3358 884 3420 quae
921 3337 1028 3402 hic
1072 3346 1212 3402 tum
1248 3345 1569 3421 geruntur
1602 3343 1741 3401 tum
1778 3335 2101 3416 dicuntur,

208 3421 352 3489 lura
385 3422 460 3487 in
497 3424 713 3488 animo
748 3433 891 3487 erat
924 3422 1228 3500 scribere,
1266 3421 1380 3487 sed
1415 3422 1621 3486 otium
1654 3421 1875 3489 defuit.
1931 3422 2104 3488 Nam

373 3506 699 3586 scribendi
752 3510 1001 3574 occasio
1056 3508 1223 3572 mihi
1275 3505 1627 3573 admodum
1672 3528 1983 3590 praeceps
2039 3516 2106 3573 et

165 3614 601 3678 praepropera
643 3594 784 3658 fuit.
875 3592 1110 3659 Saluta
1152 3612 1298 3658 meo
1341 3593 1602 3657 nomine
1645 3592 1729 3658 D.
1773 3592 2102 3659 Davidem

169 3678 498 3760 Lassimn,
556 3679 908 3759 Nicolaum,
930 3680 984 3758 9)
1040 3678 1387 3744 Henricum
1453 3686 1748 3743 nostrum
1763 3729 1781 3758 ,
1834 3679 2104 3744 stati-em

165 3771 346 3830 tuum
393 3772 465 3831 et
504 3785 741 3831 uxores
784 3784 1030 3830 omnes.
1098 3765 1245 3847 Ego
1279 3763 1441 3829 alias
1477 3773 1591 3829 aut
1621 3763 1817 3828 latius
1852 3763 1934 3829 de
1966 3786 2105 3829 om-

167 3850 359 3917 nibus
403 3849 489 3916 ad
529 3860 597 3916 te
619 3849 918 3916 scribam
977 3855 1094 3915 aut
1147 3850 1289 3932 ipse
1342 3849 1621 3913 veniam.
1647 3850 1729 3926 ¹⁰)
1817 3847 1995 3932 Opto
2038 3857 2106 3916 te

168 3955 312 4002 cnm
371 3936 554 4001 omni
608 3942 725 4000 tua
781 3933 1031 4000 familia
1084 3933 1160 3998 in
1216 3933 1482 4000 Christo
1532 3940 1708 3999 recte
1763 3934 1982 4001 valere
2040 3942 2108 4000 et

168 4023 374 4087 nostri
417 4022 810 4086 meminisse.
899 4024 1000 4085 20.
1045 4019 1219 4084 Iulii.
1250 4021 1335 4099 ¹¹)

1154 4139 1339 4204 'I'uus
1380 4136 1476 4203 Io.
1520 4137 1932 4223 Burgundus.

365 4294 589 4362 2)1am
622 4307 691 4358 ex
718 4294 905 4360 priore
936 4292 1039 4347 illa
1069 4291 1301 4362 epistola
1333 4291 1593 4360 colleqicti
1641 4290 1956 4361 Ονίερόκωη
1998 4291 2105 4347 Ge·

173 4377 327 4419 ”⁶⁰⁶⁶
353 4361 1013 4495 {YQt-ssfflffizza...

364 4499 432 4560 4)
469 4498 711 4553 Parisiis
742 4500 993 4564 fortasse.
1601 4565 1613 4578 ·
1954 4567 1966 4578 ¹

369 4569 431 4633 ὃ)
471 4567 922 4636 Persequutiones
955 4570 1201 4635 vergente
1233 4580 1385 4620 anno
1418 4562 1553 4619 1546
1587 4579 1648 4619 m
1682 4563 1795 4620 iuis
1826 4570 1991 4622 tems
2022 4583 2105 4622 re-

299 4652 474 4692 secare
506 4642 807 4704 coeperunt.

370 4703 427 4770 6)
464 4706 575 4759 Hic
606 4702 938 4770 conferenda
970 4717 1131 4823 quaed
1142 4701 1328 4823 habeat„
1334 4699 1695 4823 Bagam
1689 4700 1780 4822 127⁸
1804 4699 1920 4755 738.

370 4772 433 4909 ἔ)
474 4772 710 4896 {Zmin
743 4847 793 4895 et
836 4776 1059 4921 3323?
1079 4775 1241 4908 quaeq„
1256 4785 1559 4909 1)νοῖαῶςυί
1598 4839 1891 4893 retinuisse
1919 4837 2103 4893 viden·

178 4917 262 4965 mr
293 4918 343 4967 a
372 4908 1185 5048 ῧαῖἳιὲοῗιᾶἱῗιῖὧὲᾝωὲἷ
1262 4972 1353 5028 De
1387 4974 1592 5029 Lamo
1634 4980 1685 5028 et
1718 4973 1960 5030 Hem-ico
1991 4991 2104 5031 non

177 5047 424 5104 habemus
563 5047 602 5101 d
633 5046 896 5101 ᾶόωπιιιε.

340 5116 428 5181 10)
644 5130 734 5169 aa·
769 5129 826 5168 se
856 5113 1086 5169 mandit
1113 5127 1235 5167 cum
1268 5111 1422 5166 Bua
1453 5126 1521 5164 m.
1564 5109 1682 5166 Oct.
1716 5108 1868 5166 1548.

341 5187 432 5255 11)
471 5185 615 5239 Sanc
646 5199 758 5238 non
792 5181 1030 5237 eiusdem
1062 5182 1203 5235 anni
1233 5186 1394 5250 atque
1425 5179 1525 5234 illa
1556 5194 1722 5249 quant
1755 5180 1833 5233 ad
1867 5177 2110 5234 12.1αιοϊ

181 5252 310 5309 1546
340 5255 621 5310 retulimus
654 5252 761 5319 (N.
796 5248 940 5316 808).
1020 5249 1216 5304 Verum
1247 5265 1325 5303 aa
1367 5249 1499 5303 haec
1540 5249 1617 5304 ad
1648 5246 1786 5301 1547
1819 5246 2107 5314 referenda

183 5324 264 5390 sit,
295 5324 379 5379 vel
411 5323 546 5379 adeo
577 5322 654 5376 ad
686 5318 824 5374 1548
849 5319 1058 5375 'dubius
1091 5318 1313 5373 haerere
1340 5318 1560 5386 poter-‘a
1949 5371 1974 5408 s

1960 399 2119 481 154&
2164 416 2347 485 IUL.

2175 3983 2292 4050 ‘ab
2333 4005 2410 4051 eo
2450 3985 2665 4066 accepi
2717 3983 2958 4049 literas.

4035 429 4160 492 558

3109 608 3262 681 929.

2678 758 3196 827 DRYANDER
3239 762 3674 830 GALVINO.

2391 928 2787 996 Permrbatio
2804 930 3029 1012 ubique
3059 933 3348 997 maxima
3378 933 3568 997 etiam
3599 932 3917 1002 hominm
3934 958 4159 1005 sensus

2215 1022 2272 1083 et
2303 1016 2695 1099 evitationes
2734 1015 2995 1082 invadit.
3083 1015 3304 1082 Etiam
3360 1018 3651 1084 Helvetia
3695 1021 4004 1100 perimatis
4056 1024 4157 1091 ob-

2214 1121 2405 1170 sessa.
2499 1100 2585 1165 In
2624 1101 2978 1167 commercio
3019 1103 3359 1168 amicorwm
3399 1105 3655 1169 unicum
3696 1105 4007 1173 solatium.

2522 1270 2634 1337 (Ex
2671 1272 3004 1341 autographo
3038 1270 3171 1327 Ood.
3206 1272 3407 1327 Genev.
3443 1273 3562 1345 112,
3595 1275 3686 1329 fol.
3722 1275 3837 1344 69.)

2385 1459 2760 1526 Clarissimo
2804 1458 2947 1525 viro
2984 1460 3067 1524 D.
3113 1459 3397 1524 Iohanni
3441 1460 3718 1528 Oalvino

3510 1546 3844 1615 Genevae.

2384 1679 2455 1747 S.
2494 1680 2578 1746 D.
2632 1680 2736 1746 Ea
2770 1685 2873 1745 est
2911 1679 3103 1746 hodie
3145 1701 3363 1746 rerum
3408 1683 3704 1748 omnium
3745 1687 4152 1768 perturbatio

2210 1775 2306 1845 ut,
2350 1766 2606 1850 quoties
2647 1766 2822 1831 orbis
2862 1771 3191 1831 terrarum
3247 1765 3688 1834 confusionem
3732 1771 4150 1857 contemplor,

2210 1873 2470 1918 omnem
2533 1849 2699 1915 mihi
2762 1871 3026 1917 sensum
3094 1858 3162 1915 et
3213 1852 3670 1934 cogitationem
3727 1856 3964 1940 eripiat
4022 1860 4152 1925 ista

2210 1958 2405 2021 quam
2442 1937 2649 2003 oculis
2680 1936 2920 2001 nostris
2953 1934 3254 2002 videmus
3288 1938 3698 2004 miseriarum
3733 1942 4151 2010 continuatio.

2210 2023 2486 2087 Praeter
2527 2022 2931 2088 confusiones
2974 2021 3247 2086 aliorum
3290 2042 3643 2107 regnorum
3686 2035 3929 2114 putant
3959 2028 4154 2094 multi

2205 2108 2458 2173 instare
2521 2127 2772 2191 quoque
2836 2106 3295 2172 Helvetiorum
3359 2109 3869 2192 castigationem.
3977 2112 4153 2180 Nam

2209 2192 2577 2276 Imperator
2616 2203 2921 2259 reversus
2963 2192 3335 2276 Augustam
3378 2192 3620 2277 aliquid
3677 2196 3966 2263 occultae
4007 2219 4150 2265 ma·

2209 2278 2602 2345 chinationis
2645 2276 2881 2343 dicitur
2921 2276 3225 2343 meditari
3266 2278 3337 2342 in
3379 2280 3576 2343 istam
3617 2290 3900 2364 gentem,
3952 2304 4150 2367 quam

2209 2364 2321 2428 ille
2362 2365 2496 2429 iam
2541 2362 2788 2428 dudum
2832 2363 2903 2427 in
2947 2364 3164 2429 animo
3206 2384 3323 2428 suo
3360 2363 3714 2431 devoravit.
3782 2365 3916 2432 Sed
3949 2367 4151 2435 habet

2209 2449 2321 2513 ille
2365 2469 2616 2532 quoque
2659 2449 3090 2532 praescriptos
3132 2449 3445 2515 terminos
3489 2470 3529 2515 a
3561 2448 3725 2531 Deo,
3772 2452 3947 2517 ultra
3986 2474 4151 2537 quos

2210 2556 2343 2598 non
2436 2532 2860 2617 regredietur.
2973 2533 3036 2598 Ν
3039 2554 3110 2599 os
3178 2534 3445 2599 interim
3489 2535 3666 2601 inter
3717 2536 4026 2604 malleum
4081 2547 4148 2605 et

2209 2619 2363 2685 ineu
2409 2641 2515 2684 em
2558 2639 2917 2698 versamur,
2962 2627 3029 2684 et
3063 2625 3376 2701 tanquam
3410 2639 3568 2685 oves
3603 2622 3906 2688 occisioni
3948 2621 4148 2690 desti-

2210 2711 2402 2770 natae
2445 2704 2779 2788 flagellum
2821 2703 3092 2770 Domini
3138 2703 3424 2786 quotidie
3467 2714 3936 2790 exspectamus.
4022 2709 4145 2775 Li—

2208 2787 2464 2856 berabit
2502 2798 2727 2854 tamen
2778 2809 2898 2854 nos
2953 2802 3259 2854 aeternus
3312 2798 3524 2872 pater,
3581 2790 3639 2855 si
3691 2794 3784 2856 ita
3832 2791 4147 2860 iudicabit

2210 2874 2519 2958 expedire
2573 2874 2818 2960 gloriae
2873 2895 3056 2953 suae,
3131 2895 3214 2938 ex
3271 2896 3382 2941 ore
3439 2874 3868 2943 crudelissimi
3918 2877 4142 2958 leonis,

2208 2962 2317 3043 qui
2361 2959 2530 3023 nihil
2573 2958 2749 3025 aliud
2789 2959 2931 3025 sitit
2983 2980 3181 3043 quam
3239 2959 3524 3027 humano
3565 2980 3795 3027 cruore
3832 2966 4143 3048 respergi.

2208 3045 2408 3111 Nulla
2449 3046 2522 3110 in
2564 3065 2639 3110 re
2685 3066 2869 3112 meus
2925 3045 3183 3112 animus
3240 3054 3453 3129 potest
3493 3047 3898 3130 acquiescere
3944 3069 4142 3133 quam

2207 3132 2278 3195 in
2322 3130 2745 3215 promissione
2787 3130 3029 3210 divina,
3074 3152 3268 3214 quam
3309 3140 3486 3198 certo
3530 3133 3660 3199 seio
3701 3134 3956 3199 irritam
3999 3156 4142 3202 esse

2207 3238 2338 3281 non
2382 3237 2588 3299 posse.
2672 3216 2944 3283 Iuvaret
2995 3216 3066 3281 in
3122 3217 3327 3283 tantis
3371 3217 3825 3284 afflictionibus
3868 3238 4018 3285 cum
4059 3222 4141 3288 iis

2204 3301 2579 3368 hominibus
2618 3300 2952 3367 interdum
2988 3302 3300 3381 conferre,
3344 3303 3456 3386 qui
3496 3304 3567 3368 in
3610 3303 3831 3370 schola
3871 3305 4141 3388 spiritus

2207 3386 2419 3453 sancti
2481 3387 2843 3470 plurimum
2910 3385 3344 3469 profecerunt.
3454 3387 3601 3470 Quo
3662 3391 3875 3473 magis
3935 3390 4143 3474 igitur

2205 3472 2395 3538 video
2436 3472 2682 3538 instare
2723 3490 2965 3556 magna
3004 3472 3309 3555 pericula,
3352 3493 3427 3538 eo
3460 3475 3670 3557 magis
3709 3483 3927 3539 tecum
3970 3474 4142 3542 desi-

2207 3556 2362 3623 dero
2405 3558 2887 3624 communicare
2904 3608 2918 3634 ,
2975 3570 3051 3622 ut
3108 3567 3336 3622 mutua
3389 3558 3727 3643 utriusque
3766 3558 3922 3624 fidei
3962 3580 4141 3626 com-

2207 3643 2648 3709 municatione
2704 3644 2906 3707 animi
2961 3642 3168 3708 nostri
3210 3652 3675 3709 recrearentur.
3768 3643 4143 3726 Philippum

2208 3736 2508 3793 nostrum
2570 3729 2819 3793 frustra
2874 3730 3270 3812 exspectavi,
3335 3750 3525 3813 quem
3591 3730 3734 3796 sine
3795 3731 4143 3797 manifesto

2210 3814 2381 3880 vitae
2440 3813 2817 3880 discrimine
2866 3813 2999 3878 scio
3051 3813 3373 3879 hactenus
3423 3813 3508 3879 ad
3556 3836 3675 3880 nos
3729 3815 3954 3880 venire
4008 3835 4145 3882 non

2204 3898 2511 3982 potuisse.
2596 3899 2871 3965 Decimo
2927 3897 3032 3963 die
3070 3898 3231 3964 Maii
3286 3905 3430 3963 erat
3467 3899 3914 3983 Brunsvigae,
3964 3901 4145 3967 unde

3048 3981 3224 4064 Quid
3264 3990 3489 4066 postea
3529 3985 3614 4049 sit
3669 3982 4147 4066 subsequutum

2207 4071 2456 4155 ignoro.
2484 4072 2534 4148 1)
2637 4066 2715 4134 Si
2779 4068 2934 4152 quid
3005 4069 3391 4135 intellexero
3452 4069 3573 4135 tibi
3635 4068 4143 4136 communicabo.

2207 4155 2488 4239 Reliqua
2529 4155 2614 4221 D.
2636 4153 2976 4232 Fanesius,
3021 4163 3089 4218 et
3131 4176 3172 4219 a
3211 4153 3434 4219 Badeo
3447 4156 3507 4230 2)
3548 4151 3892 4238 intelliges.
3957 4154 4144 4221 Bene

2210 4240 2353 4305 vale
2396 4261 2545 4305 cum
2582 4247 2720 4306 tota
2760 4239 3044 4307 ecclesia.
3132 4238 3429 4305 Basileae
3471 4241 3573 4302 22.
3615 4237 3772 4303 Iulii
3820 4243 4000 4303 1547.

3261 4375 3441 4439 'I'uus
3482 4375 3559 4441 F.
3602 4373 3973 4460 Dryander.

2210 4533 2312 4540 *—

2243 4598 2388 4653 929.
2428 4598 2483 4664 l)
2521 4597 2839 4651 Imminente
2897 4594 3292 4660 Wiuenberaae
3351 4594 3631 4651 obsidione
3687 4595 4037 4651 Melanchton
4089 4595 4144 4655 4.

2211 4668 2364 4723 Maii
2394 4667 2765 4733 Bremsm'qam
2799 4679 2856 4717 ει
2887 4666 3229 4745 recepitcwm
3252 4663 3486 4718 Ῑιιιθοοη·
3517 4663 3701 4725 vodan.
3761 4662 4143 4734 Incertasque

2207 4751 2265 4790 se
2300 4741 2527 4791 verteret
2556 4741 2742 4816 utrum
2774 4730 3102 4815 &Damam
3134 4746 3212 4786 an
3242 4734 3305 4786 in
3339 4747 3495 4814 suum
3527 4733 3995 4855 ffpuuslw,
4025 4733 4143 4813 pri·

2204 4804 2538 5007 ξὲῗῖἔὲἒ.
2558 4799 3697 5007 1afffffph÷3ssssxffimmdo
3726 4840 4141 4939 mumma:

2323 4958 2347 4995 ι
2483 4939 2645 5008 Gorp.
2814 4979 2824 4989 .
3092 4979 3104 4991 .

2408 5008 2471 5076 2)
2512 5008 2724 5064 Ioanne
2784 5007 2861 5062 N.
2897 5006 3046 5075 915).

3066 5199 3283 5206 *m
