4825 6175
639 451 763 517 383

637 643 865 703 tantur
907 635 977 701 in
1014 655 1214 701 causa
1247 640 1386 701 tam
1420 631 1761 700 invidiosa.
1831 627 1970 697 Sed
1990 626 2242 696 Christi
2284 634 2352 692 et
2393 624 2599 693 eccle-

637 723 774 789 siae
815 721 984 788 ratio
1029 720 1331 788 habenda
1365 730 1481 787 est.
1572 718 1967 803 Opportuna
2007 713 2128 779 tibi
2171 714 2448 780 offertur
2462 796 2477 813 ·
2490 732 2599 810 oc-

638 809 812 876 casio
856 807 1027 875 serio
1075 828 1188 873 eos
1248 807 1349 873 sui
1406 805 1603 872 officii
1658 801 2071 872 admonendi.
2160 797 2298 866 Sed
2340 799 2601 865 obsistit

641 894 916 961 Sultseri
957 893 1297 960 calamitas
1335 913 1423 958 ne
1466 912 1546 957 ea
1588 898 1857 956 utamur
1897 887 2201 955 libertate
2244 904 2443 970 quam
2492 903 2599 984 res

635 982 785 1064 ipsa
825 979 1133 1064 postulat.
1200 978 1352 1044 Non
1394 985 1499 1044 est
1539 977 1716 1042 enim
1760 974 2002 1042 afflicto
2046 970 2347 1057 augenda
2390 969 2599 1071 afflic-

640 1068 753 1146 tio,
799 1065 916 1132 sed
960 1063 1261 1131 levanda.
1349 1062 1593 1129 Danda
1634 1070 1858 1128 tamen
1902 1079 2102 1143 opera
2144 1064 2264 1138 est,
2309 1064 2386 1121 ut
2428 1076 2597 1156 serio

639 1171 917 1218 manum
972 1150 1250 1218 Domini
1302 1156 1679 1234 agnoscant.
1777 1146 1911 1212 Ubi
1953 1145 2183 1244 literas
2236 1141 2420 1226 perle
2468 1163 2600 1241 eris

638 1238 902 1303 remitte
917 1288 932 1316 ,
987 1244 1063 1302 ιιι
1103 1235 1421 1301 fratribus
1478 1233 1960 1301 communicare
2013 1250 2273 1314 possim.
2443 1228 2599 1293 elim

640 1330 708 1390 et
748 1328 897 1389 tuas
938 1322 1048 1388 hic
1090 1320 1266 1386 mitti
1308 1329 1567 1404 apertas
1610 1326 1687 1384 ut
1727 1326 1909 1384 tuam
1946 1335 2403 1414 cognoscerem
2448 1335 2598 1380 sen-

641 1409 939 1475 tentiam.
1031 1406 1262 1475 Scribe
1305 1427 1502 1490 quam
1542 1405 1789 1489 poteris
1831 1403 2168 1487 ocyssime.
2235 1399 2478 1500 Velim,
2524 1408 2599 1466 ut

637 1494 773 1561 iam
817 1494 957 1559 dixi
998 1514 1201 1577 quum
1245 1492 1352 1559 hio
1397 1512 1590 1570 esses,
1637 1491 1721 1556 ad
1764 1511 1871 1554 me
1907 1488 2105 1587 etiam
2139 1494 2390 1588 remitti
2425 1494 2597 1586 trac-

638 1588 854 1646 tatum
895 1579 1085 1645 illum
1128 1599 1324 1662 quem
1367 1577 1586 1657 habes,
1608 1579 1666 1656 ⁸)
1725 1597 1875 1643 cum
1928 1582 2102 1639 notis
2147 1573 2400 1657 ahquot
2442 1579 2596 1672 tuis,

636 1666 763 1733 hoc
807 1671 924 1744 est,
968 1664 1172 1731 velim
1208 1662 1323 1730 abs
1364 1672 1431 1729 te
1474 1662 1809 1729 admoneri
1851 1681 2078 1726 eorum
2120 1680 2286 1743 quae
2328 1665 2600 1758 venient

637 1753 712 1816 in
745 1759 1056 1831 mentem,
1093 1771 1258 1836 quae
1293 1747 1597 1835 digniora
1629 1746 1939 1816 videntur
1972 1744 2384 1831 diligentiore
2418 1744 2592 1809 hma.

637 1835 745 1904 De
787 1858 935 1903 meo
979 1836 1253 1904 consilio
1296 1835 1527 1919 scripsi
1567 1833 1650 1901 ad
1702 1833 2088 1911 Girardum,
2156 1830 2238 1896 de
2281 1851 2407 1914 quo
2452 1852 2595 1896 coe-

721 1944 866 1989 ram
909 1932 1126 1991 tecum
1162 1942 1374 2007 agere.
1465 1920 1703 1987 Saluta
1741 1938 2019 1985 uxorem
2064 1925 2134 1984 et
2171 1927 2594 2001 symmystas.

678 2008 916 2075 aoobus
972 2017 1039 2074 et
1095 2008 1305 2074 nostri
1362 2028 1589 2073 omnes
1637 2013 1704 2070 te
1747 2004 2054 2072 salutant.
2141 2003 2330 2068 Vale.
2418 2003 2597 2067 Lau-

641 2115 883 2160 sannae
935 2099 1030 2160 19.
1077 2092 1414 2179 Septemb.
1465 2095 1650 2158 1546.

1779 2228 1963 2293 Tuus
2006 2226 2082 2293 P.
2128 2224 2422 2290 Viretus.

1415 2522 1822 2532 ——u-—b

1535 2756 1694 2829 828.

1171 2911 1591 2981 CALVINU
1593 2913 1645 2980 S
1690 2910 2061 2979 VIRE'I'O.

819 3083 950 3150 oar
991 3103 1193 3164 nuper
1246 3083 1505 3149 oderim
1560 3084 1810 3150 domum
1856 3106 2140 3150 reversus
2189 3085 2276 3151 sit
2329 3086 2593 3167 exponit.

649 3173 1014 3237 Tractatum
1049 3170 1260 3235 Vireto
1285 3171 1560 3250 remittit,
1605 3172 1680 3236 de
1721 3172 2045 3237 nonnullis
2086 3172 2296 3237 addito
2338 3172 2593 3237 iudicio.

641 3258 895 3322 Laeros
936 3256 1025 3321 ad
1049 3254 1382 3321 Sulzerum
1423 3258 1695 3338 ,emtas
1736 3277 1876 3322 cum
1914 3277 1981 3322 eo
2013 3259 2435 3337 communicat,
2476 3259 2595 3322 mi-

639 3343 934 3426 tiyandas
989 3343 1052 3405 si
1107 3340 1411 3406 videatur.
1500 3342 1603 3410 De
1647 3341 1874 3407 Ribim
2089 3343 2227 3410 culo
2278 3365 2433 3410 casu
2489 3364 2595 3408 ne-

634 3430 825 3513 9lecto
867 3428 1165 3493 excusari
1206 3429 1393 3511 cupit.
1487 3426 1885 3494 Commendat
1920 3429 2076 3494 duos
2115 3430 2352 3512 fratres
2393 3450 2595 3511 nuper

640 3536 680 3580 a
722 3514 866 3596 fure
907 3517 1138 3578 exutos,

640 3701 753 3768 (Ex
789 3705 915 3755 auto

739 3776 858 3826 tant
1012 3702 1123 3770 pho
1171 3700 1301 3754 Cod.
1339 3699 1544 3756 Genev.
1581 3699 1723 3754 1072,
1769 3701 1862 3756 fol.
1909 3701 2037 3772 294,
2084 3704 2235 3759 cuius
2281 3720 2351 3775 ap

640 3786 737 3825 exs

935 3769 1192 3825 onvillaei
1227 3768 1357 3823 Cod.
1395 3768 1511 3835 196,
1562 3770 1651 3824 fol.
1688 3769 1781 3836 82,
1831 3771 2105 3827 Turretini
2149 3771 2280 3828 Ood.
2324 3721 2485 3844 iffi?
2484 3705 2596 3828 1}ng

1072 3837 1169 3891 181
1208 3845 1264 3892 et
1299 3840 1577 3893 Beruense
1612 3840 1753 3909 Epp.
1792 3839 1918 3895 VII.
1955 3858 2010 3910 p.
2048 3840 2162 3909 38.)

639 4008 855 4075 Fideli
894 4007 1167 4073 Domini
1210 4009 1422 4075 nostri
1476 4010 1634 4075 Iesu
1679 4009 1929 4076 Christi
1989 4033 2181 4079 servo
2225 4012 2427 4078 Petro
2471 4013 2593 4078 Vi-

809 4101 950 4159 reto
1016 4095 1515 4161 Lausannensis
1579 4096 1890 4164 ecclesiae
1961 4100 2209 4180 pastori
2271 4100 2463 4165 fiatri
2528 4108 2595 4165 et

809 4180 1018 4246 amico
1060 4180 1504 4266 integerrimo.

806 4313 874 4382 S.
966 4315 1325 4402 Negotium
1384 4316 1558 4402 quod
1611 4340 1719 4385 me
1776 4319 2059 4386 retraxit
2100 4342 2312 4406 nuper
2354 4344 2442 4389 ex
2482 4324 2592 4389 iti-

632 4423 791 4467 nere
824 4404 874 4481 ¹)
917 4423 1051 4468 non
1088 4401 1314 4468 debuit
1359 4403 1622 4488 quidem
1665 4405 1943 4492 negligi:
1989 4428 2123 4474 non
2169 4415 2393 4475 tamen
2438 4431 2590 4494 cog-

632 4489 848 4553 nitum
892 4489 1062 4553 tanti
1103 4488 1270 4554 mihi
1311 4489 1546 4555 fuisset
1603 4496 1680 4556 ut
1732 4512 1996 4559 cursum
2036 4493 2250 4560 subito
2295 4497 2589 4561 reflecte·

633 4594 791 4638 rem.
881 4572 1269 4641 Volitabant
1322 4575 1578 4643 sinistri
1633 4598 1933 4646 rumores
1976 4579 2236 4645 Bernae
2251 4630 2269 4658 ,
2327 4589 2589 4648 nostros

633 4678 911 4725 arcanae
977 4662 1193 4726 nescio
1266 4659 1423 4745 quid
1490 4661 1882 4745 proditionis
1937 4664 2110 4731 clam
2167 4665 2382 4732 moliri
2439 4687 2590 4733 cum

630 4745 836 4829 Rege.
922 4745 1169 4810 Futilis
1213 4746 1560 4827 calumnia,
1607 4756 1674 4813 et
1717 4771 1884 4835 quae
1928 4750 2097 4816 nihil
2140 4752 2275 4817 fere
2318 4751 2593 4819 haberet

631 4830 883 4909 coloris,
939 4829 1055 4898 sed
1099 4838 1324 4898 tamen
1364 4840 1622 4900 mature
1664 4836 1947 4918 opprimi
1989 4835 2330 4903 commoda
2372 4837 2595 4924 aliqua

631 4915 890 4981 ratione
924 4936 1161 5000 operae
1195 4917 1484 5002 pretium
1503 4927 1667 4985 erat.
1726 4922 2039 4988 Poteram
2073 4922 2305 5003 literiS,
2341 4925 2398 4989 si
2431 4925 2592 4992 fuis-

637 5273 714 5329 N.
749 5204 1576 5335 8263)nft.⁰¹”u1⁸2mnm
1609 5209 2376 5350 &atmfffitiaaef't
2410 5215 2589 5286 ’Μ’

668 5342 810 5398 828.
849 5343 907 5411 1)
948 5345 1023 5400 N.
1096 5345 1181 5409 26,
1216 5352 1329 5403 not.
1369 5346 1431 5401 11
1465 5353 1516 5404 et
1551 5347 1630 5405 N.
1666 5348 1787 5413 827,
1821 5356 1931 5406 not.
1969 5350 2018 5407 3.

2205 434 2734 504 EPIS'POLAE
2778 437 3121 501 827-830

4516 447 4608 511 384

2700 623 3266 751 semzadmonitus,
3325 624 3440 692 sed
3486 627 3744 712 quando
3791 627 3983 696 aliter
4028 628 4266 697 accidit
4312 631 4611 700 ferendum

2702 718 2819 775 est.
2869 717 2898 788 )

2872 796 3254 862 Tractatum
3311 797 3432 863 tibi
3486 801 3769 867 remitto.
3859 800 4198 885 Quidquid
4252 812 4367 869 tuo
4419 803 4614 872 iudicio

2702 880 3097 948 demendum
3140 882 3267 948 erit
3308 892 3541 967 sponte
3583 894 3863 954 occuret.
3952 885 4453 972 Supervacuum
4491 911 4614 976 ergo

2703 966 2867 1032 duxi
2914 967 3091 1034 locos
3136 969 3475 1054 sigillatim
3517 980 3763 1038 notare.
3853 971 4043 1055 Quae
4088 974 4331 1058 alioqui
4375 997 4501 1040 nou
4534 977 4615 1042 in-

2702 1061 2892 1139 grata
2933 1054 3110 1120 lectu
3152 1063 3371 1121 essent
3426 1056 3654 1122 multis
3673 1106 3688 1134 ,
3745 1067 3815 1123 et
3868 1061 4136 1142 cognitu
4190 1060 4389 1127 valde
4445 1062 4616 1140 utilia,

2701 1161 2895 1205 suum
2958 1146 3178 1204 tamen
3241 1141 3458 1207 locum
3515 1144 3833 1227 aptiorem
3899 1145 4055 1212 alibi
4117 1147 4477 1213 invenient.
4551 1148 4619 1213 In

2700 1225 3095 1292 testimoniis
3139 1226 3341 1292 etiam
3383 1227 3466 1291 ad
3501 1237 3691 1293 tuum
3735 1229 4111 1296 institutum
4157 1231 4621 1299 accommodan-

2702 1309 2805 1376 dis
2848 1309 3172 1391 brevitati,
3220 1312 3434 1395 quoad
3476 1335 3583 1378 res
3626 1315 3809 1395 feret,
3855 1314 4138 1382 studeas.

2878 1395 3138 1464 Sulmo
3168 1397 3401 1481 scripsi
3437 1408 3511 1464 ut
3543 1398 3915 1466 iudicabam
3951 1402 4275 1486 expedire.
4344 1401 4425 1469 Si
4458 1404 4624 1470 nimis

2699 1481 2888 1547 illum
2952 1484 3244 1564 praecise
3306 1504 3538 1570 urgeo,
3619 1487 3905 1571 rigorem
3971 1508 4194 1553 meum
4257 1489 4625 1573 temperabis

2700 1568 3119 1634 clementiore
3162 1569 3358 1653 stylo.
3423 1569 3574 1636 Non
3614 1572 3800 1654 potui
3844 1585 4067 1639 tamen
4117 1575 4282 1639 mihi
4326 1575 4627 1659 imperare

2698 1662 2774 1718 ut
2807 1655 3033 1719 mitius
3076 1674 3357 1738 agerem.
3422 1656 3651 1740 Neque
3694 1679 3853 1725 vero
3897 1660 4253 1743 apparebat
4290 1661 4477 1740 ratio,
4518 1661 4629 1726 nisi

2698 1738 2937 1805 vellem
2994 1738 3277 1805 blandiri
3342 1751 3456 1806 aut
3517 1743 3755 1809 saltem
3819 1744 4208 1813 submissius
4271 1768 4468 1832 quam
4527 1768 4631 1831 pro

2698 1845 2933 1891 causae
2976 1833 3216 1891 natura
3253 1848 3406 1891 eum
3446 1850 3731 1895 monere.
3823 1827 3959 1897 Sed
4012 1829 4095 1897 de
4145 1830 4272 1899 hac
4328 1853 4408 1897 re
4463 1841 4630 1898 tuum

2699 1919 2837 1976 esto
2879 1908 3212 1976 iudicium.
3236 1914 3292 1990 ⁸)

2871 1995 3063 2080 Apud
3127 1996 3435 2063 Ribittum
3510 1998 3675 2064 mihi
3745 1998 4128 2085 deprecator
4209 2004 4299 2070 sis
4377 2009 4632 2088 oportet.

2699 2081 2853 2164 Ipse
2893 2103 3026 2147 non
3069 2091 3348 2162 accusat,
3394 2105 3516 2169 ego
3559 2086 3734 2151 ultro
3776 2087 4037 2170 culpam
4075 2089 4301 2155 fateor.
4365 2087 4639 2156 Dederat

2707 2168 2987 2233 Girardo
3021 2171 3549 2252 supputationem
3595 2192 3920 2237 annorum
3957 2173 4191 2240 mundi
4203 2178 4264 2253 ⁴)
4309 2195 4350 2239 a
4396 2196 4467 2242 se
4508 2176 4638 2240 bre-

2700 2253 2879 2319 viter
2921 2252 3260 2320 collectam
3301 2265 3368 2320 et
3424 2254 3758 2341 eleganter
3815 2258 4155 2343 digestam.
4245 2261 4421 2326 Mihi
4464 2259 4640 2327 valde

2700 2337 3057 2422 placuerat,
3100 2340 3229 2406 nisi
3317 2341 3446 2406 uod
3489 2363 3620 2408 uno
3663 2344 3733 2407 in
3772 2335 3918 2410 loco
3962 2344 4389 2412 haesitabam.
4470 2346 4641 2412 Tunc

2703 2443 2881 2490 eram
2928 2445 3125 2508 supra
3167 2447 3275 2491 mo
3320 2447 3436 2491 um
3479 2437 3856 2513 occupatus:
3903 2433 4164 2516 seposui
4196 2433 4267 2498 in
4305 2433 4450 2499 loco
4493 2441 4640 2510 tuto,

2702 2509 2818 2577 sed
2874 2511 2972 2575 ita
3015 2520 3093 2575 ut
3146 2511 3427 2579 turbatis
3483 2513 3731 2580 chartis
3792 2515 4194 2599 aliquamdiu
4238 2540 4372 2584 non
4427 2526 4643 2602 potue—

2700 2596 2791 2661 rit
2831 2596 3140 2662 inveniri.
3229 2600 3465 2664 'facuit
3512 2600 3837 2667 Gis-ardus
3890 2603 4162 2669 interea.
4262 2604 4414 2689 Ego
4468 2603 4643 2669 fateri

2701 2703 2834 2747 non
2878 2702 3077 2748 ausus
3119 2704 3268 2748 sum
3311 2685 3483 2768 quod
3540 2693 3697 2752 erat.
3786 2686 3984 2755 Nunc
4027 2688 4281 2774 gaudeo
4318 2711 4431 2756 me
4473 2710 4645 2773 repe-

2699 2768 2897 2847 risse,
2965 2767 3081 2833 sed
3138 2790 3223 2835 ex
3288 2791 3416 2854 quo
3472 2772 3687 2854 reperi
3744 2773 4039 2840 nondum
4099 2774 4458 2841 Gir-ardum
4511 2795 4644 2842 sum

2700 2852 3093 2938 alloquutus.
3184 2855 3330 2920 Iam
3373 2855 3472 2921 illi
3517 2856 3654 2923 dixi
3697 2860 3958 2939 utilem,
4019 2881 4166 2926 meo
4208 2860 4473 2938 iudicio,
4528 2861 4648 2926 edi-

2700 2939 2945 3004 tionem
2989 2940 3144 3005 fore.
3233 2941 3466 3026 Itaque
3510 2964 3645 3008 non
3687 2942 3963 3023 differet,
4009 2955 4086 3013 ut
4126 2966 4333 3030 spero.
4421 2947 4647 3013 Rihitto

2698 3025 2905 3110 igitur
2943 3024 3296 3108 plurimam
3337 3028 3617 3094 salutem
3675 3029 3850 3098 dices
3908 3053 4053 3098 meo
4111 3035 4379 3100 nomine
4425 3042 4495 3100 et
4533 3033 4649 3100 hoo

2699 3120 2912 3176 totum
2955 3114 3316 3179 excusabis,

2871 3198 2981 3261 En
3025 3197 3143 3263 tibi
3189 3199 3315 3265 duo
3358 3200 3598 3267 fratres
3642 3203 3755 3285 qui
3809 3204 4095 3270 multum
4150 3225 4190 3268 a
4246 3203 4550 3272 doctrina
4590 3216 4648 3269 et

2700 3283 3026 3366 probitate
3069 3284 3582 3351 commendatur.
3649 3288 3953 3354 Alterum
3994 3291 4102 3357 hic
4145 3290 4286 3356 vidi
4325 3299 4484 3356 ante
4524 3300 4647 3355 tres

2700 3388 2927 3448 annos,
2973 3368 3088 3434 sed
3131 3380 3407 3454 uterque
3434 3370 3739 3439 Ferronio
3772 3377 4035 3457 penitus
4069 3386 4269 3442 notus
4291 3385 4411 3442 est.
4480 3376 4647 3442 Red-

2701 3454 2880 3520 ditur
2921 3454 3055 3520 illis
3097 3457 3505 3539 praeclarum
3549 3460 4017 3526 testimonium.
4087 3460 4265 3544 Quia
4307 3485 4507 3529 usum
4542 3462 4648 3526 ali·

2699 3561 2894 3624 quem
2940 3541 3043 3605 sui
3085 3541 3222 3607 fore
3267 3543 3630 3624 confidunt,
3687 3546 3769 3610 ad
3812 3568 3933 3613 vos
3977 3569 4053 3612 eo
4098 3550 4319 3613 animo
4358 3548 4643 3633 proficis-

2697 3637 2941 3692 cuntur
2986 3638 3059 3691 ut
3114 3635 3303 3711 capto
3347 3630 3793 3711 experimento
3845 3642 4142 3699 vestrum
4196 3637 4284 3701 sit
4335 3635 4645 3703 iudicium

4740 1763 4785 3409 *ww-Q.

2701 3711 2782 3778 de
2840 3712 2965 3779 hac
3024 3733 3115 3778 re.
3211 3714 3485 3780 Habent
3538 3738 3663 3800 quo
3716 3740 3787 3784 se
3841 3724 4212 3786 sustentent
4265 3720 4350 3787 ad
4404 3722 4644 3805 aliquot
4772 3744 4777 3759 .

2695 3819 2972 3864 menses.
3060 3799 3314 3865 Furem
3372 3802 3486 3884 qui
3543 3802 3675 3869 illis
3749 3814 3966 3871 vestes
4022 3813 4089 3872 et
4143 3808 4272 3873 alia
4327 3807 4644 3873 nonnulla

2699 3883 3089 3964 abstulerat,
3156 3887 3530 3952 curavimus
3593 3891 4063 3957 retrahendum
4120 3901 4188 3959 et
4237 3894 4453 3980 virgis
4510 3912 4642 3960 oae-

2700 3970 3006 4050 dendum,
3061 3992 3262 4054 quum
3319 3974 3378 4037 ei
3436 3985 3797 4058 parcerent.
3886 3977 4070 4042 Nihil
4115 3990 4336 4045 tamen
4379 3999 4643 4064 monpe-

2696 4067 2932 4121 rarunt
2986 4058 3142 4139 quia
3194 4056 3305 4124 ille
3373 4061 3686 4142 praedam
3740 4062 4056 4146 Lugduni
4108 4087 4262 4132 cum
4317 4065 4641 4132 sodalibus

2698 4140 3032 4207 diviserat.
3121 4141 3200 4208 Si
3243 4141 3430 4229 digni
3487 4156 3644 4213 sunt
3659 4199 3675 4227 ,
3732 4147 4282 4232 quemadmodum
4325 4152 4640 4225 existimO,

2696 4227 2797 4293 fao
2862 4228 3144 4293 sentiant
3205 4250 3276 4295 se
3341 4230 3463 4296 tibi
3527 4233 3728 4299 fuisse
3796 4241 3864 4299 et
3928 4235 4076 4301 aliis
4141 4238 4637 4304 commendatos.

2695 4311 2895 4392 Vale,
2953 4314 3156 4379 frater
3218 4322 3286 4380 et
3340 4319 3546 4385 amice
3599 4319 4040 4406 integerrime.
4143 4322 4475 4391 Dominus
4532 4322 4640 4388 tihi

2898 4601 2961 4668 2)
2997 4601 3074 4656 D.
3113 4604 3199 4660 20.
3248 4605 3391 4677 Sept.
3432 4607 3695 4663 Calvinus
3746 4610 3809 4664 in
3853 4616 4049 4666 sonam
4094 4611 4162 4666 de
4205 4611 4295 4666 his
4336 4613 4639 4668 muneratum

2687 4685 2954 4741 praesens
2986 4673 3152 4729 verba
3178 4674 3327 4740 fecit.
3397 4676 3471 4730 M.
3508 4677 3695 4731 Calvin
3742 4695 3775 4731 a
3810 4678 4036 4734 refferuz
4073 4682 4166 4749 qui
4199 4697 4296 4735 sen
4331 4682 4508 4753 alloyt
4531 4682 4636 4752 jus-

2697 4756 2803 4810 que
2839 4757 2874 4794 a
2908 4740 3287 4798 Neufzchastel
3322 4750 3379 4798 et
3414 4752 3584 4815 quant
3617 4746 3767 4801 illast
3812 4753 3929 4802 este
3974 4767 4008 4802 a
4041 4749 4328 4806 Lausanne
4361 4751 4515 4805 illast
4553 4767 4635 4803 en·

2694 4808 2863 4864 tenda
2898 4826 3003 4879 que
3039 4812 3314 4866 Bonifl'aoe
3348 4820 3506 4883 peter
3540 4825 3704 4885 avoyt
3737 4832 3886 4871 seme
3920 4832 4024 4886 par
4060 4818 4236 4872 Berne
4273 4835 4376 4889 que
4412 4819 4637 4874 actendu

2697 4895 2803 4948 que
2838 4878 2918 4932 les
2951 4879 3125 4947 lignes
3159 4881 3417 4936 navoient
3434 4884 3625 4939 voulsu
3647 4890 3935 4955 consentyr
3971 4900 4077 4955 que
4096 4886 4316 4943 Geneve
4346 4887 4460 4944 fust
4493 4888 4637 4942 sllies

2696 4963 2935 5016 aveoque
2970 4950 3097 5003 eulx
3134 4967 3239 5018 que
3273 4951 3315 5003 il
3349 4967 3409 5004 ce
3445 4954 3671 5008 vollient
3705 4953 3831 5008 allie
3865 4970 4104 5024 avecque
4140 4956 4192 5009 le
4210 4957 4296 5010 Bo
4349 4956 4419 5011 de
4436 4957 4635 5010 Franco

2696 5022 2753 5070 et
2788 5033 2895 5086 que
2929 5018 3020 5071 lon
3055 5018 3238 5090 fassoy
3270 5035 3331 5073 re
3371 5036 3495 5075 arer
3536 5023 3616 5076 les
3664 5022 3917 5093 chemyns
3966 5023 4227 5095 dempuys
4310 5025 4635 5094 hambeyrier

2692 5092 2884 5208 οοιὲῗο
2938 5085 3174 5143 Geneve.
3255 5087 3300 5144 Ο
3369 5104 3511 5144 onne
3568 5108 3673 5160 que
3709 5107 3779 5144 en
3830 5097 3956 5163 soyt
4003 5094 4208 5163 escript
4258 5094 4313 5148 le
4356 5102 4633 5163 conti-syre

2694 5172 2729 5207 a
2840 5171 2954 5209 rue.

2899 5222 2961 5289 3)
2999 5221 3091 5278 De
3128 5225 3347 5282 Calvina·
3375 5228 3439 5281 in
3476 5227 3758 5283 Salam
3792 5230 3978 5285 animo
4010 5230 4136 5285 vide
4167 5232 4332 5288 etiam
4363 5231 4443 5288 N.
4479 5230 4593 5287 820·

2899 5291 2962 5360 4)
2998 5293 3087 5348 De
3119 5295 3224 5350 tali
3258 5295 3462 5353 Ribiffl
3603 5300 3752 5353 scazo
3783 5299 3927 5354 nihil
3958 5299 4099 5355 αῐῶἰ
4128 5301 4361 5383 loqimm
4442 5300 4627 5357 Gesne-

2695 5361 3398 5429 metHaaoo'astat-ent.
3526 5369 4416 5438 ortammnquamodaumm.
