4825 6175
187 456 290 518 113

176 649 295 710 stet
314 641 379 702 in
400 639 583 705 vobis
603 634 1031 703 exhortandis
1056 658 1190 703 non
1211 658 1325 703 ero
1351 638 1630 722 longior,
1681 660 1765 704 ne
1787 635 1940 703 fidei
1963 659 2111 704 ves·

175 735 303 793 trae
324 722 666 806 studioque
695 722 991 798 diffidere
1015 722 1262 800 videar,
1307 724 1426 790 sed
1444 734 1703 789 tantum
1726 723 2109 803 admoneb0,

171 814 349 894 idque
365 810 664 887 breviter,
683 830 804 875 nos
824 830 1095 892 operam
1106 808 1427 877 hactenus
1454 809 1710 895 agendo
1727 810 2108 895 perdidisse,

172 901 289 966 nisi
329 916 467 961 rem
512 894 595 960 de
637 895 779 960 inte
862 917 899 960 o
944 895 1255 979 urgeatis
1344 897 1495 964 Hoc
1530 899 1725 976 enim,
1771 905 1849 961 ut
1892 894 2107 975 audie,

169 981 539 1065 consequuti
573 988 729 1047 sunt
764 918 964 1064 {29ss
1006 982 1427 1063 pensionarii,
1462 992 1539 1047 ut
1571 983 1933 1048 multorum
1966 982 2109 1045 ani-

170 1091 300 1137 mos
351 1088 391 1132 a
447 1087 647 1132 eausa
716 1067 1170 1133 alienaverint.
1272 1069 1579 1135 Gravant
1637 1070 1811 1134 enim
1873 1069 2108 1133 fratres

169 1156 428 1224 crimine
481 1152 901 1236 impudenter
952 1156 1263 1234 conficte,
1330 1177 1468 1221 non
1525 1153 1856 1239 evangelii
1911 1174 2111 1220 causa

168 1240 500 1326 pertulisse
542 1239 715 1306 hanc
758 1240 1217 1319 calamitatem.
1274 1241 1391 1307 sed
1433 1242 1589 1325 quia
1631 1241 1951 1324 episcopis
1996 1238 2107 1304 de-

169 1329 358 1394 cimas
400 1333 739 1409 negarent.
828 1326 976 1392 Hoc
1022 1328 1104 1393 ab
1148 1329 1330 1391 omni
1365 1330 1669 1394 verit-atis
1710 1329 1927 1395 colore
1971 1339 2109 1394 tam

167 1427 258 1479 est
298 1410 607 1489 alienum,
662 1422 739 1475 ut
794 1433 880 1477 ne
930 1412 1294 1479 Griuiauus
1335 1414 1619 1497 quidem,
1680 1415 1876 1499 Regis
1931 1438 2110 1482 nunc

166 1499 407 1581 legatus
428 1496 860 1574 Wormatiae,
906 1500 1015 1580 qui
1040 1507 1234 1564 autor
1266 1501 1392 1565 fuit
1427 1502 1632 1567 totius
1667 1501 1827 1567 mali
1852 1503 2111 1586 Βερενι-

166 1605 281 1668 que
337 1603 462 1648 sua
514 1582 789 1666 perfidia
842 1583 1280 1653 inflammavit
1328 1585 1412 1652 ad
1471 1587 1596 1654 hoc
1641 1597 1777 1653 tam
1822 1589 2109 1654 immane

165 1672 404 1736 facinus
459 1668 994 1752 perpetrandum,
1054 1670 1121 1735 id
1180 1693 1472 1754 unquam
1515 1672 1867 1739 obtendere
1910 1696 2111 1740 ausus

163 1756 366 1820 fuerit.
435 1754 655 1820 Audio
700 1755 895 1819 etiam
934 1756 1097 1822 alios
1139 1778 1260 1822 sua
1302 1769 1533 1841 sponte
1575 1761 1709 1825 iam
1754 1761 2108 1839 refrixisse,

163 1848 230 1906 ut
281 1862 411 1905 non
476 1840 612 1905 sint
670 1840 1024 1907 admodum
1073 1841 1153 1907 de
1196 1842 1618 1911 sublevandis
1660 1847 1939 1912 fratrum
1985 1849 2108 1912 mi-

163 1926 338 1992 seriis
378 1925 663 1992 solliciti.
741 1927 1049 1992 Vestrum
1088 1949 1246 2012 ergo
1296 1931 1424 1995 erit
1463 1941 1799 2015 torpentes
1832 1933 2108 1998 incitare

165 2020 225 2077 et
274 2010 587 2077 reducere
649 2013 731 2076 ad
775 2033 1061 2093 causam,
1108 2016 1220 2097 qui
1262 2016 1443 2081 falsis
1488 2017 1926 2083 delationibus
1969 2019 2107 2083 fue-

164 2107 309 2162 runt
365 2098 649 2163 adversi.
747 2098 978 2181 Neque
1032 2121 1151 2165 vos
1203 2115 1465 2167 moveat
1521 2105 1575 2166 si
1624 2103 1766 2168 Rex
1823 2104 2107 2186 aliquam

164 2183 671 2249 moderationem
726 2205 796 2249 se
857 2184 1234 2251 adhibuisse
1291 2210 1473 2253 nunc
1531 2188 1819 2253 simulet.
1920 2189 2110 2255 Misit

163 2269 316 2334 forte
357 2270 885 2334 commissarium
913 2274 976 2348 ¹),
1024 2271 1138 2336 sed
1183 2295 1376 2338 nemo
1421 2288 1522 2339 est
1572 2276 1685 2358 qui
1725 2275 2109 2358 promiseris

163 2355 464 2422 fian-ibus
506 2356 783 2422 verbum
828 2356 1043 2423 facere
1089 2357 1343 2424 audeat.
1434 2361 1718 2425 Plurimi
1764 2362 1834 2425 in
1881 2362 2108 2426 vincu-

164 2440 237 2504 lis
297 2443 671 2507 miserrime
735 2441 1096 2522 tabescunt,
1160 2445 1273 2509 alii
1335 2446 1497 2529 fuga
1559 2456 1720 2511 sunt
1781 2448 2108 2530 dissipati:

165 2548 343 2592 nemo
387 2533 496 2593 est
538 2528 647 2611 qui
695 2527 777 2592 ad
819 2529 1160 2595 visendam
1205 2551 1388 2595 suam
1424 2534 1739 2597 familiam
1776 2533 2112 2616 adspirare

168 2613 341 2677 ausit.
432 2614 862 2679 Incursiones
916 2617 1117 2680 etiam
1171 2617 1589 2701 quotidianae
1646 2622 1818 2684 fiunt
1872 2641 1959 2683 ex
2003 2640 2112 2685 co-

165 2699 394 2764 mitatu·
454 2700 908 2765 Avenionensi
985 2723 1120 2766 non
1185 2704 1429 2787 absque
1497 2705 1694 2789 Ray-is
1768 2705 2111 2788 permissu.

169 2781 358 2850 Curia
416 2786 769 2868 Aquensis,
825 2807 994 2869 quae
1052 2797 1342 2872 stragem
1395 2788 1577 2855 illam
1623 2788 1847 2870 edidit,
1905 2790 2114 2855 nihilo

166 2881 259 2934 est
296 2871 475 2937 facta
518 2871 762 2936 mitior.
850 2872 1082 2955 Neque
1138 2895 1296 2940 vero
1353 2896 1579 2941 eorum
1625 2874 1954 2941 duntaxat
1995 2876 2113 2940 ha-

166 2953 366 3021 benda
402 2958 592 3034 rati0,
630 2955 745 3022 sed
781 2960 1076 3023 omnium
1111 2961 1221 3041 qui
1257 2965 1499 3042 passim
1534 2964 1607 3025 in
1646 2983 1851 3045 regno
1887 2961 2115 3026 eadem

166 3040 650 3108 inhumanitate
685 3054 1031 3110 vexantur.
1122 3046 1415 3113 Parisios
1452 3046 1739 3132 undique
1774 3048 2115 3114 advehun-

167 3138 268 3194 tur
306 3130 541 3202 vincti.
589 3139 656 3195 et
686 3130 816 3194 nisi
852 3131 1112 3196 obviam
1136 3143 1324 3197 eatur
1349 3133 1532 3198 brevi
1568 3134 1848 3199 audietis
1871 3155 1938 3197 m
2030 3156 2117 3200 na

166 3216 357 3283 variis
433 3218 599 3283 locis
675 3216 982 3282 incendia
1046 3219 1327 3301 flagrare
1388 3240 1510 3285 nec
1579 3220 1968 3301 restinguen
2014 3221 2113 3295 i2)

167 3308 415 3386 tempus
477 3304 619 3369 erit.
721 3303 918 3368 Nunc
982 3303 1187 3386 igitur
1253 3317 1499 3385 quanta
1553 3307 1852 3388 poteritis
1916 3305 2113 3371 vehe-

168 3390 405 3454 mentia
448 3388 814 3454 incumbite
858 3397 933 3453 ut
968 3390 1206 3473 legatio
1249 3392 1474 3474 gravis
1508 3392 1811 3456 mittatur
1829 3390 1905 3476 Β),
1951 3411 2116 3476 quae

170 3474 330 3539 serio
389 3497 430 3539 a
493 3474 660 3556 Rege
718 3473 1005 3556 postulet
1049 3476 1300 3541 vinctos
1342 3473 1600 3554 dimitti,
1660 3478 1921 3543 restitui
1963 3498 2116 3560 pro-

169 3559 345 3642 fugos
388 3561 463 3625 in
514 3580 632 3624 sua
673 3559 862 3634 bona,
909 3558 1143 3625 deinde
1187 3563 1635 3643 quaestionem
1681 3584 1958 3646 aequam
1999 3563 2117 3628 ha-

171 3643 300 3709 beri
343 3644 425 3711 de
473 3644 602 3711 fide
646 3645 1065 3727 moribusque
1106 3647 1392 3729 piorum:
1438 3648 1603 3713 illud
1649 3662 1868 3714 autem
1912 3651 2119 3732 inpri-

170 3732 286 3796 mis
327 3743 586 3815 urgeat‚
632 3729 806 3812 quod
850 3752 981 3795 non
1017 3733 1357 3798 omisimus
1390 3755 1589 3817 quum
1628 3735 1772 3800 istic
1809 3734 2117 3812 foremus,

172 3817 605 3883 coniecturam
673 3838 862 3898 posse
925 3818 1066 3883 fieri
1134 3840 1261 3902 quo
1302 3821 1407 3897 ,sit
1458 3822 1676 3885 animo
1732 3841 1891 3903 erga
1954 3820 2118 3886 Hel-

172 3904 385 3983 vetios,
446 3904 560 3984 qui
622 3903 817 3968 fidem
879 3925 1103 3968 eorum
1162 3915 1351 3969 tanto
1403 3907 1624 3970 furore
1669 3906 1741 3969 in
1786 3907 1922 3972 suis
1965 3906 2117 3972 sub-

174 4056 229 4066 ⁶—-

194 4146 328 4199 665.
372 4149 429 4207 1)
470 4147 653 4216 Apres
690 4147 769 4199 les
815 4146 1050 4199 susdites
1087 4154 1337 4199 cruautes
1372 4146 1511 4198 ainsi
1548 4147 1850 4215 commises,
1898 4148 2120 4202 cuidans

173 4229 300 4268 ceux
346 4216 416 4269 de
460 4216 518 4268 la
563 4232 694 4270 cour
741 4216 957 4268 couvi-ir
1003 4217 1148 4268 leurs
1196 4215 1471 4284 injustices
1518 4216 1838 4268 envoierent
1872 4217 2118 4270 commis-

176 4284 333 4337 saires
378 4302 524 4355 pour
569 4284 829 4337 informer
874 4284 969 4337 des
1015 4293 1259 4352 suspects
1306 4283 1596 4349 d’horesie,
1647 4292 1702 4335 et
1750 4284 1978 4338 suchans
2015 4303 2120 4354 que

172 4350 223 4403 la
263 4354 470 4422 plainte
518 4370 584 4406 en
629 4353 796 4405 estoit
829 4368 1003 4406 venue
1032 4353 1257 4421 jusques
1303 4371 1371 4405 au
1406 4353 1526 4421 Roy
1563 4372 1597 4422 y
1632 4353 1951 4407 envoierent
1984 4354 2123 4407 ledit

174 4418 247 4471 La
278 4422 411 4486 Fon,
450 4424 633 4501 lequel
669 4428 838 4490 ayant
872 4422 1049 4475 donne
1085 4421 1119 4474 a
1152 4422 1414 4474 entendre
1452 4438 1557 4489 que
1592 4428 1715 4474 tous
1752 4422 1830 4474 les
1865 4423 2118 4476 habitans

174 4489 302 4542 ainsi
335 4492 561 4545 traictes
597 4493 817 4543 avoient
837 4491 951 4543 este
984 4491 1101 4544 ouis
1131 4507 1333 4558 cognus
1358 4496 1415 4544 et
1439 4490 1595 4559 juges
1624 4507 1761 4558 pour
1789 4491 2116 4560 heretiques,

174 4557 347 4613 obtint
378 4561 574 4613 lettres
610 4559 683 4611 du
719 4558 803 4611 23.
840 4566 997 4613 aoust
1022 4557 1158 4612 1545
1193 4578 1224 4611 a
1305 4566 1536 4612 rouvant
1571 4559 1941 4612 taisiblement
1964 4566 2116 4613 toute

176 4636 308 4680 ceste
344 4630 631 4681 execution
670 4628 847 4692 (Hist.
885 4630 1004 4683 eccl.
1048 4630 1090 4691 l,
1125 4645 1178 4696 p.
1211 4577 1300 4680 (Β)
1316 4630 1389 4691 cf.
1439 4627 1647 4681 Thuan.
1683 4628 1717 4680 l.
1755 4628 1787 4680 l.
1823 4645 1874 4695 p.
1910 4627 2056 4693 544.)

371 4697 431 4763 ⁶2)
477 4698 568 4751 Sic
600 4700 821 4752 omniuo
856 4698 1130 4766 leyeuclum
1168 4715 1287 4753 cum
1324 4698 1371 4750 T
1365 4698 1610 4752 arretino
1636 4705 1792 4752 caett.
1849 4697 1977 4753 God.
2015 4697 2117 4751 106

175 4760 346 4819 habet.-
382 4767 767 4835 restringendi.
1320 4828 1323 4831 ¹

368 4834 431 4900 3)
475 4836 556 4889 Ιο.
600 4834 842 4888 Sturmio
874 4836 1110 4889 maxime
1144 4842 1336 4888 autore
1370 4836 1857 4903 Arqeutorateuses
1893 4837 1961 4891 de
1993 4840 2116 4890 istis

174 4908 326 4961 rebus
359 4909 516 4976 apud
554 4907 755 4976 Reyem
792 4907 931 4959 satis
972 4906 1131 4958 enixe
1162 4906 1595 4972 intercesserant,
1629 4906 1723 4959 sed
1758 4921 1997 4960 severam
2034 4912 2115 4959 tu·

176 4974 345 5031 lerant
386 4978 678 5046 repulsam,
722 4974 808 5027 27.
856 4975 1029 5027 Iunii.
1113 4972 1400 5039 (Schmidt,
1452 4973 1632 5028 sturm
1676 4991 1730 5041 p.
1778 4974 1887 5040 59.)
1962 4975 2117 5029 Post·

175 5046 382 5099 modum
430 5062 594 5115 quum
634 5045 954 5113 principum
1001 5049 1279 5096 mter-esset
1316 5043 1487 5110 Reqis
1518 5044 1765 5109 favorem
1801 5045 1910 5097 sibi
1939 5048 2115 5097 couci·

174 5111 321 5182 licre,
363 5131 465 5170 uec
505 5117 690 5169 minus
740 5112 924 5182 Reqis,
968 5118 1031 5165 ut
1071 5114 1347 5178 principes
1393 5112 1596 5166 amicos
1639 5113 1871 5178 haberet,
1918 5129 2116 5167 novam

176 5179 485 5250 legationem
529 5184 605 5238 ad
648 5182 847 5249 Reyem
893 5183 1171 5246 miseruut,
1218 5181 1375 5234 cuius
1418 5196 1554 5247 pars
1598 5187 1647 5233 et
1686 5180 1960 5234 Sturmt‘us
1989 5182 2116 5249 fuit,

182 5266 314 5318 quae
354 5259 535 5307 tamen
576 5254 637 5305 in
695 5250 1060 5372 hocwquidem
1106 5250 1319 5318 neyotio
1365 5252 1478 5302 iam
1519 5252 1740 5318 penitus
1784 5251 2024 5316 confecto
2069 5258 2117 5305 et

176 5328 293 5384 post
336 5323 751 5377 internecionem
869 5319 1173 5373 aldensium
1216 5317 1360 5371 nihil
1403 5319 1640 5386 amplius
1685 5318 1894 5383 efficere
1928 5321 2118 5387 potuit.

186 5385 367 5453 (sicia.
406 5391 494 5445 11.
527 5390 678 5457 399.)
713 5389 1018 5457 <Responsa
1051 5387 1223 5453 Reme
1256 5392 1460 5441 textum
1488 5387 1853 5442 auo-euticam
1889 5404 1999 5442 uon
2036 5404 2117 5442 re·

379 5476 599 5533 Calvino?
629 5491 819 5545 opera.
897 5474 1017 5530 Vol.
1054 5475 1204 5529 XII.
1957 5514 1964 5523 .

1959 452 2124 513 1545
2168 449 2353 517 IUL.

4057 462 4184 527 114

2218 635 2372 701 ditis
2415 643 2872 721 persequatur.
2943 637 3199 719 Valete,
3242 641 3481 705 fratres
3515 641 3946 726 integerrimi.
4036 644 4180 712 Do-
4285 653 4288 658 '

2215 722 2438 789 minus
2481 743 2602 789 vos
2646 732 2995 789 conservet
3033 743 3111 791 ac
3153 725 3496 792 benedicat
3526 728 3895 795 ministerio
3935 739 4176 799 vestro.

2215 809 2451 874 Amen.
2544 808 2857 876 Genevae
2901 812 3003 874 24.
3045 810 3206 876 Iulii
3255 817 3437 878 1545.

3149 913 3432 980 Ioannes
3477 915 3804 983 Calvinus
3846 925 4084 984 vester.

2217 1087 2625 1095 -————-—---——

2206 1202 2484 1269 pert'mus:
2526 1203 2609 1256 ali
2675 1203 2774 1256 uin
2819 1203 2880 1256 iu
2913 1203 3230 1257 thesaurum
3262 1209 3512 1259 nostrum
3547 1207 3788 1273 recipere
3823 1207 4046 1262 minime
4078 1208 4177 1262 du-

2212 1269 2550 1324 bitassemus.
2664 1276 2817 1325 :cetat
2851 1277 3032 1326 tamen
3065 1273 3244 1326 versio
3261 1274 3577 1339 aei-manica
3597 1275 3659 1327 iu
3683 1275 3942 1329 Archivis
3971 1280 4177 1332 nostrie

2227 1338 2535 1408 Tkomam'e,
2582 1356 2746 1407 quam
2791 1339 2841 1393 h.
2880 1341 2915 1395 1.
2957 1355 3024 1393 ex
3068 1342 3412 1409 autoqrapho
3458 1343 3594 1396 lectu
3641 1346 3782 1397 sutis
3828 1343 4052 1412 difficili
4084 1346 4174 1400 de·

2214 1408 2450 1462 seribere
2494 1408 2648 1462 libet.-
2703 1407 2918 1462 Titulus
2960 1410 3288 1478 praefiyitur
3322 1410 3438 1464 hic.-
3482 1410 3666 1481 Oopey
3709 1413 3863 1465 einer
3909 1414 4172 1469 Missiven

2215 1493 2340 1528 aasz
2377 1476 2502 1530 dem
2536 1476 2959 1530 frantziisischen
3009 1478 3066 1530 in
3115 1477 3213 1531 das
3247 1478 3485 1532 deudsch
3521 1480 3884 1546 transferiert,
3923 1483 4173 1552 entpfan-

2251 1561 2320 1598 en
2356 1544 2402 1598 1.
2441 1544 2524 1598 Au
2564 1544 2672 1628 usti
2708 1562 2850 1598 anno
2887 1552 2989 1599 etc.
3024 1545 3139 1628 45⁰.
3167 1549 3320 1601 Data
3356 1553 3435 1600 est
3467 1563 3536 1601 ex
3570 1548 3773 1616 oppido
3808 1550 3921 1630 sipe
3955 1552 4174 1608 castello

2213 1629 2489 1735 {ms
2511 1680 2560 1735 3.
2580 1613 2683 1734 ἐξ
2714 1614 4175 1764 'vmfflffltfflwzae

2211 1751 2540 1805 eruditionis
2582 1767 2655 1818 qa
2700 1753 2814 1805 icae
2859 1767 2922 1805 tu
2966 1767 3083 1806 cave
3115 1755 3568 1819 Aryentoratena
3611 1754 3988 1809 documentum
4034 1763 4175 1813 erat.

2215 1819 2354 1888 Ipsa
2388 1819 2617 1887 epistola
2652 1820 2733 1874 sic
2767 1820 3034 1874 decurrit.-

2212 1973 2469 2027 Vnseren
2503 1973 2777 2042 geliebten
2815 1972 2965 2025 vnnd
3018 1972 3317 2026 besnnders
3374 1979 3542 2042 guten
3590 1974 3895 2045 Freunden,
3949 1979 4177 2034 Meister

2720 2042 2830 2094 vnd
2869 2042 3016 2095 Rath
3051 2042 3106 2097 d.
3144 2040 3266 2096 Stat
3302 2041 3646 2111 Straszbnrg.

2350 2159 2602 2214 Geliobte
2639 2159 2748 2214 vnd
2781 2161 3055 2215 besunder
3088 2166 3219 2229 gnte
3254 2160 3464 2214 freund.
3544 2161 3698 2216 Wier
3729 2163 3948 2219 habenn
3984 2182 4171 2221 euwer

2213 2228 2538 2282 schreibenn
2575 2231 2903 2299 entpfangen
2951 2230 3123 2283 durch
3158 2229 3390 2282 welches
3435 2229 3527 2283 Ier
3558 2248 3691 2285 vnsz
3738 2235 3873 2302 geht
3907 2234 4170 2290 zuerken-

2212 2314 2336 2362 nen,
2384 2298 2482 2351 das
2517 2300 2624 2352 Ier-
2654 2299 2782 2351 mitt
2827 2314 3056 2367 groszen
3092 2297 3514 2352 beschwerdenn
3549 2299 3698 2353 vnnd
3732 2302 3840 2354 leid
3876 2319 4173 2359 vernemen

2212 2366 2301 2419 die
2338 2366 2704 2436 Tyrannisohe
2738 2368 3011 2437 greyliche
3046 2368 3384 2435 veruolgung
3427 2383 3489 2419 so
3523 2385 3647 2422 man
3685 2386 3753 2420 an
3790 2370 3893 2423 den
3933 2372 4174 2426 walden-

2213 2451 2372 2488 seren
2408 2436 2549 2489 solte
2585 2438 2865 2505 begangen
2899 2437 3093 2501 haben,
3140 2435 3523 2504 vuangesehen
3567 2437 3665 2490 das
3712 2454 3770 2491 es
3818 2440 4173 2510 vnsohnldige

2214 2504 2367 2557 leuth
2403 2505 2577 2574 seind,
2615 2506 2762 2558 vnnd
2797 2505 2886 2557 die
2912 2504 3237 2559 christliche
3272 2504 3524 2573 Religion
3558 2507 3662 2558 mit
3695 2523 3920 2576 reynem
3943 2508 4173 2563 hertzen

2213 2574 2518 2626 bekennen.
2589 2573 2839 2628 Geliebte
2886 2573 2996 2626 vnd
3046 2573 3343 2626 besunders
3415 2581 3505 2625 ute
3542 2573 3750 2641 freund,
3787 2576 3922 2630 wier
3955 2576 4174 2633 habenn

2218 2642 2354 2695 euch
2388 2642 2608 2695 vielmal
2642 2642 2792 2695 anzei
2858 2682 2872 2707 ,
2920 2642 3018 2695 das
3052 2642 3183 2695 wier
3216 2658 3317 2694 vns
3403 2658 3552 2696 uwer
3595 2642 3975 2698 vnderthanen
4011 2648 4175 2700 ποίει

2220 2711 2329 2764 vnd
2377 2712 2589 2764 manier
2631 2728 2698 2764 ιιι
2749 2712 2801 2764 le
2843 2728 2946 2764 enn
2996 2710 3121 2764 nhie
3167 2711 3270 2763 mit
3303 2715 3474 2763 etwas
3509 2710 3906 2781 vnderzogenn‚
3960 2714 4176 2770 Snnder

2218 2796 2321 2832 vns
2364 2780 2517 2833 ieder
2561 2781 2672 2833 zeit
2716 2796 2936 2833 euwern
2982 2784 3213 2849 guttenn
3258 2779 3453 2833 freund
3486 2779 3545 2833 in
3581 2781 3742 2833 allem
3780 2781 3903 2835 dem
3938 2800 4001 2836 so
4039 2785 4176 2837 πίοι·

2218 2848 2356 2901 thun
2392 2847 2614 2901 kunden
2650 2849 2870 2916 erzeigt.
2908 2865 3009 2901 vns
3044 2848 3179 2901 auch
3215 2848 3369 2901 nicht
3404 2863 3627 2901 verners
3651 2849 3795 2903 dann
3824 2851 3924 2904 der
3947 2852 4176 2908 admini-

2219 2919 2453 2971 stration
2489 2916 2637 2970 vnnd
2672 2917 2982 2986 Regierung
3015 2933 3180 2970 vnser
3204 2917 3598 2982 vnderthanen,
3638 2918 3742 2972 wie
3768 2919 3944 2973 einem
3963 2921 4176 2976 fromen

2258 2990 2541 3040 otentaten
2574 2986 2861 3055 geziempt,
2897 2985 3286 3050 vndernomen‚
3321 2986 3537 3039 habenn
3574 2986 3688 3040 also
3724 2988 3811 3040 ein
3848 2990 4049 3043 sunder
4082 2991 4177 3044 be·

2242 3054 2559 3119 rembdenn,
2604 3054 2702 3108 das
2734 3053 2826 3107 Ier
2872 3054 3007 3109 euch
3036 3055 3101 3123 jn
3146 3054 3235 3108 die
3269 3054 3488 3109 handel!
3536 3072 3736 3109 vnnser
3782 3057 4173 3127 vnderthonen,

2221 3125 2357 3177 auch
2396 3124 2461 3193 jn
2505 3124 2594 3177 die
2641 3123 2804 3177 sti-aff
2831 3123 2942 3176 vnd
2969 3123 3372 3245 ιἥιιεειὶιιιιιῇῖῇεεο
3424 3125 3560 3177 wier
3609 3141 3786 3194 gagen
3829 3126 3930 3195 jhn
3981 3130 4175 3196 geben,

2220 3193 2335 3246 sohl
2438 3210 2474 3245 n
2510 3192 2622 3245 vnd
2654 3191 2937 3246 mischenn
2964 3193 3173 3258 wellen,
3342 3192 3480 3246 auch
3496 3192 3585 3245 Ier
3602 3193 3691 3247 die
3718 3195 3887 3261 straff,
3923 3196 4013 3249 die
4038 3197 4176 3251 wier

2221 3261 2324 3314 den
2355 3262 2378 3330 j
2423 3261 2618 3329 enigen
2653 3261 2733 3323 (so
2768 3277 2942 3330 gegen
2979 3277 3080 3314 vns
3116 3261 3226 3314 viel
3251 3261 3423 3314 vffrur
3451 3262 3562 3314 vnd
3591 3262 3948 3330 vngehorsam
3971 3266 4174 3335 erregt)

2222 3329 2550 3383 widerfaren
2573 3330 2808 3397 lassenn‚
2843 3330 2932 3384 ein
2949 3330 3242 3398 Tyranney
3258 3331 3562 3395 benennen,
3600 3330 3672 3383 So
3699 3332 3778 3386 sie
3801 3331 3940 3385 doch
3964 3350 4177 3403 gegenn

2220 3414 2384 3452 vnser
2415 3399 2751 3451 ffirnemsten
2784 3398 3018 3452 frontier
3047 3399 3171 3452 Stat
3204 3398 3379 3464 einen,
3426 3416 3492 3451 zu
3527 3399 3700 3451 wider
3737 3399 3843 3454 den
3878 3407 4179 3471 satzungen

2221 3483 2283 3520 so
2330 3467 2466 3520 wier
2511 3467 2569 3520 in
2614 3484 2865 3521 vnserem
2900 3468 3073 3521 Reich
3105 3466 3319 3521 haltent
3361 3467 3472 3520 vnd
3504 3467 3760 3536 gehalten
3795 3469 4012 3524 habenn
4047 3473 4178 3525 wel·

2221 3536 2366 3604 lead,
2400 3534 2664 3589 thatliche
2696 3535 2976 3605 haudlung
3008 3536 3372 3606 surgenomen,
3409 3536 3557 3589 vnnd
3585 3537 3810 3606 kynnen
3835 3555 3936 3606 gar
3963 3539 4048 3593 nit
4079 3540 4179 3594 be·

2221 3604 2446 3658 findenn
2481 3604 2578 3658 das
2599 3605 2679 3658 sie
2703 3606 2765 3674 jn
2795 3605 2920 3658 dem
2952 3606 3174 3659 selbenn
3205 3604 3307 3658 der
3336 3605 3568 3658 warheit
3590 3605 3685 3657 des
3705 3606 3984 3675 Euangelij
4012 3609 4176 3662 nach-

2222 3673 2437 3741 uolgen,
2486 3674 2557 3727 ob
2590 3674 2685 3727 Ior
2726 3674 2903 3743 gleieh
2950 3675 3153 3740 sagend
3198 3674 3295 3727 das
3344 3674 3422 3726 sie
3469 3673 3567 3726 das
3620 3674 3795 3744 selbig
3839 3692 4176 3743 angenomen

2223 3742 2371 3795 vnnd
2405 3742 2713 3796 bekennen.
2770 3743 2920 3796 Wior
2949 3744 3182 3798 wellenn
3221 3742 3356 3795 euch
3389 3742 3581 3796 hiemit
3614 3744 3747 3795 auch
3785 3744 3896 3797 nitt
3930 3762 4175 3814 pergenn

2222 3811 2322 3863 das
2357 3810 2447 3863 die
2479 3812 2791 3879 gemeltcnn
2815 3811 3133 3877 waldenser,
3169 3812 3319 3864 vnnd
3354 3812 3556 3864 andere
3589 3812 3778 3865 ketzer
3811 3829 3873 3866 so
3908 3814 4046 3867 wier
4079 3814 4177 3868 ha·

2223 3880 2363 3932 boun
2402 3880 2620 3932 lassenn
2656 3880 2899 3944 straffen,
2925 3880 2989 3949 jn
3025 3879 3303 3933 sollichem
3331 3880 3580 3948 jrthnmb
3602 3880 3901 3950 gestanden
3938 3881 4009 3935 do
4043 3883 4177 3937 wier

2224 3948 2310 4001 fiir
2343 3949 2543 4016 gewisz
2578 3947 2811 4001 achtenn
2849 3950 2946 4002 das
2981 3949 3106 4001 kein
3143 3949 3286 4003 ful-st
3318 3948 3459 4002 noch
3494 3949 3616 4003 Stat
3650 3949 3950 4009 deudscher
3966 3949 4176 4006 Nation

2224 4017 2314 4070 die
2349 4016 2556 4085 selbige
2583 4016 2646 4084 jn
2669 4017 2828 4085 jeren
2864 4018 3088 4071 Landen
3135 4018 3280 4071 vnnd
3328 4018 3581 4087 gepieten
3627 4018 3833 4070 wirden
3918 4024 4175 4090 estatten,

2225 4085 2298 4138 So
2330 4085 2487 4138 seind
2521 4086 2656 4138 wier
2690 4085 2828 4138 auch
2862 4086 2951 4138 fur
2985 4102 3150 4139 vnser
3182 4102 3381 4154 person
3416 4086 3505 4139 nie
3531 4086 3711 4156 gesint
3732 4087 3886 4140 sollio
3925 4104 3951 4138 s
3978 4088 4040 4158 jn
4067 4089 4175 4143 den

2225 4170 2461 4207 vnseren
2503 4153 2894 4222 zugeduldenn,
2940 4155 3071 4207 Vnd
3117 4154 3296 4223 pitten
3343 4154 3496 4219 ench,
3545 4172 3606 4209 so
3641 4156 3734 4208 Ier
3783 4173 3879 4208 vns
3926 4155 4178 4212 hienfuro

2226 4223 2457 4277 wellend
2475 4222 2814 4287 schreibenn,
2845 4223 2948 4275 das
2965 4224 3058 4277 Ier
3076 4223 3210 4275 euch
3229 4223 3484 4277 sollicher
3505 4224 3652 4277 vnnd
3676 4240 3736 4277 so
3753 4240 3956 4293 vngere
3997 4233 4180 4296 mpter

2225 4300 2381 4356 wort,
2421 4293 2501 4344 als
2536 4291 2606 4345 do
2642 4291 2797 4344 seind
2816 4291 3107 4362 Tyranney
3144 4292 3254 4344 vnd
3288 4292 3560 4359 greyliche
3596 4294 3836 4359 straflen,
3873 4301 3967 4346 ent
4009 4296 4175 4361 alten,

2224 4360 2423 4415 damitt
2457 4360 2593 4413 wier
2625 4361 2710 4413 nit
2742 4360 3063 4413 verursaoht
3098 4361 3373 4426 werdenn,
3408 4360 3542 4414 euch
3567 4362 3668 4414 mit
3700 4378 3913 4414 rauwer
3938 4369 4179 4417 antwort

2222 4447 2288 4482 zu
2342 4431 2642 4498 begegnen,
2694 4428 2805 4481 vnd
2859 4429 3074 4482 habenn
3125 4428 3183 4481 in
3237 4429 3600 4495 betrachtung
3645 4446 3828 4482 euwer
3877 4430 4006 4499 lang
4056 4432 4177 4484 her·

2222 4498 2484 4566 praohten
2527 4497 2932 4566 fursichtigkeit
2978 4498 3065 4549 ein
3114 4498 3509 4550 verwunderen
3557 4499 3653 4549 das
3689 4499 3781 4551 Ier
3829 4515 3929 4550 vus
3975 4515 4035 4551 so
4087 4501 4175 4551 ein

2220 4566 2638 4635 leichtuertigen
2675 4566 2824 4619 brief
2853 4566 3294 4634 zugesc-hribenn.
3350 4567 3570 4619 Hieruff
3598 4584 3659 4618 so
3695 4567 3872 4634 pitten
3909 4567 4045 4618 wier
4081 4584 4177 4620 vn-

2221 4652 2378 4689 seren
2415 4635 2699 4703 schoepser
2733 4633 2866 4688 euch
2914 4651 3108 4688 vnsere
3155 4636 3429 4703 geliebten
3475 4636 3750 4688 besunder
3782 4641 3944 4701 guteu
3983 4634 4178 4689 freund

2220 4705 2276 4756 in
2326 4704 2512 4757 seinen
2563 4704 2775 4772 guaden
2821 4705 3162 4761 zubewaren.
3250 4704 3447 4756 Datum
3494 4722 3560 4756 ιιι
3607 4704 3887 4770 Toucques
3937 4703 4040 4757 den
4089 4702 4177 4760 27.

2220 4773 2357 4841 Iunij
2398 4776 2560 4826 Anno
2595 4779 2696 4826 etc.
2734 4770 2819 4826 45.

3351 4840 3688 4894 Franciscus.

3801 4906 4038 4977 Bayard.

2366 5043 2525 5112 Quod
2559 5046 2646 5099 hic
2681 5045 2816 5099 dicit
2850 5045 2918 5098 de
2950 5046 3083 5098 urbe
3118 5045 3178 5098 in
3202 5044 3417 5112 finibus
3440 5044 3655 5097 Galliae
3688 5044 3805 5097 sita
3838 5059 3875 5096 a
3924 5042 4180 5098 Walden-

2220 5115 2371 5169 sibus
2414 5116 2473 5167 vi
2518 5116 2761 5183 impetita
2805 5116 2866 5167 in
2905 5113 3162 5166 Historia
3208 5113 3570 5169 ecclesiastica
3614 5128 3752 5182 quae
3798 5112 3960 5178 vulyo
3995 5113 4179 5166 Bezae

2219 5183 2482 5238 tribuitur
2518 5183 2597 5247 (1.
2633 5182 2728 5247 44)
2767 5184 2846 5236 sic
2880 5183 3220 5250 explicatur.-
3259 5183 3325 5233 A.
3363 5180 3501 5233 1544
3534 5186 3781 5248 veryente
3822 5180 3989 5235 Card.
4041 5180 4178 5233 Tur-

2220 5253 2423 5306 uom‘us
2470 5268 2570 5319 per
2614 5252 2847 5321 aliquem
2895 5266 3114 5303 suorum
3158 5251 3333 5315 falsos
3377 5266 3625 5303 rumores
3669 5252 3730 5302 in
3775 5250 3954 5316 ipsam
3991 5249 4178 5303 aulam

2220 5322 2413 5389 spargi
2447 5322 2678 5389 curavit,
2711 5321 2874 5390 quasi
2907 5319 3210 5388 quindecim
3245 5319 3419 5372 malta
3442 5319 3931 5372 Merindolensium
3970 5317 4176 5372 Massi-

2220 5391 2348 5444 liam
2362 5394 2734 5459 oppuquatum
2751 5390 3006 5443 exiissent
3021 5389 3102 5443 ibi
3120 5402 3316 5442 novum
3340 5403 3542 5456 paqum
3560 5388 3869 5441 helveticum
3881 5387 4178 5441 condituri.
