4825 6175
686 414 806 476 139

683 600 929 666 factum
971 605 1072 664 est
1126 596 1301 680 quod
1357 616 1478 679 per
1524 596 1852 680 quendam
1912 617 1997 661 ex
2056 596 2298 662 nostris
2354 595 2640 661 scribere

681 686 1104 751 institueram
1147 683 1263 766 qui
1307 704 1378 747 se
1421 683 1588 748 istuc
1631 683 1874 748 iturum
1919 691 2274 765 receperat.
2357 678 2494 746 Sed
2530 680 2642 745 ille

685 771 859 837 diem
922 768 1004 836 de
1069 768 1174 834 die
1239 766 1644 834 extrahendo
1719 768 1849 833 huc
1914 789 2122 850 usque
2188 787 2294 831 me
2362 765 2636 831 distulit.

686 854 882 936 Quod
926 853 1271 940 legationis
1312 875 1353 919 a
1395 854 1581 919 vobis
1621 854 1834 919 obitae
1871 853 2213 919 historiam
2259 850 2543 917 fideliter
2576 860 2643 916 et

686 942 945 1026 copiose
1001 941 1380 1023 complexus
1439 961 1541 1016 es,
1610 949 1873 1023 gratum
1931 938 2094 1004 mihi
2146 939 2291 1003 suit.
2391 938 2642 1002 Misera

686 1049 843 1094 vero
887 1025 1149 1110 piorum
1191 1024 1475 1092 conditio
1520 1026 1649 1090 nisi
1682 1024 2044 1091 Dominum
2090 1023 2410 1089 haberent
2453 1024 2642 1087 inno-

687 1115 941 1180 centiae
984 1132 1141 1190 suae
1183 1110 1528 1176 vindicem.
1619 1111 1993 1176 Tantumne
2036 1110 2256 1174 valere
2304 1109 2531 1173 futiles
2575 1118 2643 1172 et

689 1208 937 1265 temere
982 1199 1123 1263 sine
1167 1206 1395 1262 autore
1440 1216 1700 1279 sparsas
1740 1195 2120 1272 calumnias,
2166 1205 2243 1260 ut
2285 1192 2472 1259 nobis
2507 1204 2639 1258 tes·

688 1286 1036 1351 timonium
1080 1291 1309 1348 contra
1350 1282 1710 1347 ferentibus
1732 1280 1893 1347 fides
1914 1303 2048 1347 non
2071 1278 2433 1346 habeatur?
2503 1276 2640 1345 Sed

691 1371 878 1437 nulla
934 1392 1054 1434 nos
1108 1367 1466 1451 indignitas
1535 1367 1817 1433 abducat
1884 1368 2236 1450 quominus
2293 1366 2363 1430 in
2429 1365 2640 1430 officio

691 1465 916 1523 nostro
959 1475 1330 1539 pergamus.
1407 1453 1488 1518 In
1529 1473 1842 1537 praesens
1876 1474 2011 1517 non
2054 1452 2247 1517 video
2290 1450 2445 1533 quid
2490 1471 2639 1533 pos-

690 1544 897 1610 simus
935 1540 1126 1606 ultra.
1199 1537 1275 1605 Si
1311 1539 1468 1622 quid
1503 1537 1624 1604 tibi
1659 1538 2022 1605 indicatum
2056 1537 2273 1615 fuerit,
2310 1535 2643 1619 sequenda

692 1629 821 1695 erit
857 1648 896 1692 o
944 1626 1330 1710 portunitas.
1418 1626 1582 1690 Tres
1639 1645 1870 1689 aureos
1914 1633 2205 1690 scutatos
2249 1623 2642 1686 miseramus

691 1716 762 1779 in
827 1734 906 1778 su
953 1712 1192 1778 sidium
1247 1709 1484 1776 viatici.
1587 1708 1665 1776 Si
1719 1709 1875 1792 quid
1939 1709 2225 1792 amplius
2290 1709 2420 1773 erit
2481 1726 2644 1789 opus

693 1799 991 1866 addetur.
1079 1796 1194 1863 Sic
1251 1797 1428 1861 enim
1471 1796 1898 1862 constitutum
1951 1795 2154 1860 fuisse
2213 1793 2331 1858 tibi
2388 1793 2641 1876 scripsi.

693 1885 987 1951 Pecunia
1029 1905 1114 1948 ex
1157 1881 1439 1948 Davidis
1482 1890 1874 1946 testamento
1919 1881 2220 1946 sumitur.
2242 1882 2299 1958 2)

868 1967 1198 2035 Far-ellum
1234 1966 1423 2033 nobis
1464 1987 1839 2033 concessum
1896 1987 2038 2030 esse
2080 1989 2163 2031 ex
2216 1966 2437 2031 animo
2482 1987 2643 2049 gau-

695 2057 832 2123 deo.
921 2054 1393 2138 Exceptionem
1410 2104 1425 2132 ‚
1497 2072 1630 2136 qua
1684 2052 1804 2118 sibi
1863 2061 2182 2117 caverunt
2234 2052 2500 2129 fratres,
2559 2072 2643 2116 ne

696 2144 843 2227 quis
887 2143 1076 2207 fucus
1118 2141 1190 2204 in
1234 2140 1373 2205 eius
1427 2138 1642 2204 locum
1688 2136 2185 2221 subrogaretur,
2250 2139 2382 2202 scio
2439 2136 2644 2202 fuisse

695 2227 1152 2302 necessariam,
1198 2246 1275 2290 ac
1318 2245 1542 2289 eorum
1577 2222 1993 2306 prudentiam
2032 2224 2157 2288 hac
2198 2224 2268 2287 in
2313 2244 2385 2288 re
2429 2222 2641 2286 laudo,

696 2314 834 2381 Sed
878 2313 1001 2379 hoc
1042 2312 1241 2375 nimis
1276 2307 1654 2388 absurdum,
1698 2309 1870 2391 quod
1906 2307 2345 2375 substituendi
2372 2308 2647 2374 Tossani

741 2408 915 2465 artes
960 2399 1145 2464 nobis
1207 2397 1584 2478 iniungant.
1675 2394 1790 2461 Sic
1846 2395 2019 2459 enim
2078 2392 2162 2459 ad
2206 2395 2482 2459 verbum
2526 2395 2643 2458 ha-

695 2422 854 2551 bent
896 2494 1050 2549 tuae
1096 2484 1348 2548 literae:
1397 2481 1676 2546 Summa
1707 2480 2125 2546 consiliorum
2170 2501 2245 2545 eo
2288 2486 2540 2562 spectat
2574 2489 2648 2544 ut

699 2570 998 2637 Farellus
1044 2569 1226 2634 vobis
1267 2564 1678 2643 concedatur,
1733 2566 1791 2631 si
1834 2566 1903 2630 id
1959 2567 2215 2631 efficere
2259 2566 2529 2649 potestis
2572 2572 2649 2630 ut

704 2658 1040 2722 Tussanus
1083 2656 1144 2719 ei
1187 2654 1572 2730 sufficiatur,
1630 2673 1707 2717 ea
1751 2661 1974 2717 tamen
2019 2651 2164 2735 lege
2208 2661 2284 2715 ut
2326 2650 2493 2716 ratio
2535 2649 2650 2714 ha-

695 2742 931 2808 beatur
974 2739 1623 2823 Monsbelgardensis
1678 2738 1999 2804 ecelesiae.
2024 2739 2082 2819 3)
2170 2736 2314 2801 Imo
2356 2757 2513 2801 vero
2556 2736 2647 2799 es·

697 2829 927 2895 ficiant
961 2826 1086 2893 hoc
1128 2826 1271 2908 ipsi,
1318 2823 1555 2908 quibus
1596 2833 1697 2890 est
1739 2823 1945 2889 multo
1988 2821 2416 2888 commodius:
2463 2821 2650 2887 nobis

698 2914 870 2980 hane
914 2921 1169 2978 tantum
1213 2908 1664 2995 praescribant
1708 2906 1882 2991 quod
1938 2908 2125 2973 nobis
2167 2907 2426 2973 facilius
2469 2905 2648 2971 vide-

697 3000 868 3065 bunt
921 3019 1062 3063 esse
1123 3017 1316 3080 quam
1371 2994 1513 3060 sibi.
1602 2993 1930 3077 Equidem
1988 2992 2068 3058 de
2124 3014 2354 3058 eorum
2409 2992 2649 3057 animis

701 3086 796 3151 ita
838 3106 985 3151 sum
1026 3104 1408 3169 persuasus,
1464 3090 1542 3146 ut
1586 3103 1720 3145 non
1765 3079 2056 3146 dubitem
2102 3101 2211 3146 eos
2255 3080 2509 3145 sincere
2552 3077 2649 3144 lo-

702 3172 829 3255 qui.
897 3171 1150 3236 Verum
1194 3169 1249 3233 si
1287 3189 1425 3233 rem
1462 3167 1783 3246 aestimes,
1831 3166 2161 3249 aliquanto
2202 3166 2465 3233 civilius
2508 3173 2653 3231 erat

702 3276 946 3341 negare
1001 3276 1197 3339 quam
1257 3255 1352 3318 ita
1402 3252 1771 3319 concedere.
1860 3252 2141 3337 Ignosco
2200 3253 2354 3333 quia
2401 3272 2651 3316 morem

703 3364 931 3408 eorum
978 3342 1153 3407 novi.
1240 3338 1500 3404 Vellem
1550 3345 1775 3403 tamen
1826 3347 1903 3403 ut
1945 3335 2292 3420 aliquando
2347 3336 2476 3403 sibi
2517 3359 2648 3402 non

703 3429 926 3495 omnia
969 3446 1228 3492 sumere
1270 3423 1615 3491 discerent.
1704 3422 2103 3506 Quanquam
2149 3422 2354 3488 satius
2398 3433 2498 3487 est
2537 3444 2651 3486 ex-

704 3523 1000 3599 spectare
1043 3512 1201 3576 dum
1260 3509 1343 3575 ad
1400 3530 1521 3575 nos
1564 3531 1815 3575 eorum·
1848 3509 2078 3574 literae
2121 3508 2422 3573 veniant:
2492 3530 2654 3590 quas

704 3598 1021 3666 eiusmodi
1042 3618 1185 3663 esse
1219 3596 1429 3679 cupio,
1482 3605 1556 3660 ut
1603 3616 1737 3660 non
1785 3595 1933 3678 plus
1976 3594 2355 3659 offensionis
2388 3594 2656 3677 pariant

703 3704 902 3767 quam
924 3685 1193 3768 gratiae.
1218 3682 1456 3748 Merito
1477 3683 1653 3746 enim
1670 3680 1932 3746 irrideri
1953 3701 2024 3745 se
2044 3680 2283 3744 fratres
2306 3679 2652 3762 putabunt,

705 3772 763 3837 si
807 3771 970 3835 haec
1012 3770 1143 3834 illis
1187 3769 1538 3834 necessitas
1580 3767 1982 3852 iniungatur,
2029 3776 2105 3830 ut
2134 3767 2483 3831 Possum-um
2516 3764 2653 3829 suf-

703 3856 1056 3922 ficiendum
1100 3866 1331 3921 curent
1372 3852 1626 3919 Farello
1683 3859 1752 3917 et
1792 3850 2405 3935 Monsbelgardensi
2450 3851 2653 3916 ecele-

705 3943 840 4008 siae
906 3940 1266 4005 consulant.
1378 3936 1588 4022 Spero
1652 3948 1874 4003 tamen
1941 3938 2081 4003 fore
2151 3936 2484 4002 liberalius
2549 3957 2651 4001 re·

704 4050 736 4093 s
822 4048 1033 4091 nsum.
2557 4086 2570 4103 .

736 4048 820 4111 po
876 4111 981 4176 De
1026 4110 1448 4195 Matium-iffi)
1492 4111 1659 4176 bene
1703 4110 1966 4174 factum.
2032 4107 2239 4174 Ulcus
2284 4118 2505 4172 autem
2546 4128 2652 4173 co·

705 4198 887 4264 mitis
933 4199 1026 4261 tui
1049 4195 1105 4282 ὁ)
1149 4195 1411 4279 quando
1455 4194 1839 4278 rumpetur?
1905 4194 2080 4259 Nam
2116 4214 2267 4258 eum
2311 4195 2653 4260 conciones

706 4324 849 4331 ————-
940 4322 1021 4328 ---
1040 4322 1112 4327 ...-

910 4366 972 4431 2)
1009 4368 1393 4421 Busantonius
1425 4366 1761 4433 pauperibus
1801 4364 2200 4418 Genevenetbus
2233 4369 2443 4418 centum
2477 4371 2652 4418 scuta·

705 4444 806 4497 tos,
852 4435 1073 4490 totidem
1116 4434 1672 4501 Arqentoratensibus
1716 4433 2101 4486 destinaverat.
2186 4431 2276 4486 De
2322 4434 2439 4485 eius
2487 4440 2654 4485 morte

705 4506 827 4560 vide
866 4505 941 4559 N.
976 4503 1093 4557 656.
1167 4504 1428 4559 Bolseeus
1469 4506 1530 4557 in
1577 4505 1693 4556 vita
1743 4501 1963 4555 Caluini
2003 4502 2149 4555 hune
2195 4507 2444 4560 accusat,
2491 4502 2657 4570 quasi

707 4576 852 4630 illam
880 4574 1175 4642 pecuniam
1222 4573 1402 4627 Vireto
1436 4577 1487 4626 et
1526 4570 1746 4625 Far-ello
1779 4570 2016 4624 dedisset
2049 4569 2154 4636 (ed.
2192 4570 2283 4622 lat.
2311 4586 2371 4637 p.
2409 4568 2523 4631 50).

909 4641 970 4706 3)
1010 4642 1329 4695 Metuebant
1361 4643 1501 4694 enim
1537 4655 1605 4692 ne
1649 4639 1892 4693 Tessano
1926 4645 2155 4693 avocato
2174 4637 2650 4706 Monsbelqarden-

706 4712 786 4766 eis
833 4713 1055 4766 ecelesia
1094 4710 1429 4763 Lutheranis
1474 4710 1638 4779 quasi
1692 4708 1760 4761 de
1801 4707 2084 4761 industria
2134 4707 2452 4762 obiiceretur
2498 4712 2651 4759 inva-

705 4780 904 4845 denda,
940 4787 988 4833 et
1023 4779 1132 4832 sibi
1164 4780 1304 4847 ipsis
1338 4780 1467 4831 bene
1511 4778 1812 4831 consultum
1850 4777 2101 4830 volebant
2133 4781 2422 4844 antequam
2461 4775 2650 4827 Farel-

703 4849 813 4903 lum
851 4849 1186 4902 dimitterent
1253 4845 1419 4914 Quem
1446 4845 1707 4899 Calvinm
1743 4847 1898 4900 unice
1931 4844 2292 4912 desiderabat,
2328 4845 2395 4898 de
2428 4846 2652 4898 caeteris

704 4924 888 4986 utpote
923 4917 1119 4970 alienis
1152 4916 1333 4968 minus
1366 4915 1644 4968 sollicitus.

910 4983 971 5049 4)
1023 4984 1253 5037 Thomas
1288 4983 1569 5051 Malinyre
1606 4980 1981 5043 Not-mundus,
2016 4981 2145 5034 olim
2178 4979 2368 5033 ordini
2403 4978 2653 5034 Domini·

704 5070 967 5109 canorum
1001 5055 1186 5107 adea-i
1226 5058 1328 5107 tus·
1381 5052 1586 5105 Pastor
1617 5051 1731 5116 fuit
1755 5050 2138 5104 Neocomensis
2169 5048 2438 5115 ecelesiae,
2466 5056 2656 5117 postea

704 5122 1096 5178 luet-dunensis
1131 5122 1187 5183 (1
1230 5120 1340 5189 36),
1376 5121 1501 5175 vide
1534 5127 1714 5175 tamen
1749 5118 1829 5174 N.
1863 5117 1982 5185 682,
2018 5127 2125 5172 not.
2164 5116 2214 5170 7.

914 5193 973 5256 5)
1012 5192 1252 5244 comitem
1287 5191 1436 5255 dicit,
1480 5187 1735 5243 Comitem
1780 5189 1989 5257 innuit,
2036 5187 2131 5256 qui
2163 5202 2226 5240 eo
2268 5187 2390 5255 ipso
2425 5191 2656 5253 tempore

706 5260 819 5315 iam
854 5260 921 5313 de
955 5259 1605 5383 αὺάῶαῧοὲἕὲοᾳὶωὸατ,
1641 5257 1823 5312 etnisi
1844 5257 1960 5325 ipse
1991 5258 2278 5325 coyitasset
2311 5258 2653 5310 remotionem

706 5330 1046 5384 incurrisset.
1183 5369 1194 5379 .
1337 5368 1350 5380 .

2231 405 2759 476 EPIS'POLAE
2805 410 3143 474 oso—682

4561 414 4650 476 140

2742 594 2986 662 habere
3029 594 3224 661 audio
3238 646 3255 673 ,
3310 595 3547 679 quibus
3607 595 4054 662 meretricium
4109 596 4335 662 uxoris
4391 606 4653 665 ornatum

2744 688 3031 746 excuset.
3122 679 3199 747 Si
3242 702 3475 747 verum
3533 692 3665 759 est,
3721 701 4056 765 quousque
4111 702 4370 748 sacrum
4426 683 4654 751 Domini

2745 776 3129 851 suggestum
3186 766 3521 850 profanari
3573 767 3903 833 feremus?
4005 766 4206 834 Certe
4221 819 4237 846 ,
4304 770 4361 835 si
4417 770 4652 836 fratrum

2746 852 3037 936 synodus
3093 861 3393 936 cogetur,
3458 852 3653 919 valde
3704 853 3900 919 fallor
3950 854 4079 920 nisi
4134 854 4270 920 tale
4324 867 4654 921 monstrum

2746 938 2933 1020 profii
2982 947 3148 1002 etur.

2918 959 3135 1103 guam
3189 1022 3819 1089 commendationem
3872 1024 4112 1092 habeat
4163 1026 4273 1092 hic
4329 1026 4536 1093 bonus
4579 1031 4659 1095 vir

2745 1108 2828 1173 ab
2872 1109 3143 1174 ecclesia
3184 1109 3658 1193 Argentinensi
3675 1161 3692 1187 ,
3751 1110 4026 1190 videbis,
4081 1112 4214 1177 nisi
4256 1113 4388 1177 iam
4433 1113 4658 1192 videris,

2744 1215 2944 1276 quum
2987 1195 3154 1261 istac
3195 1196 3523 1260 transiret.
3614 1194 3956 1277 Quantum
4006 1196 4339 1276 subolfeci,
4384 1198 4469 1264 ad
4509 1222 4661 1283 spem

2745 1279 3110 1358 ministerii,
3156 1279 3280 1346 hoc
3335 1288 3465 1359 est,
3527 1281 3928 1366 stipendium
3974 1282 4432 1349 scholasticum
4477 1283 4661 1370 adspi-

2745 1373 2864 1429 rat
2953 1365 3048 1429 Et
3092 1386 3249 1432 sane
3303 1373 3606 1431 versatus
3650 1375 3751 1433 est
3805 1369 3873 1432 in
3932 1368 4140 1435 literis
4196 1376 4265 1433 et
4305 1369 4665 1437 mediocrem

2743 1450 2987 1516 latinae
3021 1451 3288 1534 linguae
3330 1471 3524 1517 usum
3571 1452 3788 1519 habet.
3875 1453 4133 1520 Paucos
4169 1454 4304 1520 vidi
4339 1476 4423 1520 ex
4470 1456 4664 1540 vulga-

2743 1536 2926 1602 ribus
2970 1538 3278 1603 sacrificis
3313 1537 3425 1619 qui
3468 1545 3602 1603 tam
3661 1539 3964 1621 expedite
4002 1550 4071 1604 et
4111 1560 4277 1623 pure
4318 1539 4665 1623 loquantur.

2745 1620 3022 1705 Ingenio
3067 1621 3337 1688 videtur
3379 1643 3521 1688 esse
3563 1624 3837 1690 minime
3870 1633 4109 1691 astuto.
4179 1625 4463 1710 Reliqua
4505 1627 4667 1693 modo

2745 1705 3205 1790 respondeant.
3272 1706 3547 1775 Videbis
3590 1731 3750 1774 num
3785 1730 3916 1793 qua
3949 1712 4035 1777 sit
4077 1711 4265 1778 vobis
4310 1713 4480 1779 ratio
4519 1713 4667 1778 illius

2746 1793 3038 1858 iuvandi.
3128 1794 3314 1871 Vale,
3361 1794 3565 1860 frater
3604 1807 3671 1860 et
3714 1796 3921 1862 amice
3957 1798 4399 1880 integerrime.
4470 1798 4670 1864 Nostri

2745 1888 2812 1942 te
2855 1899 3084 1945 omnes
3127 1880 3435 1945 salutant.
3532 1880 3842 1947 Galaesus
3885 1884 4057 1947 inter
4110 1883 4300 1962 alios,
4355 1886 4469 1967 qui
4524 1883 4670 1950 domi

2742 1963 3039 2031 inclusus
3081 1974 3363 2030 tenetur.
3386 1967 3443 2043 ⁰)
3510 1966 3776 2033 Audisti
3811 1969 3986 2033 enim
4023 1966 4105 2033 de
4138 1969 4368 2035 morbo
4403 1970 4670 2037 ancillae.

2746 2050 2857 2114 Ex
2902 2051 3263 2117 Genistonis
3302 2051 3551 2117 familia
3610 2073 3800 2118 nemo
3856 2064 3960 2119 est
4012 2063 4383 2137 superstes,
4442 2067 4672 2140 praeter

2747 2135 3142 2202 matthaeum
3184 2138 3292 2219 qui
3338 2138 3625 2203 animam
3672 2160 3866 2223 agere
3909 2137 4167 2204 dieitur.
4236 2140 4550 2209 Genevae
4595 2148 4672 2208 17.

2749 2222 3040 2305 Augusti
3093 2228 3271 2287 1545.

3669 2360 3952 2427 Ioannes
3993 2361 4313 2430 Calvinus
4353 2372 4527 2431 tuus.

3644 2872 3793 2944 681.

3148 3007 3612 3076 SOERINUS
3658 3010 4292 3079 BULLINGERO.

2927 3183 3088 3246 Adit
3142 3201 3283 3246 eum
3338 3181 3412 3244 de
3477 3184 3781 3248 sententia
3838 3182 4091 3250 Calvini
4155 3186 4227 3250 in
4290 3186 4565 3252 articulo
4626 3184 4689 3251 de

2753 3267 3233 3435 ἓξιεενέιὶιὲαῗωὲιᾶηἱ
3268 3268 3625 3334 accuratius
3665 3268 4059 3351 enucleanda,
4101 3271 4331 3355 quippe
4374 3294 4543 3356 quae
4581 3269 4691 3337 sibi

2780 3525 3114 3647 Exceiffium
3150 3540 3220 3577 ex
3255 3524 3593 3646 autogrggliho
3630 3524 3851 3578 Archiv.
3888 3526 4064 3580 Turio.
4100 3528 4230 3581 olim
4255 3528 4431 3610 Scrin.
4473 3528 4534 3584 C.
4648 3541 4691 3594 p·

2803 3611 2906 3648 om.
3027 3630 3040 3645 .
3077 3608 3219 3646 nunc
3254 3593 3400 3646 Plut.
3522 3634 3534 3645 .
3581 3593 3699 3647 Vol.
3738 3592 3877 3646 1170,
3917 3595 4005 3649 fol.
4043 3593 4161 3650 339.
4210 3624 4279 3636 -
4326 3598 4547 3653 Simler.
4636 3593 4692 3649 ol.

3292 3659 3379 3714 57.
3450 3662 3738 3732 Inscriptio
3772 3664 3927 3716 adest
3960 3665 4152 3732 nulla.)

2927 3917 3034 3984 De
3076 3919 3327 3984 Ioanne
3377 3917 3664 3997 Calvino,
3723 3920 3906 3986 cuius
3965 3922 4463 3989 Institutionem
4522 3930 4599 3988 ut
4648 3941 4692 3986 a.

4757 2715 4792 3121 l

2756 4008 2840 4069 43
2884 4013 2987 4070 est
3029 4005 3206 4070 edita
3262 4005 3499 4084 habeo,
3559 4006 3873 4089 cuiusque
3929 4028 4131 4088 quum
4188 4009 4403 4092 capita
4464 4009 4697 4093 aliquot
4791 4016 4792 4061 ἒ

2756 4099 2899 4155 tum
2945 4111 3100 4155 vero
3156 4091 3236 4154 de
3292 4092 3748 4170 sacramentis,
3809 4091 3889 4157 de
3946 4093 4301 4176 baptismo,
4371 4094 4455 4160 de
4511 4112 4694 4162 coena

2755 4176 3029 4241 Domini
3088 4196 3226 4241 non
3280 4177 3492 4245 obiter
3547 4197 3667 4243 nec
3723 4178 4080 4243 oscitanter
4130 4178 4291 4263 legi,
4349 4190 4458 4248 est
4512 4181 4694 4246 etiam

2755 4261 2925 4344 quod
2970 4260 3247 4327 scribam
3294 4273 3362 4326 et
3402 4283 3742 4345 quaeram:
3792 4284 4028 4346 nempe
4069 4286 4212 4330 esse
4247 4274 4391 4331 tum
4430 4268 4507 4333 in
4543 4265 4693 4332 Sue-
4787 4320 4793 4333 .

2753 4348 2869 4411 via
2911 4356 3053 4412 tum
3094 4348 3163 4412 in
3210 4348 3513 4413 Moravia
3568 4350 3678 4432 qui
3722 4349 3976 4414 fortiter
4019 4370 4060 4415 a
4100 4352 4400 4433 partibus
4448 4351 4694 4425 vestris,

2756 4440 2871 4498 aut
2913 4446 2988 4498 ut
3032 4435 3250 4499 verius
3293 4433 3507 4500 dicam
3551 4434 4083 4514 orthodoxorum,
4128 4444 4304 4501 stare
4341 4438 4562 4505 videri
4603 4456 4696 4501 vo-

2752 4518 2919 4597 lunt,
2964 4520 3228 4584 interim
3271 4528 3491 4585 tamen
3528 4521 3830 4602 spiritum
3866 4522 4062 4585 etiam
4091 4520 4347 4589 Calvini
4389 4524 4475 4590 de
4512 4541 4698 4589 coena

2752 4605 3299 4687 pronunciantem
3341 4606 3606 4671 omnino
3655 4607 3962 4689 probant,
4030 4628 4152 4674 nee
4215 4607 4696 4692 deprehendere

2755 4690 2984 4755 volunt
3020 4690 3089 4756 id
3123 4691 3293 4774 quod
3330 4691 3495 4755 mihi
3530 4702 3753 4775 aperte
3787 4692 4212 4758 infitiandum
4244 4714 4389 4760 esse
4424 4696 4694 4763 videtur.

2756 4777 2858 4840 Tu
2902 4774 3061 4859 quid
3104 4777 3338 4855 velim,
3398 4777 3655 4859 opinor,
3714 4778 4046 4863 intelligis.
4136 4780 4283 4864 Ego
4339 4792 4523 4847 certe
4580 4799 4694 4845 non

2754 4862 2976 4940 credo,
3037 4872 3102 4926 te
3132 4883 3449 4959 ‘unquam
3493 4884 3630 4947 cap.
3677 4864 3947 4929 Ioannis
3994 4870 4031 4927 6
4085 4865 4181 4929 ita
4236 4867 4695 4951 interpretatu·

2754 4968 2922 5026 rum,
2970 4956 3085 5012 aut
3126 4961 3223 5011 ita
3265 4947 3346 5012 de
3389 4969 3549 5013 vera
3591 4948 4002 5015 substantiali
4040 4972 4155 5015 seu
4192 4953 4537 5018 essentiali
4571 4971 4696 5019 eor-

2755 5033 2932 5116 poris
2998 5032 3250 5098 Christi
3315 5032 3814 5101 manducatione
3878 5034 4276 5102 traditurum
4293 5089 4311 5117 ,
4378 5049 4458 5105 ut
4546 5036 4696 5104 solet

2959 5321 3020 5388 6)
3058 5323 3172 5379 sed.
3203 5325 3375 5393 pestis
3408 5340 3594 5380 eausa.
