4825 6175
165 466 279 529 609

162 658 290 717 tam
316 648 658 717 materiam
701 647 1014 716 libentius
1057 649 1307 734 arripit.
1375 649 1515 717 Nec
1556 648 1796 718 desunt
1838 654 1909 719 in
1944 654 2106 721 urbe

161 733 422 802 flabella.
513 734 917 821 Μαρκίβαω,
962 757 1164 836 quum
1219 734 1559 802 absolutus
1613 738 1817 804 semel
1873 738 2107 805 fuisset

160 818 452 886 omnibus
526 820 873 887 sententiis
887 872 903 899 ,
981 829 1222 887 lterum
1289 821 1361 886 in
1404 842 1733 889 carcerem
1806 832 2106 890 retrusus

161 905 292 972 fuit.
307 905 367 988 ²)
472 904 621 971 Nisi
684 907 1015 974 Dominus
1079 927 1263 971 mare
1339 915 1409 972 et
1483 914 1718 974 ventos
1789 909 2103 993 increpet,

159 1010 388 1076 graves
430 992 617 1059 nobis
656 992 1001 1058 imminere
1058 991 1376 1076 procellas
1433 992 1652 1059 video:
1721 1015 1885 1077 quas
1928 1014 2106 1061 com-

159 1085 417 1142 movent
460 1097 501 1141 a
542 1075 779 1161 quibus
820 1076 1039 1142 sedari
1075 1078 1292 1162 potius
1336 1076 1662 1145 decuerat.
1749 1080 1845 1146 ΤΘ
1889 1099 2107 1147 aecer-

159 1181 296 1228 sere
336 1182 471 1227 non
515 1162 722 1228 audeo
775 1162 1021 1230 multas
1065 1162 1148 1229 ob
1203 1184 1453 1230 causas.
1550 1163 1705 1232 Una
1757 1165 2108 1249 praecipua

159 1256 255 1314 est
293 1246 464 1331 quod
509 1267 740 1314 vereor
782 1269 866 1313 ne
912 1246 1176 1314 tandem
1216 1248 1362 1315 istis
1406 1246 1769 1316 cedendum
1815 1251 1935 1330 sit,
1997 1250 2106 1333 qui

158 1331 411 1399 nullum
468 1353 542 1399 se
605 1335 807 1400 finem
864 1333 1219 1400 ostendunt
1275 1334 1564 1400 facturos
1623 1333 1831 1402 donee
1887 1335 2111 1402 omnia

152 1415 571 1503 perdiderint.
638 1418 817 1485 Huic
859 1424 924 1484 te
967 1420 1275 1485 flammae
1308 1420 1550 1503 opponi
1585 1420 1882 1504 iniquum
1917 1429 2106 1487 esset.

324 1503 621 1588 Neylium
640 1503 697 1653 δὲ
731 1504 1070 1571 consulem
1106 1516 1174 1571 et
1207 1504 1490 1589 reliquos
1524 1504 1777 1590 legatos
1818 1503 2111 1571 nondum

158 1587 450 1654 salutavi.
540 1587 619 1656 Si
689 1599 828 1655 orte
869 1591 938 1654 in
985 1590 1094 1655 via
1137 1591 1543 1657 occurrerint
1585 1610 1721 1656 non
1766 1591 2107 1676 refugiam.

320 1675 408 1739 D.
458 1673 715 1741 Sulcero
756 1674 1124 1759 scripturus
1179 1697 1378 1754 eram,
1425 1676 1483 1742 si
1526 1697 1661 1740 non
1704 1677 2112 1743 obstitissent

156 1760 373 1825 variae
417 1769 484 1825 et
527 1758 827 1826 assiduae
869 1760 1451 1843 interpellationes.
1523 1764 1699 1846 Ages
1744 1771 1968 1828 tamen
2011 1761 2111 1828 illi

157 1845 400 1928 gratias
465 1865 612 1910 meo
676 1847 944 1911 nomine
1008 1846 1175 1946 quod
1253 1867 1359 1912 me
1423 1846 1495 1911 in
1559 1847 1705 1913 istis
1751 1867 1834 1911 an
1926 1846 2109 1913 ribus

157 1929 527 1996 consolatus
560 1936 677 1996 est.
699 1931 759 2015 ⁴)
847 1930 1320 1997 Gratissimum
1376 1932 1448 1996 in
1502 1952 1580 1997 ea
1631 1953 1703 1997 re
1758 1933 1851 1997 mi
1904 1933 1917 1947 '
1966 1933 2110 1998 offi-

155 2012 1376 2168 ffitmffiffianui¹¹t⁰tffifflff
1394 2017 2112 2170 ffiffii‘ussdss'ssufiffssffi

156 2205 297 2251 mea
352 2194 423 2251 te
471 2186 832 2271 plurimum
881 2186 1149 2253 salutat.
1248 2186 1384 2253 Nos
1446 2187 1637 2254 ambo
1681 2198 1884 2253 tuam.
1974 2188 2109 2254 Ge·

155 2290 356 2339 nevae
404 2275 504 2336 26.
558 2274 820 2353 1547.=‘·)

1077 2407 1363 2474 Ioannes
1409 2407 1728 2474 Calvinus
1773 2418 1944 2475 tuus.

321 2611 403 2678 Si
459 2612 935 2697 praefationem
991 2633 1188 2697 quam
1245 2611 1484 2679 Buceri
1549 2612 1716 2679 libro
1782 2613 2111 2679 destinavi

152 2696 370 2782 legere
416 2698 678 2777 voletis,
740 2719 885 2764 eam
935 2720 1165 2764 rursus
1223 2698 1617 2783 obsignabis.
1717 2699 1818 2764 Ea
1861 2710 1962 2765 est
2004 2700 2113 2766 cui

155 2802 232 2847 ex
276 2782 487 2848 altera
528 2783 760 2849 charta
799 2782 1074 2850 caudam
1120 2783 1391 2849 attexui.

945 3077 1351 3085 ——m

1054 3293 1209 3363 961.

649 3447 752 3513 IN
754 3445 1115 3515 OERTUS
1160 3447 1598 3516 OALVINO.

319 3618 550 3702 Effusa
602 3618 706 3683 vir
760 3638 884 3685 non
939 3619 1225 3685 indoctae
1273 3620 1522 3703 qratias
1566 3620 1626 3685 ei
1668 3620 1801 3704 ayit
1845 3618 1915 3684 ob
1959 3620 2112 3685 ado·

148 3704 468 3773 zemram
509 3704 838 3787 quemdam
886 3704 1176 3785 Gallmn,
1236 3710 1308 3770 ut
1354 3706 1630 3784 videtur,
1692 3707 1977 3771 Genevae
2018 3705 2112 3770 be-

146 3790 329 3876 nique
375 3795 690 3871 exceptum
732 3794 789 3855 et
819 3791 931 3872 pie
972 3789 1345 3857 institutum.

461 3960 574 4028 (Ex
608 3959 946 4031 autographo
982 3958 1110 4013 Cod.
1148 3959 1351 4013 Gener.
1388 3957 1506 4026 113,
1542 3959 1634 4014 fol.
1671 3957 1781 4024 93.)

153 4098 564 4109 ..ψ-...ῥ-

355 4197 420 4262 2)
455 4199 635 4253 Laur.
674 4199 916 4268 Maior-et
955 4199 1181 4253 Pon-im·
1222 4205 1511 4254 emanator
1556 4213 1624 4252 ea:
1741 4213 1771 4251 e
1808 4196 2114 4251 Genevenei

150 4271 264 4336 ipse
299 4268 517 4388 carce?
548 4268 1091 4388 &cudatus-fuerat,
1140 4267 1236 4350 aed
1281 4267 1335 4321 d.
1375 4266 1456 4348 18:
1500 4265 1614 4346 ρει.
1649 4266 1694 4319 1·
1727 4272 1929 4347 eratus.
2015 4266 2108 4320 Ve-

152 4474 315 4528 nimul
350 4478 531 4528 autem
565 4474 927 4541 suspicionem
971 4474 1034 4525 in
1080 4488 1244 4543 quam
1283 4473 1592 4542 Maiqretue
1626 4473 1740 4525 iam
1775 4477 1942 4525 antea
1975 4473 2110 4525 inci-

154 4541 309 4596 derat
347 4540 539 4612 (quasi
568 4543 753 4610 potius
795 4543 914 4610 ipae
962 4540 1102 4595 elam
1153 4557 1274 4595 eum
1316 4540 1463 4610 Rege
1494 4556 1608 4594 rem
1641 4540 1887 4607 haberet,
1929 4554 1967 4594 a
2076 4557 2109 4595 ο

146 4613 443 4679 ¹⁰‘⁶“”‘'⁰''⁸
478 4625 688 4691 mvn.
653 4613 745 4664 ‘⁸⁶
793 4609 1075 4732 aaa:
1123 4609 2111 4733 “2.t·;?.·“.fz.'”⁶”⁸...⁶.ft}‚⁰‘3.:sz

152 4682 413 4803 &mag-et)
417 4679 1022 4816 lmdieedtdeucfuem‘.
1095 4694 1184 4800 ge
1216 4763 1324 4818 quo
1358 4719 1586 4801 imaeue
1618 4746 1865 4801 manlio
1900 4744 2110 4801 Noster

155 4817 242 4871 hie
276 4817 543 4887 queritur,
573 4815 803 4883 perinde
834 4830 901 4869 ae
933 4817 988 4868 ει·
1001 4821 1195 4869 contra
1217 4829 1274 4868 ee
1296 4816 1475 4883 ipsum
1513 4815 1646 4869 haee
1680 4815 1864 4867 omnia
1899 4815 2111 4868 directa

156 4890 348 4940 ment.
424 4883 675 4954 (Galim,
782 4884 959 4954 elque
983 4898 1173 4951 paves,
1203 4899 1261 4952 p.
1295 4883 1366 4937 26
1399 4898 1429 4937 3
1463 4886 1539 4954 q.)

366 4952 420 5018 3)
470 4952 659 5007 Totum
693 4899 792 5008 a
825 4966 1034 5033 comma
1056 4953 1208 5033 abest
1239 4953 1309 5033 ab
1345 4901 1466 5007 ⁶013.
1522 4953 1804 5034 ρωποι-απ·
1847 4948 2111 5031 Calvinus

159 5020 472 5078 Beruenses
504 5037 617 5076 non
650 5022 914 5076 salutant
944 5020 1011 5075 de
1045 5019 1340 5086 mdusma,
1375 5036 1539 5091 quast
1572 5019 1936 5074 adversanos.

304 5160 316 5172 ·
365 5088 428 5156 4)
468 5089 543 5144 N.
576 5086 697 5172 953.
751 5087 1032 5144 Saturum
1066 5087 1247 5143 adhue
1280 5089 1620 5144 Lau-sannae
1654 5088 1982 5143 commorari
2005 5103 2110 5155 pu-

156 5166 253 5227 m'
289 5176 402 5282 ”⁸5
425 5155 1142 5307 “fflffl'ossssffaffit
1158 5225 1399 5280 onais„
1414 5224 1645 5305 pidem.
1677 5223 1804 5279 οοα.
1820 5223 2114 5278 Ionm‘naei

166 5296 498 5351 Ianuarium
543 5295 812 5351 adscribat
842 5294 939 5350 aed
972 5300 1164 5348 mmto
1208 5297 1370 5350 uncia
1400 5295 1685 5349 melum.
1758 5291 1845 5346 De
1887 5290 2111 5347 octobre

158 5380 270 5420 non
304 5370 388 5420 m
418 5364 566 5435 quod
598 5364 811 5420 dubites
831 5369 959 5434 poci
994 5363 1181 5433 plures
1211 5364 1354 5418 idem
1386 5368 1762 5433 &cementum
1796 5365 2107 5416 tractantes.

373 5446 591 5504 calvam·
618 5462 803 5518 opem.
884 5448 996 5504 1⁷01.
1035 5446 1183 5502 XII.

1861 469 2024 532 154⁷
2067 463 2488 534 NOVEMB.

4058 468 4189 533 610

2382 653 2445 719 A
2494 673 2648 737 mon
2694 652 3077 720 treshonore
3120 652 3452 739 Seigneur
3492 656 3705 721 Mons.
3751 656 3890 807 (ἰῶ.

3694 763 3734 807 a
3840 763 3969 808 lon.

2211 945 2305 1011 M.
2353 945 2433 1009 B.
2481 941 2716 1008 Ioanni
2762 939 3045 1008 Calvino
3101 944 3193 1029 τῷ
3243 941 3642 1029 edoceto-remp
3697 969 3760 1008 τε
3816 951 3919 1009 καὶ
3960 953 4185 1031 θεοφι-

2875 1018 3137 1114 λεστάτφ
3181 1025 3252 1094 S.
3298 1030 3377 1095 P.
3423 1031 3507 1095 D.

2381 1164 2531 1230 Etsi
2575 1163 2655 1230 de
2700 1173 2811 1230 tuo
2856 1184 3178 1247 propenso
3224 1164 3294 1227 in
3340 1164 3481 1245 pios
3523 1184 3753 1230 omnes
3798 1167 4016 1232 animo
4061 1189 4178 1232 an-

2212 1257 2320 1314 tea
2363 1270 2557 1334 saepe
2617 1272 2698 1315 ex
2755 1248 3112 1315 multorum
3172 1263 3239 1313 et
3295 1249 3558 1316 nunciis
3615 1261 3683 1315 et
3739 1251 4175 1331 sermonibus,

2213 1336 2315 1400 vir
2359 1336 2606 1418 optime
2650 1344 2849 1419 atque
2904 1333 3415 1413 humanissime,
3471 1335 3630 1399 satis
3688 1336 3896 1401 multa
3950 1334 4177 1402 audie-

2213 1442 2388 1498 ram,
2453 1428 2698 1504 tuaque
2754 1419 3164 1503 hospitalitas
3209 1418 3463 1485 Christi
3520 1421 3786 1485 nomine
3832 1421 3999 1486 nulli
4044 1446 4176 1488 non

2214 1527 2329 1589 per
2374 1514 2581 1571 totam
2624 1507 2807 1571 Euro
2856 1526 2963 1569 am
3006 1503 3395 1587 iampridem
3451 1506 3537 1569 sit
3592 1506 3889 1590 cognita,
3950 1517 4177 1573 tamen

2215 1613 2540 1675 nusquam
2584 1592 2787 1658 iucun
2835 1591 2932 1656 ior
2976 1599 3187 1668 antea,
3233 1589 3497 1674 gratior,
3546 1612 3628 1655 ne
3671 1593 3969 1670 mentiar,
4017 1616 4175 1659 nus-

2214 1696 2411 1760 quam
2449 1677 2613 1741 mihi
2651 1676 2902 1754 accidit,
2950 1696 3147 1759 quam
3184 1696 3385 1758 quum
3425 1674 3506 1739 ad
3536 1673 3831 1741 Garolum
3874 1686 4177 1743 nostrum

2211 1762 2489 1828 eandem
2535 1763 2713 1828 sensi
2748 1761 3022 1845 largiter
3057 1768 3140 1838 et,
3188 1772 3261 1826 ut
3297 1761 3433 1843 ipse
3470 1760 3701 1837 aiebat,
3747 1763 3982 1845 cupide
4025 1784 4176 1845 per-

2213 1868 2532 1912 manasse.
2623 1846 2949 1930 Equidem
2998 1846 3089 1912 sic
3135 1846 3375 1923 sentio,
3432 1843 3743 1929 quidquid
3789 1848 4177 1914 accessionis

2213 1928 2318 1998 ad‘
2342 1931 2682 1998 commoda
2723 1932 2980 2014 piorum
3028 1932 3159 2008 fiat,
3207 1929 3381 1994 idem
3417 1931 3484 1995 in
3523 1952 3668 1996 meo
3704 1932 3885 1997 lucro
3932 1953 4174 2016 ponere

2213 2038 2289 2084 ac
2335 2026 2642 2096 statuere,
2691 2037 2933 2099 nosque
2975 2036 3218 2091 omne&
3265 2015 3506 2098 quippe
3565 2036 3647 2080 ex
3708 2017 3935 2081 eodem
3990 2029 4177 2101 patre

2216 2103 2444 2182 editos,
2489 2101 2730 2167 fratres
2775 2123 2916 2166 esse
2960 2111 3276 2182 oportere.
3369 2099 3502 2166 Sed
3551 2108 3772 2166 tamen
3820 2105 3914 2180 fit,
3962 2105 4180 2168 nescio

2216 2209 2342 2272 quo
2385 2195 2663 2253 naturae
2707 2185 2998 2264 consili0‚
3048 2193 3124 2250 ut
3167 2186 3407 2251 arctior
3452 2195 3647 2267 atque
3689 2185 3849 2251 adeo
3893 2190 4180 2254 sanctior

2217 2287 2283 2338 et
2326 2273 2672 2357 sanguinis
2715 2280 2784 2335 et
2828 2272 3195 2337 animorum
3231 2271 3601 2335 coniunctio
3646 2269 3963 2351 videatur,
4010 2293 4177 2355 quae

2216 2359 2297 2424 ab
2340 2357 2574 2424 eadem
2617 2357 2842 2436 domo,
2901 2354 3135 2421 iisdem
3195 2355 3604 2439 parentibus,
3661 2357 3886 2422 eadem
3942 2359 4177 2424 educa·

2216 2444 2424 2522 tione,
2486 2441 2719 2508 studiis
2773 2441 3052 2525 denique
3106 2441 3340 2507 iisdem
3401 2462 3441 2506 a
3494 2441 3726 2523 primis
3783 2444 3972 2508 annis
4027 2465 4177 2526 pro-

2215 2528 2400 2594 fecta·
2431 2536 2553 2593 est.
2641 2526 2864 2609 Quare
2909 2525 3152 2611 duplici
3214 2527 3479 2591 nomine
3540 2538 3606 2590 et
3650 2527 3814 2592 mihi
3859 2530 4177 2613 gratulor,

2217 2622 2285 2679 et
2328 2613 2469 2693 tibi,
2516 2615 2617 2680 vir
2661 2613 3093 2690 ornatissime,
3155 2613 3402 2694 gratias
3447 2633 3605 2695 ago:
3666 2613 3947 2695 primum
4004 2614 4181 2698 quod

2217 2710 2308 2778 tu,
2356 2719 2524 2782 quae
2569 2710 2687 2763 tua
2730 2710 2829 2763 est
2871 2699 3080 2781 pietas
3125 2698 3193 2760 in
3230 2705 3539 2776 caeter-oe,
3589 2696 3881 2763 Carolum
3926 2699 4177 2766 adoles·

2218 2793 2476 2849 centem
2521 2803 2796 2868 peregre
2841 2792 3146 2866 agentem
3184 2782 3381 2866 longe
3419 2804 3458 2847 a
3493 2783 3649 2859 suis,
3696 2806 3734 2847 a
3771 2794 3956 2865 pat-re
3991 2786 4179 2867 quasi

2218 2868 2628 2947 destitutum,
2673 2888 2943 2934 suorum
2993 2877 3284 2950 egestate
3328 2868 3584 2949 partim,
3641 2868 3877 2950 partim
3924 2891 4178 2953 quoque

2218 2954 2625 3039 negligentia
2680 2961 3007 3031 coactum,
3089 2951 3249 3018 adeo
3317 2952 3694 3018 humaniter
3765 2973 3841 3020 ac
3906 2956 4180 3021 comiter

2218 3038 2500 3125 bospitio
2545 3040 2880 3124 exceperis
2902 3090 2918 3118 ,
2976 3044 3292 3122 tanquam
3343 3037 3554 3104 filium
3602 3058 3677 3105 ac
3723 3038 3993 3106 fratrem
4036 3047 4178 3107 stu-

2219 3125 2402 3191 diose
2447 3124 2775 3202 habueris,
2820 3134 2897 3190 ut
2936 3124 3061 3190 hac
3097 3133 3284 3207 parte
3321 3146 3450 3189 non
3498 3124 3714 3190 miuus
3757 3126 4021 3190 iamiam
4056 3126 4178 3192 tibi

2219 3209 2456 3277 debeat
2497 3232 2698 3294 quam
2735 3210 2896 3293 ipsis
2941 3207 3347 3293 parentibus:
3407 3208 3644 3274 deinde
3686 3208 3857 3292 quod
3900 3212 4178 3278 fratrem

2219 3297 2302 3363 'ab
2359 3295 2477 3360 illa
2535 3296 2949 3361 anfractuosa
2997 3317 3129 3360 non
3188 3294 3401 3360 solum
3456 3305 3523 3359 et
3577 3293 3920 3378 impedita,
3982 3305 4176 3380 atque

2217 3379 2379 3447 adeo
2418 3382 2620 3459 invia,
2665 3380 2780 3446 sed
2823 3400 3094 3464 prorsus
3136 3378 3281 3445 Deo
3342 3379 3585 3463 optimo
3631 3381 3918 3446 maximo
3959 3381 4177 3448 invisa

2216 3487 2291 3532 ac
2336 3466 2709 3532 detestabili
2746 3466 2853 3532 via
2894 3463 2980 3529 ad
3013 3472 3258 3531 rectam
3295 3464 3665 3530 abduxeris.
3731 3467 3962 3532 Annos
3996 3468 4178 3533 enim

2216 3571 2423 3636 prope
2466 3551 2881 3634 undeviginti
2927 3550 3021 3615 sio
3062 3549 3174 3614 ille
3217 3559 3580 3634 peregerat,
3625 3558 3703 3614 ut
3747 3551 3860 3633 qui
3905 3550 4173 3618 Christo

2215 3636 2380 3701 nihil
2427 3638 2557 3702 iam
2605 3635 2889 3715 deberet,
2934 3656 3054 3701 nec
3098 3636 3338 3700 summi
3382 3655 3603 3700 rerum
3649 3636 3940 3701 omnium
3987 3639 4175 3719 opifi-

2215 3722 2312 3788 cis
2379 3722 2691 3787 mandata
2767 3741 3047 3804 usquam
3112 3720 3467 3785 sinceriore
3535 3729 3757 3784 mente
3840 3723 4172 3804 cogitaret.

2216 3806 2332 3873 sio
2376 3829 2416 3872 a
2472 3805 2816 3885 fratribus,
2870 3809 2925 3871 si
2983 3804 3108 3870 diis
3167 3804 3413 3887 placet,
3471 3805 3804 3871 monachis
3866 3806 4172 3889 (malum)

2215 3892 2687 3958 instituebatur
2741 3899 2817 3955 ut
2873 3912 3050 3955 nunc
3110 3910 3262 3956 vere
3331 3891 3600 3971 iureque
3659 3893 3900 3973 possim
3962 3891 4176 3958 dicere

2216 3976 2297 4041 do
2342 3999 2452 4042 eo:
2499 3978 2784 4060 perierat
2826 3976 3051 4049 frater,
3094 3985 3159 4040 et
3203 3985 3317 4039 tua
3361 3996 3561 4058 opera
3604 3987 3704 4040 est
3748 3976 4013 4040 tandem
4052 3977 4173 4042 ali-

2215 4062 2473 4144 quando
2517 4064 2844 4127 inventus.
2946 4062 3050 4124 Ex
3095 4061 3231 4126 tuis
3274 4071 3491 4124 autem
3542 4082 3748 4142 paene
3792 4063 4170 4128 innumera-

2215 4148 2456 4214 bilibus
2499 4157 2695 4229 atque
2737 4144 3228 4212 incredibilibus
3262 4146 3334 4209 in
3379 4167 3525 4210 eum
3571 4144 3920 4224 beneficiis„
3967 4172 4172 4232 quum

2215 4231 2379 4298 illud
2423 4255 2462 4297 a
2507 4232 2692 4298 nobis
2736 4232 2966 4296 officiis
3020 4231 3236 4296 studio
3291 4251 3365 4296 ac
3425 4231 3770 4314 diligentia
3810 4234 3995 4299 reddi
4039 4236 4172 4300 for-

2215 4327 2387 4383 tasse
2455 4319 2676 4402 possit,
2743 4326 2887 4381 tum
2971 4317 3259 4399 profecto
3342 4316 3537 4382 huius
3602 4318 3998 4395 mercedem,
4076 4322 4170 4385 mi

2217 4404 2509 4484 Ιοαηηεε,
2555 4425 2685 4469 non
2729 4417 2830 4468 est
2872 4401 3044 4485 quod
3087 4401 3165 4465 ab
3201 4399 3576 4467 hominibus
3620 4412 3974 4484 exspectes.
4044 4406 4168 4471 Est

2215 4491 2388 4555 enim
2437 4490 2686 4571 maius,
2744 4488 2907 4552 mihi
2965 4486 3186 4566 crede,
3241 4506 3437 4569 quam
3497 4507 3683 4552 mens
3732 4489 4021 4551 humana
4062 4511 4169 4555 ca-

2213 4596 2370 4659 pere
2428 4573 2675 4639 nedum
2733 4571 3093 4657 rependere
3138 4571 3370 4636 valeat.
3460 4572 3645 4637 Deus
3699 4571 3811 4636 ille
3858 4572 4166 4654 Abraam‚

2214 4660 2376 4725 deus
2432 4660 2649 4737 Isaac,
2706 4658 2869 4724 deus
2923 4657 3154 4735 Iacob,
3215 4656 3374 4721 deus
3426 4657 3704 4738 denique
3759 4656 3872 4721 ille
3927 4669 4167 4739 noster,

2211 4744 2518 4811 omnibus
2561 4753 2750 4829 pater
2792 4743 3176 4821 communis,
3221 4742 3461 4807 iustam
3505 4743 3735 4823 cuique
3780 4740 3850 4805 in
3894 4740 4018 4809 hoc
4061 4766 4171 4829 ge-

2212 4853 2372 4897 nere
2438 4829 2807 4896 mercedem
2864 4830 3237 4911 iustumque
3304 4828 3667 4910 praemium
3725 4837 3824 4891 est
3877 4830 4169 4909 persolu-

2213 4927 2420 4983 turus.
2506 4915 2723 4999 Perge
2765 4914 2970 4997 igitur
3014 4912 3094 4978 de
3153 4913 3312 4978 viris
3371 4912 3632 4993 quidem
3690 4910 3876 4978 bonis
3918 4913 4031 4978 sed
4073 4915 4166 4979 la-

2214 5002 2597 5068 borantibus
2641 5001 2841 5066 etiam
2885 5008 3080 5081 atque
3124 4998 3323 5063 etiam
3368 4998 3534 5063 bene
3577 5000 3815 5062 mereri
3860 5018 3987 5080 quo
4026 4998 4170 5065 bra-

2213 5087 2395 5152 vium
2432 5086 2713 5171 opimius
2755 5094 2821 5150 et
2856 5085 3069 5149 maius
3105 5081 3455 5165 aliquando
3491 5102 3683 5148 conse
3727 5103 3904 5147 uare.
3972 5083 4169 5165 Quod

2213 5174 2268 5238 si
2328 5174 2439 5255 qui
2508 5194 2642 5237 non
2702 5177 3011 5255 pareant,
3081 5170 3136 5235 si
3193 5167 3607 5252 refragentur
3661 5188 3701 5231 a
3731 5167 3892 5249 'qui,
3947 5170 4037 5246 si,
4095 5179 4169 5236 ut

2211 5279 2478 5324 necesse
2523 5265 2623 5323 est
2665 5277 2860 5340 quam
2903 5254 3242 5338 plurimos,
3288 5251 3650 5318 detrectent
3683 5269 3799 5318 aut
3841 5254 4169 5320 relucten-

2210 5352 2351 5423 tur,
2413 5351 2636 5408 tamen
2693 5351 2767 5408 tu
2825 5362 2907 5406 ne
2950 5339 3107 5407 cede
3159 5338 3350 5404 malis
3394 5337 3508 5404 sed
3552 5346 3785 5404 contra
3824 5337 4171 5405 audentior
