4825 6175
203 436 306 500 153

193 618 382 689 videri
422 626 936 702 repraesentare.
1025 617 1354 685 Dominus
1396 618 1508 684 det
1550 618 1648 685 eis
1690 620 2130 685 constantiam

195 716 253 774 et
297 705 580 772 vincent.
683 703 959 771 Certum
1016 710 1144 783 est,
1203 712 1510 788 paratum
1567 706 1637 770 in
1695 726 1815 770 nos
1874 704 2122 789 aliquid

190 792 374 860 fnisse
423 790 615 870 mali,
686 790 803 857 sed
862 791 1048 856 Deus
1101 789 1387 856 clemens
1449 789 1617 856 illud
1680 791 1939 856 avertit.
2040 791 2126 856 In

193 877 564 961 colloquium
605 876 906 941 futurum
949 876 1065 940 alii
1107 877 1304 941 suetii
1323 877 1380 959 ⁷)
1437 898 1571 942 non
1628 884 2124 956 consenserunt,

189 984 372 1048 quare
412 983 550 1027 non
594 982 943 1045 possumus
984 961 1165 1028 aliud
1206 962 1615 1039 convincere,
1630 962 1692 1047 ⁸)
1735 983 1938 1045 quam
1981 984 2125 1028 esse

186 1049 428 1133 insigne
470 1048 715 1131 aliquid
759 1048 831 1112 in
873 1067 952 1113 ea
993 1048 1068 1112 in
1112 1047 1356 1113 dolum.
1376 1052 1433 1125 ⁹)
1498 1047 1830 1113 Dominus
1865 1047 2121 1114 viderit.

189 1133 557 1202 Orationem
586 1137 668 1209 ¹⁰)
711 1133 919 1200 habeo
975 1130 1057 1198 de
1114 1133 1335 1198 libello
1393 1141 1625 1200 contra
1670 1133 1965 1200 carolum
1982 1185 1998 1214 ,
2049 1136 2122 1199 in

185 1241 302 1305 quo
353 1218 516 1284 mihi
569 1218 738 1284 nihil
797 1220 1077 1284 nimium
1132 1240 1332 1284 usum
1361 1222 1441 1294 ¹¹)
1500 1228 1618 1285 est.
1708 1218 1887 1301 Quid
1942 1221 2118 1285 enim

184 1306 399 1372 acerbe
452 1304 613 1371 satis
665 1304 738 1369 in
802 1305 966 1372 tales
1010 1304 1428 1387 blasphemos
1471 1307 1681 1388 possit
1721 1304 1894 1371 dici?
1984 1307 2121 1371 Do-

182 1394 386 1457 minus
441 1398 511 1455 te
566 1397 635 1455 et
697 1398 952 1458 vestros
1011 1392 1255 1457 amicos
1317 1399 1553 1456 servet.
1643 1393 1727 1457 D.
1790 1390 2121 1457 Far-enum

182 1487 320 1561 opto
360 1476 608 1560 optime
651 1477 926 1543 saluisse
951 1479 1034 1551 ¹²)
1079 1486 1148 1541 et
1189 1476 1386 1552 alios,
1443 1498 1606 1560 quos
1649 1476 1978 1542 Dominus
2021 1486 2120 1542 te-

179 1584 318 1629 cum
353 1569 622 1628 tueatur
663 1571 732 1629 et
772 1562 1081 1630 ecclesiae
1123 1583 1281 1628 suae
1321 1572 1560 1635 servet.
1626 1563 1720 1628 Et
1752 1584 1929 1648 rogo,
1967 1562 2121 1629 sub·

179 1647 322 1714 inde
362 1647 468 1714 vel
513 1648 788 1714 verbulo
833 1647 915 1714 de
955 1648 1152 1713 rebus
1194 1649 1434 1715 vestris
1476 1649 1820 1733 significes.
1913 1648 2120 1714 Anxii

177 1734 343 1800 enim
375 1734 617 1799 merito
651 1756 879 1802 sumus
915 1733 995 1798 de
1031 1734 1235 1813 vobis,
1280 1756 1463 1801 nnnc
1497 1737 1695 1800 etiam
1730 1744 1913 1818 peste
1949 1732 2121 1818 apud

176 1840 287 1886 vos
327 1828 691 1905 grassante.
782 1819 1050 1903 Optime
1091 1820 1258 1887 vale.
1347 1825 1449 1886 29.
1496 1821 1788 1904 Augusti
1839 1825 2022 1885 1545.

1392 1956 1486 2023 M.
1527 1956 1828 2025 Bucerus
1870 1958 1945 2023 Τ.

1061 2552 1217 2625 690.

654 2708 1129 2777 GALVINUS
1173 2708 1640 2778 HUBERTO.

144 2902 163 2924 ·
331 2881 642 2968 Priviyni
681 2882 818 2963 sui,
874 2882 1077 2948 nescio
1126 2882 1291 2948 unde
1348 2881 1742 2957 restituendi,
1802 2900 2020 2948 curam
2061 2880 2121 2947 ei

53 3032 54 3035 ,
168 2968 516 3035 demcmdat.

169 3140 382 3206 (Exstat
415 3141 477 3194 in
497 3139 755 3194 Archivis
774 3138 1070 3194 Thomanis
1095 3113 1462 3208 Argentorati,
1499 3138 1640 3208 Epp.
1677 3138 1952 3193 variorum
1988 3139 2116 3195 Vol.

327 3208 403 3263 11.
439 3208 514 3265 N.
552 3208 586 3261 2
621 3225 787 3262 manu
820 3209 1025 3263 Budaei
1060 3209 1279 3277 scripta.
1317 3235 1383 3247 ·-
1421 3207 1632 3262 Simler.
1670 3207 1793 3261 Vol.
1829 3205 1945 3275 58.)

326 3361 399 3430 S.
496 3362 832 3444 Quoniam
904 3362 1182 3428 verebar
1256 3383 1343 3428 ne
1422 3360 1650 3427 Petrus
1675 3364 1727 3444 ¹)
1805 3364 2119 3430 coriarius

168 3446 672 3515 Franofordiam
737 3456 895 3513 ante
933 3449 1286 3531 profectus
1351 3457 1554 3522 esset,
1637 3469 1835 3531 quam
1899 3450 2120 3515 isthuc

167 3554 342 3601 meae
384 3535 628 3600 literae
671 3536 1096 3618 pervenirent
1114 3585 1129 3611 ‚
1175 3555 1288 3600 eas
1331 3533 1453 3600 tibi
1497 3530 1921 3600 destinandas
1964 3557 2118 3602 oen·

168 3620 261 3684 sui
317 3628 393 3685 ut
437 3640 712 3686 curares
770 3618 855 3686 ad
912 3640 1066 3685 eum
1124 3617 1562 3702 perferendas.
1667 3618 1858 3703 Rogo
1914 3620 2122 3704 igitur

165 3713 241 3784 te,
274 3707 368 3771 mi
388 3707 620 3783 trater,
656 3715 731 3771 ut
763 3706 936 3772 hanc
970 3705 1340 3771 molestiam
1375 3705 1707 3788 suscipere
1741 3721 1890 3771 mea
1922 3727 2121 3772 causa

163 3811 241 3856 ne
282 3793 612 3876 graveris.
701 3792 946 3876 Agitur
1000 3791 1081 3856 de
1136 3791 1273 3857 filio
1333 3791 1559 3857 uxoris
1614 3811 1817 3856 meae.
1840 3791 1898 3878 ²)
1993 3792 2119 3857 Ille

163 4063 351 4103 manno
385 4047 787 4112 assentiebant,
823 4047 939 4101 eius
979 4064 1047 4102 ne
1092 4048 1446 4118 appellationi
1481 4047 1552 4100 ad
1586 4045 1888 4101 Concilium
1922 4047 2119 4102 adhae-

165 4123 368 4183 serunt,
408 4117 660 4172 Comites
695 4133 892 4187 nempe
984 4134 1100 4170 enr.
1139 4117 1559 4186 Stolbergensis,
1596 4117 1828 4170 Iacobus
1853 4115 1995 4170 Rhin
2097 4145 2118 4156 -

163 4186 289 4252 vius,
322 4187 647 4241 Fridericus
682 4185 960 4252 widmann,
995 4184 1210 4240 Christo
1249 4185 1415 4239 horus
1451 4185 1944 4266 Oldenburgensis,
2037 4185 2121 4239 hi-

163 4252 331 4323 lippns
366 4255 623 4309 Daunius
658 4261 760 4308 etc.
837 4253 922 4321 Cf.
962 4253 1127 4308 maid.
1167 4203 1254 4309 15.
1289 4252 1408 4308 396.
1495 4253 1988 4308 Οανιήαειαποτωκ
2022 4270 2119 4309 no-

162 4338 275 4377 men
318 4326 382 4378 in
428 4330 590 4378 textu
634 4324 946 4392 apoyraphi
977 4325 1134 4378 uobis
1167 4329 1489 4393 suspectum.

359 4391 421 4460 7)
458 4397 656 4446 status.
679 4421 740 4431 -
775 4390 901 4446 Scil.
925 4392 1207 4460 Catholici,
1242 4393 1341 4462 qui
1362 4390 1764 4447 Ratisboumc
1796 4391 2118 4461 colloquium

165 4456 550 4517 detrectabant.
628 4459 916 4525 (Seckend.
950 4477 1003 4530 p.
1039 4458 1193 4528 546.)

357 4529 418 4595 8)
454 4529 771 4584 coniicere?

359 4597 425 4664 9)
462 4600 552 4653 sic
586 4613 778 4665 apogr.

326 4665 423 4733 10)
464 4667 718 4722 Gratiam
731 4667 760 4719 ⁴?

327 4735 426 4800 11)
464 4736 689 4790 visum?

330 4802 424 4871 12)
470 4805 561 4859 sic
593 4820 629 4858 a
772 4840 784 4854 .
824 4803 1062 4868 (salvum
1097 4804 1279 4872 esse?)

186 4870 324 4926 690.
359 4873 423 4939 1)
462 4874 539 4927 In
572 4872 717 4926 huuc
752 4870 978 4926 Petrum
1008 4872 1287 4927 Teschium
1319 4873 1432 4926 iam
1467 4885 1641 4942 supra
1674 4870 1935 4927 incidisse
1966 4872 2125 4928 notu

167 4941 408 4994 videaur
443 4943 514 4996 in
555 4941 632 4995 N.
667 4938 787 5006 635,
821 4946 936 4995 not.
974 4940 1023 4992 4.

364 5009 428 5077 2)
464 5010 759 5064 Idclettam
812 5010 880 5064 de
908 5010 1059 5064 Bure
1104 5010 1214 5065 iam
1250 5025 1317 5063 σω
1344 5011 1529 5078 primo
1563 5010 1764 5063 marito
1796 5007 1994 5064 liberos
2026 5009 2123 5063 ha·

170 5075 340 5130 tuisse
371 5085 612 5144 comat,
647 5077 718 5144 cf.
755 5077 971 5133 Bomio!
1029 5077 1216 5133 Ricits
1248 5078 1328 5133 du
1363 5076 1458 5132 160
1484 5078 1640 5133 siecle
1667 5093 1726 5145 p.
1758 5075 1844 5130 84.
1927 5076 2124 5131 Verum

173 5142 233 5197 de
263 5162 508 5215 quanam
544 5148 885 5202 restuutione
924 5121 1031 5213 flia·
1072 5147 1307 5202 alicuoius
1344 5147 1435 5202 hic
1467 5153 1669 5216 ayatur
1684 5186 1700 5215 ,
1748 5145 1812 5200 id
1844 5146 2126 5202 declarare

168 5229 319 5279 posse
350 5216 710 5285 desperantes
734 5217 810 5270 ad
841 5215 1109 5284 Oedipum
1143 5223 1192 5270 te
1224 5217 1566 5270 remittimus.
1617 5215 1723 5269 Vix
1767 5216 1884 5268 eius
1928 5216 2126 5268 aetatis

175 5291 525 5364 «περαίη-ατ
560 5300 700 5352 puer
731 5291 795 5339 ut
826 5287 917 5339 sui
950 5300 1164 5353 compos
1180 5286 1263 5338 vel
1294 5285 1358 5338 in
1379 5285 1642 5354 reliyioue
1674 5283 1757 5338 vel
1789 5285 1850 5337 in
1883 5284 2128 5338 moribus

177 5364 212 5403 a
241 5366 331 5406 ma
362 5355 667 5410 ahcrraret.

1882 435 2046 496 1545
2090 427 2489 500 AUGUS'P.

4064 439 4184 499 154

2231 639 2404 684 unus
2448 624 2550 684 est
2589 640 2711 718 per
2749 641 2943 703 quem
2979 640 3321 703 speramus
3356 619 3546 686 nobis
3581 641 3771 703 posse
3805 640 3955 685 eum
3991 620 4185 687 resti-

2230 705 2347 770 tui.
2448 705 2805 771 Ratlonem
2858 706 2958 771 illi
3015 705 3307 771 ostendo.
3416 704 3493 772 Si
3559 706 3689 771 erit
3751 706 4184 789 Argentinae‚

2229 811 2381 855 eum
2440 799 2515 855 tu
2574 812 2833 874 quoque
2892 790 3258 858 hortaberis
3315 799 3392 857 ut
3443 791 3617 857 serio
3672 789 3860 857 nobis
3918 813 4186 875 operam

2228 896 2419 941 suam
2473 877 2814 960 impendat
2866 886 2935 943 et
2997 878 3334 943 incumbat
3396 878 3466 942 in
3533 877 3707 943 hanc
3763 897 3991 943 curam
4049 886 4186 943 toto

2225 972 2486 1027 conatu.
2599 961 2725 1028 Sin
2802 962 3304 1029 Francfordiam
3383 964 3711 1046 profectus
3776 964 3901 1029 erit
3916 1014 3930 1039 ‚
3998 963 4185 1030 dabis

2227 1067 2500 1130 operam
2544 1056 2620 1112 ut
2662 1047 2747 1114 ad
2790 1071 2941 1115 eum
3001 1050 3233 1115 literae
3294 1049 3365 1113 in
3423 1059 3717 1132 tempore
3771 1050 4182 1132 perveniant.

2226 1133 2418 1211 Vale,
2466 1132 2839 1200 deotissime
2881 1137 2989 1202 vir
3047 1144 3113 1200 et
3168 1136 3375 1200 stater
3418 1135 3858 1220 integerrime.
3950 1136 4184 1202 Domi-

2226 1240 2356 1284 nus
2401 1226 2470 1284 te
2504 1219 2742 1302 spiritu
2786 1243 2903 1288 suo
2961 1242 3220 1304 semper
3256 1220 3599 1305 gubernet.
3690 1220 4007 1287 Genevae
4050 1222 4185 1304 pri-

2227 1304 2333 1369 die
2379 1303 2656 1377 Oalend.
2704 1304 2994 1390 Septem.
3015 1309 3071 1385 ⁸)

3231 1443 3513 1509 Ioannes
3561 1424 3877 1509 Calvinus
3924 1450 4093 1509 tuus.

2394 1613 2543 1679 Has
2597 1613 2842 1680 dictavi
2912 1614 3323 1680 hemicrania
3387 1613 3566 1679 labo-

2223 1719 2429 1851 &Ze
2471 1720 2558 1764 ne
2614 1710 2807 1783 putes
2865 1702 3115 1767 factum
3158 1700 3568 1785 negligentia

3129 2212 3279 2284 691.

2623 2349 3110 2418 OAMPHIUS
3154 2350 3793 2417 BULLINGERO.

2405 2518 2714 2590 Calvinus
2793 2520 3247 2589 catechismum
3319 2542 3510 2587 suum
3580 2522 3850 2589 ecclesiis
3926 2522 4186 2589 His-iae

2226 2610 2627 2690 nuncupavit.
2735 2605 2938 2673 Gaius
2992 2608 3068 2674 de
3120 2613 3509 2675 sacramento
3573 2612 3874 2675 sententia
3890 2659 3904 2688 ,
3970 2610 4184 2691 qualis

2226 2714 2392 2759 nuno
2458 2693 2817 2775 exponitur,
2880 2695 3094 2759 miuus
3152 2693 3359 2775 placet
3422 2714 3613 2775 quam
3664 2697 3874 2777 prior.
3963 2693 4184 2761 Etiam

2225 2779 2466 2845 Bucari
2507 2780 2784 2845 varietas
2826 2784 3127 2861 suspecta.

2226 2952 2338 3019 (Ex
2385 2950 2726 3020 autographo
2772 2949 2996 3003 ArchiV.
3044 2950 3222 3003 Turio.
3271 2950 3402 3004 olim
3450 2951 3622 3005 Scrin.
3671 2949 3726 3004 C.
3772 2952 3819 3005 Ε
3860 2969 3911 3020 p.
3950 2951 4102 3004 Tom.
4140 2951 4180 3005 1.

2315 3036 2460 3073 nunc
2496 3020 2640 3073 Plnt.
2678 3018 2776 3073 Vl.
2815 3019 2940 3073 Vol.
2982 3017 3119 3072 117⁸.
3172 3018 3262 3072 i'ol.
3298 3018 3418 3072 302.
3458 3048 3521 3058 -
3558 3019 3770 3074 Simler.
3865 3021 3933 3074 ol.
3973 3019 4090 3084 58.)

2220 3211 2345 3276 Pio
2389 3229 2467 3276 ac
2512 3209 2701 3276 docto
2744 3210 2890 3275 viro
2910 3209 2996 3275 D.
3021 3208 3387 3274 Heinricho
3431 3209 3824 3295 Bullingero
3868 3211 4182 3278 ecclesiae

2222 3296 2583 3381 Tigurinae
2626 3295 2928 3380 episcopo
2966 3294 3477 3379 vigilantissimo
3514 3296 3723 3361 amico
3769 3319 3888 3362 suo
3924 3318 4182 3362 summo

2328 3389 2395 3447 et
2439 3381 2634 3447 fratri
2677 3381 2750 3445 in
2795 3379 3531 3532 ChristoDrtlssffffigssimo
3570 3379 3640 3448 S.
3689 3383 3758 3448 in
3802 3382 4071 3449 Christo

2394 3689 2501 3755 De
2557 3691 2827 3765 itinere,
2897 3686 2979 3753 de
3038 3695 3216 3755 statu
3274 3689 3528 3771 patriae
3601 3689 3767 3754 nihil
3826 3689 4182 3756 admodum

2221 3775 2431 3841 habeo
2454 3773 2628 3858 quod
2650 3774 2934 3841 scribere
2956 3774 3221 3858 possim,
3252 3774 3422 3857 quod
3455 3773 3563 3839 hic
3583 3774 3839 3841 Samuel
3866 3779 3915 3855 ¹)
3932 3777 4182 3842 amicus

2224 3883 2411 3927 meus
2458 3883 2591 3927 non
2635 3870 2863 3927 exacte
2911 3881 3240 3944 exponere
3298 3861 3522 3944 possit.
3611 3860 3760 3927 Hoc
3805 3861 4021 3927 solum
4065 3861 4181 3927 ad-

2222 3967 2489 4026 moneo,
2544 3967 2651 4011 me
2704 3947 2992 4032 gaudere
3047 3956 3345 4012 nostram
3402 3945 3924 4029 qualemcunque
3978 3947 4181 4013 eccle-

2224 4033 2390 4099 siam
2429 4040 2691 4100 vestrae
2744 4033 2815 4098 in
2858 4031 3157 4099 doctrina
3211 4053 3331 4115 per
3385 4032 3604 4096 omnia
3660 4034 4183 4098 consentientem

2223 4140 2383 4184 esse.
2474 4117 2558 4182 In
2601 4138 2729 4201 qua
2771 4140 2844 4183 re
2888 4140 3021 4184 non
3064 4138 3298 4200 parum
3343 4138 3579 4200 operae
3614 4119 3836 4199 posuit
3878 4138 3954 4183 ac
3996 4121 4183 4202 ponit

2220 4206 2548 4270 Dominus
2591 4224 2634 4269 a
2678 4203 2975 4280 Lasco.²)
3064 4204 3158 4269 Ut
3196 4210 3417 4268 autem
3454 4203 3576 4268 tibi
3621 4202 3821 4269 huius
3870 4205 3963 4270 rei
4011 4205 4180 4269 indi-

2222 4292 2397 4355 cium
2442 4287 2706 4372 aliquod
2750 4289 2920 4367 dem,
2965 4289 3150 4354 misit
3194 4288 3278 4354 ad
3321 4310 3474 4368 nos,
3534 4288 3641 4354 vel
3684 4290 3931 4356 nostris
3977 4291 4182 4357 eccle-

2222 4378 2336 4441 siis
2404 4374 2686 4452 dicavit,
2754 4375 3038 4440 Ioannes
3085 4372 3389 4441 Calvinus
3443 4395 3640 4439 suum
3684 4375 4179 4442 Oatechismum

2223 4461 2522 4526 brevem:
2545 4461 2604 4546 ⁸)
2659 4462 2866 4527 nostri
2907 4472 3157 4540 autem,
3213 4482 3417 4544 quum
3462 4471 3652 4545 grato
3697 4463 3914 4526 animo
3958 4482 4179 4527 susce-

2430 4663 2494 4729 3)
2531 4665 2756 4720 Annum
2803 4664 3172 4720 adscribimus
3206 4663 3350 4719 1545
3402 4664 3689 4719 Sameram
3741 4667 3959 4735 sequuti
3998 4667 4182 4719 nescio

2224 4748 2332 4802 quo
2367 4740 2685 4802 aryumenio
2713 4733 2934 4800 frewm.
3012 4732 3075 4787 Si
3106 4736 3232 4804 quis
3277 4749 3345 4788 ecc
3381 4733 3491 4802 Ep.
3529 4733 3605 4789 N.
3651 4733 3758 4788 632
3803 4749 4008 4788 anuum
4047 4731 4180 4787 1544

2224 4803 2413 4857 elicere
2446 4806 2714 4870 maluerit,
2748 4806 2845 4857 vix
2878 4808 2959 4858 est
2991 4819 3093 4858 cua·
3125 4804 3494 4872 obloquamur.

2248 4870 2386 4927 691.
2426 4873 2483 4938 1)
2518 4870 2848 4927 Pellicanus.
2919 4872 3013 4925 Ad
3058 4878 3342 4941 utrumque
3387 4877 3565 4926 exstat
3612 4887 3694 4938 ep.
3729 4870 3905 4924 Lasci
3945 4872 4008 4925 iu
4048 4868 4180 4925 Ger·

2225 4940 2597 5062 ιῖῗίἒθιέονίοι.
2657 4947 2771 4996 aut.
2819 4941 2858 4994 1
2870 4940 2927 4994 V.
2986 4939 3089 4994 457
3149 4946 3200 4995 et
3255 4956 3347 5008 ap.
3398 4938 3750 5009 Kuyperum,
3821 4939 3959 5008 Opp.
4014 4939 4181 4995 Laoc.

2434 5078 2494 5144 2)
2543 5076 2653 5145 Qui
2706 5077 2836 5132 inde
2881 5078 2951 5131 ab
2997 5092 3050 5129 a.
3101 5073 3239 5129 1543
3297 5075 3583 5130 Emdenae
3643 5076 3979 5144 &angelium
4022 5092 4180 5144 prae-

2228 5145 2463 5201 dicabat.
2540 5146 2803 5211 (Bai-tels,
2843 5146 2894 5201 1.
2928 5162 2982 5200 a.
3021 5145 3219 5199 Lasco.
3261 5144 3390 5199 Elb.
3431 5142 3611 5209 1860.)

2434 5214 2496 5280 3)
2545 5215 2714 5283 Typis
2745 5216 2924 5270 editae
2957 5215 3292 5270 dedicationi
3337 5221 3501 5268 autor
3534 5214 3858 5280 oubam-ipsit
3891 5228 3942 5266 a.
3977 5212 4032 5266 d.
4072 5211 4182 5267 IV.

2236 5281 2366 5404 Gal&
2386 5282 2523 5337 Dec.
2564 5283 2715 5337 1545.
2791 5285 2914 5339 Iam
2950 5288 3114 5338 antea
3160 5298 3286 5350 erqo
3339 5298 3510 5336 manu
3545 5283 3805 5351 scriptam
3841 5282 4053 5336 misisse
4079 5296 4183 5351 pu-

2228 5358 2324 5405 tan
2369 5369 2436 5406 us
2468 5358 2561 5407 est.
