4825 6175
221 402 324 465 349

1099 636 1245 707 801.

665 808 981 877 FRYUS
1026 809 1662 878 BULLINGERO.

368 994 693 1063 Farellum
769 1003 825 1063 et
902 998 1185 1065 Viretum
1243 1000 1315 1065 in
1378 999 1643 1066 articulo
1718 1001 1795 1066 de
1856 1021 2040 1066 comta
2104 1021 2148 1065 a

215 1082 502 1165 Zwinylio
541 1083 627 1149 ad
668 1082 992 1150 Rumam
1033 1085 1331 1167 defecisse
1372 1088 1674 1168 queritur.

210 1273 445 1340 (Integra
486 1270 721 1325 habetur
767 1273 824 1326 in
859 1273 1083 1326 Archiv.
1131 1273 1305 1327 Turic.
1354 1274 1498 1327 Plut.
1540 1274 1636 1327 Vl.
1692 1274 1817 1331 Vol.
1864 1274 2006 1328 117⁸.
2053 1275 2147 1329 fol.

790 1339 911 1395 320.
982 1342 1130 1396 Alibi
1164 1359 1272 1396 non
1311 1345 1530 1408 exstat.)

364 1526 677 1593 Piissimo
721 1526 1221 1613 doctissimoque
1262 1531 1403 1595 viro
1443 1532 1525 1597 D.
1559 1530 1944 1616 Heinrycho
1980 1532 2146 1598 Bul-

201 1615 445 1699 lingero
489 1614 661 1695 patri
705 1634 825 1679 suo
868 1618 1204 1682 carissimo

362 1923 810 2005 Exspectatur
897 1930 1191 1990 vestrum
1276 1922 1655 2011 [iudt]cium
1735 1923 1815 1989 de
1899 1924 2149 1991 Calvini

195 2028 389 2091 quam
449 2010 600 2074 misi
658 2006 1117 2074 dissertatione
1184 2031 1383 2094 super
1448 2011 1877 2076 eucharistiae
1945 2032 2146 2096 nego-

192 2097 295 2159 tio.
329 2100 378 2168 ¹)
469 2095 770 2178 Pergunt
828 2095 1198 2179 σαρκοφάγοι
1257 2097 1495 2172 nostri,
1558 2118 1878 2179 suumque
1935 2097 2145 2162 indies

189 2202 547 2246 numerum
589 2191 852 2264 augent.
922 2181 1221 2246 Farellus
1266 2194 1437 2247 totus
1479 2182 1774 2247 illorum:
1821 2184 1933 2265 qui
1970 2205 2147 2249 nunc

189 2267 258 2331 in
313 2266 539 2331 reditu
599 2265 679 2331 de
750 2267 958 2332 Vireto
1016 2266 1183 2332 dixit
1238 2267 1418 2354 (nam
1478 2290 1628 2333 cum
1686 2270 1851 2351 ipso·
1883 2278 2149 2352 propter

188 2353 502 2436 gallicam
546 2354 1119 2436 persequutionem
1157 2356 1676 2437 Argentoratum
1722 2356 1959 2420 missus
2006 2356 2147 2419 sine

187 2438 302 2503 illo
348 2460 475 2522 per
517 2459 638 2503 nos
680 2439 942 2503 transiit
958 2443 1036 2517 2),
1081 2440 1251 2522 quod
1297 2441 1353 2503 is
1397 2439 1713 2505 hacteuus
1735 2461 1814 2504 ea
1852 2462 1981 2523 qua
2028 2462 2148 2506 nos

186 2524 521 2590 sententia
581 2525 805 2600 fuerit,
876 2524 990 2591 sed
1056 2523 1279 2590 audito
1344 2525 1591 2590 Buoero
1651 2527 1793 2591 Deo
1854 2548 2147 2592 summas

185 2612 405 2694 egisse
467 2611 714 2694 gratias
772 2610 943 2694 quod
998 2631 1139 2675 rem
1196 2624 1388 2676 antea
1444 2612 1567 2677 sibi
1613 2611 2148 2678 absurdissimam

182 2698 403 2763 visam
469 2717 646 2762 nunc
712 2707 847 2761 tam
904 2696 1077 2761 clare
1141 2696 1376 2763 videat.
1395 2697 1451 2783 ⁸)
1550 2699 1767 2763 Multa
1826 2721 1978 2764 cum
2035 2698 2149 2763 illo

181 2782 475 2848 contulit
518 2781 796 2848 Michael
839 2793 1087 2860 noster,
1143 2783 1258 2849 sed
1313 2786 1577 2850 frustra.
1675 2786 1792 2850 Ait
1845 2805 1966 2851 nos
2018 2806 2149 2849 non

179 2889 427 2952 capere
488 2868 859 2952 negotium,
920 2876 988 2933 et
1044 2867 1363 2934 orandum
1417 2891 1559 2935 esse
1616 2879 1693 2934 ut
1749 2871 1935 2936 Deus
1988 2869 2150 2935 illud

179 2954 377 3020 nobis
425 2955 698 3036 aperiat.
789 2952 951 3019 Sese
994 2955 1192 3033 enim,
1235 2956 1489 3039 quoties
1533 2956 1818 3021 celebrat
1860 2976 2149 3035 coenam,

172 3039 327 3124 plus
372 3040 681 3107 alimenti
722 3040 967 3107 sentire
1020 3062 1217 3125 quam
1263 3042 1418 3107 olim
1465 3040 1592 3107 fide
1634 3043 1960 3109 infirmior
2002 3065 2149 3110 sen-

175 3129 360 3192 serit.
461 3127 637 3193 Item
681 3128 739 3192 si
781 3126 1117 3210 Zpinylius
1159 3128 1432 3207 viveret,
1478 3151 1598 3193 nos
1644 3130 1714 3193 in
1759 3129 1882 3194 hoc
1925 3151 2152 3195 omnes

170 3231 641 3281 consensuros
731 3214 901 3279 Esse
945 3212 1204 3296 quidem
1263 3236 1498 3299 corpus
1538 3214 1813 3280 Domini
1857 3215 2151 3283 localiter

171 3299 242 3364 in
286 3300 504 3379 coelo,
552 3298 667 3365 sed
710 3307 933 3364 tamen
967 3320 1164 3383 super
1199 3314 1458 3367 omnem
1505 3301 1832 3366 humanae
1875 3303 2150 3368 rationis

167 3398 455 3470 captum
502 3407 622 3451 nos
664 3386 1000 3470 praesenti
1057 3406 1177 3451 sua
1221 3408 1416 3453 carne
1463 3394 1531 3453 et
1572 3389 1894 3472 sanguine
1950 3388 2145 3467 alere,

169 3470 350 3537 sicut
416 3471 666 3537 dixerit
708 3471 842 3537 Ioa.
893 3476 931 3535 6
990 3480 1058 3537 et
1114 3473 1313 3538 verba
1367 3495 1606 3540 coenae
1663 3473 1966 3539 habeant.
2054 3475 2149 3539 Et

166 3559 501 3640 quoniam
568 3577 704 3623 non
771 3557 1142 3624 ludificatur
1207 3579 1326 3624 nos
1401 3560 1757 3639 DominuS,
1825 3560 2146 3626 efficiente

162 3645 422 3727 spiritu
472 3652 698 3710 sancto
744 3642 995 3710 Christi
1054 3665 1287 3727 corpus
1346 3644 1471 3710 sibi
1515 3646 1726 3729 magis
1772 3665 1913 3711 esse
1957 3666 2143 3731 prae-

161 3750 324 3796 sens
374 3751 586 3813 quam
631 3741 856 3795 nostra
896 3731 1307 3795 iunctissima
1363 3751 1638 3814 corpora
1681 3768 1764 3778 —
1806 3768 1894 3778 ——
1939 3768 2018 3780 —
2064 3769 2137 3779 —

161 3814 363 3882 Vale.
468 3815 704 3881 Biellis
748 3820 805 3881 6.
853 3816 1032 3881 Iunii
1083 3821 1266 3882 1546.

894 3954 1081 4018 Tuus
1122 3975 1209 4018 ex
1251 3954 1468 4018 animo
1511 3952 1603 4017 Io.
1649 3952 1851 4035 Leop.
1895 3952 2057 4038 Ρη.

165 4127 366 4136 *—
425 4130 508 4136 --Α
533 4130 600 4135 m-

191 4260 348 4316 801.
394 4260 805 4344 lystactatus
837 4259 906 4316 de
939 4259 1126 4316 Coena
1169 4277 1224 4314 a.
1272 4257 1410 4315 1545
1456 4279 1496 4315 a
1531 4259 1785 4316 Gallonio
1816 4259 1989 4315 latine
2021 4276 2143 4316 vor-

153 4345 258 4386 m
291 4331 764 4464 Ρνζξωὶῧωεκ
814 4398 1039 4454 Virmn
1089 4398 1178 4453 Ar
1367 4403 1460 4454 ato
1517 4398 1737 4454 rediens
1786 4398 2037 4453 Bormam
2087 4413 2148 4453 cc

153 4471 435 4539 contudit,
476 4469 611 4524 dum
645 4469 912 4550 Fas-ellus
940 4472 1093 4548 recta
1191 4483 1466 4549 000an
1491 4467 1786 4549 φης-ὠά..

384 4541 460 4621 3)
503 4538 609 4619 Vp·
641 4539 817 4594 bonus
851 4538 941 4592 hnc
973 4536 1461 4618 condentem-‘nyma
1501 4542 1897 4660 οαηιτῧιῳὲε
1930 4533 2142 4589 Μια-

151 4613 251 4731 “t’
288 4608 651 4747 ww
697 4623 893 4730 ΜΨ
917 4604 2148 4743 mmmm-...wama

151 4676 394 4803 Hmffl.
433 4677 825 4816 cellmana}
1095 4761 1165 4801 σω
1198 4745 1319 4800 eius
1351 4762 1447 4803 ore
1479 4747 1816 4814 reforment.

2015 403 2180 466 1546
2222 400 2610 468 MAL-IU
2612 400 2693 468 N.

4082 408 4213 472 350

3145 584 3303 656 8⁰2.

2726 739 3226 806 FARELLUS
3275 738 3709 808 OALVINO.

2425 909 2607 975 Dolet
2663 911 2863 975 amico
2927 916 3058 976 tam
3103 931 3347 991 parum
3401 912 3515 977 otii
3568 913 3733 993 dari,
3791 914 4209 985 nihilominus

2251 1017 2393 1061 eum
2435 997 2631 1062 denuo
2672 995 2955 1061 hortatur
2997 1002 3069 1062 ut
3096 997 3530 1063 Neocmenses
3548 999 3782 1080 fratres
3826 1002 4075 1081 invisat,
4121 1005 4211 1071 si-

2250 1083 2387 1148 mul
2439 1085 2691 1147 excusat
2741 1084 3041 1147 nuncium
3095 1084 3204 1163 qui
3259 1085 3318 1148 ei
3374 1084 3665 1150 molestus
3718 1086 3944 1167 fuerat.
4038 1090 4209 1171 Quid

2250 1167 2472 1251 leyatio
2504 1168 2839 1250 profecerit
2870 1170 3356 1248 exspectandum.
3427 1171 3676 1235 Interea
3698 1171 4209 1242 Mediomabrioes

2252 1258 2589 1402 ἴεωαηέαν,
2662 1253 2987 1320 Tossanus
3042 1259 3348 1338 aegrotat,
3426 1255 3803 1324 Genevenses
3870 1259 4097 1325 ludunt
4153 1266 4209 1327 et

2276 1339 2563 1404 adeatur.

2255 1510 2366 1575 (Ex
2414 1510 2754 1580 autographo
2801 1510 3174 1564 Bibliothecae

3275 1517 3514 1565 aetorum
3562 1513 4011 1569 Neocomeusium
4062 1517 4203 1587 Epp.

2848 1579 3048 1633 Farelli
3084 1581 3211 1633 fasc.

3308 1581 3343 1633 1.
3382 1580 3449 1634 N.
3495 1580 3604 1647 16.)

2252 1750 2649 1815 Doctissimo
2721 1757 2788 1814 et
2842 1750 3195 1836 insigniter
3247 1753 3356 1834 pio
3409 1750 3660 1818 Christi
3717 1775 3908 1820 servo
3964 1755 4204 1821 Ioanni

2426 1835 2703 1901 Calvino
2747 1838 2993 1920 pastori
3041 1836 3420 1906 Genevensi
3463 1859 3721 1903 summa
3762 1839 3890 1906 fide
3946 1851 4013 1906 et
4056 1842 4204 1907 dili-

2424 1921 2647 2006 gentia
2692 1924 2875 2007 gregi
2920 1921 3180 1988 Domini
3222 1924 3641 1991 incumbenti.

2424 2056 2495 2123 S.
2574 2059 2669 2123 Te
2726 2069 2824 2124 tot
2881 2060 3183 2143 impediri
3249 2061 3460 2126 modis
3528 2084 3568 2126 a
3631 2061 3973 2129 scribendo
4038 2064 4205 2130 mihi

2251 2142 2446 2208 valde
2490 2142 2695 2223 dolet3
2752 2165 3101 2211 succenseo
3157 2157 3224 2211 et
3275 2148 3504 2212 morbo
3562 2157 3631 2213 et
3671 2151 3974 2215 omnibus
4015 2171 4204 2232 prae-

2250 2229 2550 2295 sentibus
2589 2232 3121 2313 occupationibus
3164 2253 3239 2299 ac
3280 2234 3574 2312 remoris,
3625 2236 3863 2317 quibus
3906 2245 3973 2299 et
4016 2257 4203 2319 prae·

2251 2316 2540 2379 sentium
2586 2315 2853 2380 utilitati
2902 2326 2969 2380 et
3024 2319 3458 2399 posteriorum
3518 2329 3777 2384 tantum
3840 2322 4202 2386 incommo-

2251 2400 2473 2464 datur:
2537 2399 2650 2466 sed
2702 2403 2762 2466 is
2803 2404 2911 2485 qui
2968 2403 3300 2485 dispensat
3342 2406 3562 2469 omnia
3605 2406 3813 2470 multa
3854 2404 4206 2489 prudentia

2251 2487 2520 2552 consilio
2574 2499 2641 2550 et
2697 2488 2768 2552 vi
2822 2497 3078 2569 captum
3137 2501 3435 2555 nostrum
3492 2512 3656 2574 quae
3700 2512 3970 2574 prorsus
4013 2513 4206 2559 exce-

2253 2571 2421 2636 dunt
2477 2573 2635 2639 facit
2691 2585 2766 2637 ut
2819 2595 2924 2638 me
2979 2575 3365 2640 contineam.
3465 2578 3713 2642 Tamen
3774 2586 3840 2641 te
3898 2588 4205 2662 rogatum

2252 2659 2457 2723 velim
2494 2669 2574 2722 ut
2614 2658 2787 2741 quod
2832 2670 3016 2740 potes
3070 2660 3380 2725 suffurari
3437 2664 3751 2743 temporis
3797 2674 3861 2727 et
3906 2673 4041 2728 tam
4088 2686 4203 2729 ne-

2252 2745 2535 2811 cessario
2578 2744 2784 2810 labori
2825 2745 2967 2828 ipse
3010 2767 3095 2810 ne
3133 2747 3534 2825 committas,
3592 2749 3749 2831 quin
3795 2748 4015 2814 ardori
4056 2750 4204 2832 plu·

2253 2831 2568 2894 rimorum
2615 2829 2859 2913 aliquid
2906 2831 3177 2897 deferas.
3266 2832 3467 2896 Faxit
3510 2832 3813 2900 Christus
3871 2845 4204 2918 ut-quam

2255 2916 2625 2982 felicissime
2649 2917 2879 2999 possis.
2936 2918 3150 2982 Tuum
3174 2916 3533 2982 adventum
3568 2919 3714 2983 ideo
3747 2922 4202 3002 expetimus,¹)

2254 3002 2427 3085 quod
2475 3003 2660 3068 nobis
2703 3024 2841 3067 non
2883 3022 3117 3085 parum
3162 3003 3342 3067 utilis
3395 3012 3510 3068 tua
3560 3005 3761 3068 fuerit
3814 3008 4202 3089 praesentia,

2254 3099 2321 3154 ot
2384 3090 2982 3174 peregrinationem
3058 3090 3251 3156 istam
3316 3090 3639 3156 facturam
3716 3111 4057 3173 speramus
4120 3092 4205 3157 ad

2254 3177 2545 3258 corporis
2603 3175 3070 3241 valetudinem.
3182 3173 3259 3242 Si
3312 3186 3500 3259 potes
3557 3177 3776 3242 facito:
3846 3176 4016 3259 quod
4071 3200 4203 3243 non

2254 3270 2456 3345 potes,
2500 3261 2658 3343 quid
2707 3262 2822 3328 abs
2868 3271 2934 3326 te
2975 3261 3467 3346 flagitaremus?
3559 3263 3655 3327 At
3697 3262 3904 3328 dices:
3950 3264 4203 3346 quoties

2252 3347 2548 3429 improbe
2605 3347 2672 3412 id
2714 3348 3083 3413 factitatum
3138 3348 3266 3412 fuit
3324 3355 3392 3412 et
3442 3347 3650 3414 literis
3696 3349 4092 3431 importunis
4136 3359 4206 3414 et

2252 3453 2451 3516 quam
2492 3434 3074 3516 importunissimis
3126 3433 3419 3498 nunciis!
3509 3433 3641 3500 Hic
3693 3435 3894 3499 velim
3952 3444 4018 3500 te
4070 3456 4205 3500 om·

2253 3520 2441 3583 nium
2473 3521 2796 3584 rationem
2840 3519 3101 3598 habere,
3146 3540 3268 3585 nec
3302 3532 3566 3601 reputes
3610 3539 3733 3593 nos
3776 3521 3874 3584 tui
3918 3519 4205 3586 habendi

2254 3604 2576 3670 desiderio
2632 3605 2896 3690 vulgari
2951 3605 3165 3671 teneri
3220 3605 3480 3669 mirum.
3579 3605 3800 3690 Igitur
3844 3605 4205 3672 absurdum

2251 3690 2466 3756 videri
2508 3712 2639 3756 non
2681 3690 2801 3756 tibi
2845 3690 3038 3756 debet
3089 3691 3444 3756 instantius
3498 3693 3633 3773 peti
3689 3691 3863 3775 quod
3908 3700 4046 3757 tam
4089 3714 4205 3757 ex·

2251 3777 2514 3858 petitur.
2605 3779 2710 3841 De
2753 3779 2994 3842 nuncio
3037 3798 3173 3842 non
3228 3775 3388 3842 adeo
3443 3776 3686 3842 offendi
3731 3777 4029 3856 debebas,
4075 3778 4204 3844 nisi

2252 3872 2318 3926 te
2383 3884 2553 3946 aqua
2632 3861 2923 3928 offendat
3001 3862 3175 3947 quod
3251 3862 3586 3929 humectet
3650 3872 3884 3947 suapte
3949 3873 4204 3929 natura.

2250 3947 2479 4012 Nostri
2542 3948 2766 4014 fratris
2831 3948 3176 4033 ingenium
3237 3948 3440 4031 probe
3494 3948 3815 4014 hactenus
3878 3949 4057 4015 cavit
4119 3971 4205 4014 ne

2251 4034 2409 4117 quid
2453 4034 2812 4117 prudenter
2855 4043 3079 4119 ageret
3134 4036 3243 4100 vel
3302 4033 3562 4100 diceret.
3662 4035 3809 4100 Iam
3852 4056 3929 4100 eo
3970 4036 4203 4101 aetatis

2251 4122 2554 4203 pervenit
2609 4130 2686 4186 ut
2747 4140 3011 4203 sperare
3066 4140 3197 4184 non
3255 4120 3452 4184 liceat
3509 4120 3894 4203 prudentiae
3952 4120 4204 4203 aliquid

2251 4204 2693 4271 admissurum
2750 4225 2911 4272 esse.
3013 4205 3165 4271 Non
3223 4216 3601 4288 exspectare
3656 4207 3866 4290 magis
3922 4204 4204 4271 debebas

2250 4292 2498 4374 aliquid
2541 4294 3083 4374 circumspectum
3119 4313 3203 4356 ex
3238 4312 3315 4356 eo
3351 4293 3562 4375 magis
3596 4311 3789 4374 quam
3826 4315 3911 4357 ex
3945 4292 4203 4374 pumice

2249 4398 2503 4460 aquam.
2572 4381 2833 4462 Argues
2888 4397 3009 4443 nos
3062 4376 3235 4460 quod
3289 4377 3443 4442 huic
3487 4378 3893 4461 provinciam
3950 4376 4201 4442 dederi·

2249 4485 2413 4529 mus.
2502 4463 2653 4529 Non
2699 4473 2802 4530 est
2842 4462 3015 4546 quod
3058 4462 3124 4527 id
3168 4464 3396 4541 facias,
3455 4483 3612 4527 nam
3655 4472 3722 4528 et
3776 4463 4000 4528 minus
4042 4482 4201 4544 pru-

2251 4548 2435 4614 denti
2471 4550 3043 4616 commisissemus.
3131 4547 3312 4615 Satis
3367 4549 3545 4613 enim
3602 4547 3791 4613 nobis
3849 4549 3977 4613 fuit
4030 4547 4201 4612 indi·

2249 4656 2399 4700 care
2443 4656 2564 4719 per
2603 4657 3055 4719 quemcunque
3096 4634 3254 4719 quid
3298 4641 3693 4718 optaremus.
3761 4635 3863 4699 De
3907 4654 3984 4698 eo
4027 4632 4202 4716 quod

2250 4729 2385 4785 tam
2428 4722 2626 4787 fuerit
2671 4723 2963 4788 offensus
3021 4729 3090 4786 et
3145 4722 3415 4806 tragicis
3476 4720 3696 4786 verbis
3753 4720 3978 4804 egerit,
4035 4718 4200 4782 mihi

2249 4827 2380 4873 non
2438 4828 2671 4890 parum
2730 4805 3045 4892 displicet.
3146 4806 3391 4873 Verum
3458 4807 3679 4871 omnia
3743 4806 3905 4871 haec
3964 4825 4200 4888 parum

2247 4894 2520 4960 honesto
2562 4902 2632 4959 et
2671 4894 2879 4959 multo
2921 4894 3141 4961 minus
3184 4893 3335 4959 utili
3374 4899 3755 4977 tegumento
3798 4892 4203 4977 obteguntur

2284 5184 2436 5240 802.
2474 5186 2532 5252 1)
2566 5184 2695 5240 Iam
2727 5199 2908 5253 supra
2942 5184 3022 5240 N.
3058 5183 3159 5237 799
3193 5183 3338 5238 idem
3371 5182 3624 5249 dixeram
3677 5180 3897 5237 videtur
3931 5180 4199 5237 calvinus

2251 5254 2475 5309 interim
2508 5269 2791 5336 recusasse
2824 5253 2939 5309 sive
2971 5253 3037 5307 im
3064 5253 3303 5377 ffb
3335 5251 3623 5333 deperdita
3636 5251 3753 5308 sive
3771 5250 3905 5307 viva
3937 5266 4064 5306 voce
4091 5267 4200 5321 per

2250 5339 2521 5379 mmmm
2553 5340 2651 5393 qm
2685 5323 2765 5379 N.
2800 5321 2906 5377 800
2938 5322 3065 5378 Far
3195 5321 3449 5377 traducite.
