4825 6175
628 382 753 444 447

628 568 830 634 etiam
894 585 1012 648 per
1065 569 1328 629 nostros
1383 560 1716 645 quosdam.
1816 560 1896 629 Si
1949 559 2205 628 dederit
2257 562 2586 628 Dominus

632 671 1004 720 successum
1083 648 1202 714 tibi
1294 647 1616 713 rationem
1707 656 1999 715 nostram
2087 648 2586 731 perscribamus.

627 737 768 807 Sed
832 736 981 802 vide
1025 742 1102 800 ut
1144 731 1525 800 cribrandos
1579 753 1702 799 nos
1744 732 2037 799 Satanae
2081 734 2410 800 Dominus
2464 733 2588 800 hoc

628 821 1191 891 calamitosissimo
1255 829 1552 901 tempore
1615 819 1930 901 permisit.
2029 819 2090 884 Ii
2157 820 2270 904 qui
2319 820 2588 885 Bernae

628 930 787 979 vere
845 928 977 973 non
1035 904 1567 990 superstitionem
1622 903 1704 970 de
1760 903 2156 971 eucharistia
2173 956 2188 983 ‚
2255 905 2372 971 sed
2443 905 2586 989 dig-

627 1017 787 1062 nam
832 992 1351 1060 aestimationem
1387 991 1555 1056 sacri
1597 990 1949 1057 ministerii
1991 1000 2060 1056 et
2094 990 2347 1057 Christi
2392 990 2586 1055 disci·

626 1081 881 1168 plinam
923 1079 1205 1163 fugiunt,
1250 1097 1372 1160 ope
1416 1077 1889 1159 Tigurinorum
1948 1076 2306 1142 effecerunt
2360 1088 2439 1141 ut
2501 1078 2589 1141 sit

631 1167 894 1236 Salem
936 1175 1005 1230 et
1037 1163 1301 1234 Beat0¹)
1347 1161 1603 1247 collega
1646 1182 1730 1226 ex
1774 1181 1932 1246 agro
1956 1162 2274 1247 Tigurino
2319 1161 2587 1228 adiunc-

628 1263 760 1330 tus,
803 1250 1021 1329 homo,
1069 1259 1144 1313 ut
1186 1247 1396 1325 audi0‚
1443 1267 1645 1312 senex
1689 1247 1801 1313 sed
1846 1247 2273 1330 praedurus.²
2367 1249 2439 1313 Is
2483 1269 2587 1314 as-

627 1345 908 1424 pernata
949 1336 1128 1400 omni
1169 1332 1588 1398 humanitate
1629 1342 1695 1397 et
1734 1333 2149 1399 fraternitate
2188 1354 2263 1400 co
2316 1354 2587 1418 egarum

629 1446 773 1491 rem
815 1423 889 1487 in
929 1420 1352 1488 concionibus
1388 1439 1464 1483 eo
1500 1417 1813 1502 perduxit
1845 1430 1914 1484 et
1948 1420 2381 1501 exasperavit,
2418 1418 2589 1502 quod

632 1517 903 1577 senatus
946 1507 1152 1590 exigit
1194 1527 1234 1568 a
1276 1504 1584 1570 studiosis
1628 1517 1695 1568 et
1733 1505 2052 1570 ministris
2093 1508 2376 1570 iuratam
2412 1526 2589 1570 com-

630 1594 1083 1682 probationem
1119 1591 1583 1673 disputationis
1626 1591 1952 1673 ipsorum,
2012 1590 2085 1654 in
2130 1612 2258 1674 qua
2302 1592 2589 1673 profecto

628 1679 960 1767 permulta
1004 1678 1177 1743 bona
1224 1697 1386 1758 opus
1431 1676 1679 1741 habent
1719 1675 2081 1755 limatione,
2139 1693 2217 1742 ut
2274 1676 2452 1742 dicta
2506 1699 2589 1741 ex

632 1765 1099 1849 disputationis
1142 1761 1357 1829 calore
1398 1772 1466 1826 et
1505 1773 1818 1845 tempore,
1874 1784 2001 1845 quo
2046 1762 2219 1846 apud
2261 1784 2370 1828 me
2413 1772 2591 1828 certe

630 1853 782 1939 plus
824 1849 1134 1916 fidentiae
1176 1848 1250 1912 in
1306 1848 1411 1912 his
1453 1848 1651 1912 rebus
1707 1869 1903 1931 quam
1953 1863 2218 1913 sanctae
2276 1848 2590 1913 scientiae

630 1939 774 2004 fuit.
864 1934 1043 2018 Quid
1095 1935 1227 1999 iam
1285 1934 1409 1998 hoc
1452 1942 1580 2010 est,
1641 1941 1874 1999 nostra
1929 1935 2257 2000 canonicis
2309 1954 2591 2017 aequare

632 2023 913 2107 scriptis,
959 2029 1024 2087 et
1068 2019 1331 2104 adigere
1374 2018 1672 2083 homines
1715 2030 1793 2084 ut
1833 2019 2059 2084 iurent
2100 2021 2171 2084 in
2206 2021 2409 2086 verba
2443 2027 2587 2084 tan-

631 2115 776 2175 tum
823 2107 1186 2184 hominum,
1243 2102 1560 2188 quidquid
1618 2125 1702 2169 ex
1761 2107 1948 2170 nobis
1991 2106 2324 2171 faciamus.
2413 2104 2588 2171 Con-

630 2194 982 2261 fessionem
1027 2191 1407 2257 saxonicam
1442 2211 1642 2273 quum
1687 2210 1809 2256 nos
1844 2191 2304 2275 reciperemus,
2348 2189 2591 2256 diserte

631 2280 857 2347 testati
902 2300 1149 2356 sumus,
1195 2298 1314 2342 nos
1350 2296 1495 2341 eam
1539 2275 1829 2357 recipere
1862 2285 2120 2342 tantum
2155 2276 2325 2359 quod
2364 2275 2448 2341 ad
2484 2297 2590 2341 ca·

680 2366 776 2430 ita
817 2366 963 2449 ipsa
1005 2362 1403 2430 christianae
1449 2360 1778 2427 doctrinae
1825 2363 2081 2436 attinet,
2129 2373 2197 2427 et
2238 2362 2344 2428 his
2388 2363 2591 2428 salvis

631 2388 1002 2517 libertatem
1056 2448 1448 2514 retinuimus
1506 2446 1693 2513 nobis
1748 2455 1815 2512 et
1871 2447 2220 2513 verborum
2276 2458 2344 2512 et
2385 2449 2589 2514 caeri-

631 2537 1025 2604 moniarum.
1112 2535 1310 2599 Nunc
1353 2533 1448 2597 ita
1491 2533 1783 2598 saevitur
1845 2532 1969 2599 hoc
2020 2533 2179 2599 loco.
2282 2532 2361 2599 Si
2401 2546 2589 2617 potes

631 2620 962 2689 moderari
1005 2641 1123 2704 per
1165 2617 1521 2702 Tigurinos
1576 2618 1730 2684 huic
1773 2618 2263 2702 perturbationi,
2309 2640 2450 2684 rem
2495 2620 2589 2684 fa-

632 2710 766 2776 cies
801 2715 1214 2791 persanctam
1258 2712 1327 2769 et
1366 2705 1819 2770 necessariam.
1913 2704 2270 2771 Sultzcrum
2312 2706 2491 2770 enim
2534 2705 2591 2770 si

634 2795 900 2861 abiiciat
943 2793 1171 2857 Berna
1226 2799 1404 2856 certe
1458 2788 1805 2855 Christum
1867 2787 2152 2869 abiiciet‚
2221 2789 2397 2874 quod
2460 2812 2591 2875 quo

630 2881 963 2967 pertineat
1006 2877 1197 2943 nosti.
1240 2909 2592 2926 ———————————

639 2963 1065 3051 Argentorati
1116 2967 1210 3026 17.
1257 2961 1416 3027 Dec.
1470 2963 1653 3026 1546.

1777 3046 1962 3114 Tuus
2003 3069 2090 3114 ex
2134 3046 2376 3115 animo.

1537 3385 1692 3456 866.

1109 3522 1541 3592 SEVENUS
1569 3526 1622 3603 ¹)
1667 3521 2103 3591 GALVINO.

802 3681 1264 3748 Adolescentem
1296 3679 1609 3762 quendam
1641 3678 2224 3761 Arymatensem
2249 3679 2592 3748 Genava-nsi

629 3769 1006 3853 disciplinae
1043 3765 1418 3831 tradendum
1449 3765 1510 3829 ci
1541 3765 1935 3846 commendat,
1970 3765 2243 3849 dataque
2273 3770 2591 3836 occasione

631 3856 981 3924 novissima
1022 3873 1101 3918 ex
1149 3850 1497 3918 Germania
1535 3850 1743 3933 refert.

940 4023 1051 4091 (Ex
1085 4020 1423 4092 autographo
1457 4019 1590 4076 cod.
1626 4018 1830 4075 Genev.
1866 4019 1986 4089 109,
2022 4021 2114 4077 fol.
2151 4020 2298 4092 175.)

634 4177 909 4263 Optimo
952 4184 1147 4260 atque
1189 4173 1631 4242 eruditissimo
1687 4174 1834 4240 viro
1879 4175 1966 4242 D.
2023 4175 2263 4244 Ioanni
2306 4177 2587 4246 Calvino

800 4263 1112 4331 ecclesiae
1147 4261 1562 4329 Genevensis
1599 4260 1813 4343 primo
1845 4262 2275 4345 gubernatori
2318 4285 2439 4330 suo
2473 4263 2588 4332 do·

801 4350 982 4415 mino
1026 4357 1096 4414 et
1137 4348 1347 4414 amico
1390 4345 1732 4431 singulari.

803 4485 876 4553 S.
921 4485 998 4553 P.
1066 4484 1400 4566 Quoniam
1441 4482 1748 4549 videmus
1790 4483 2124 4550 interdum
2169 4489 2313 4553 fieri
2352 4497 2430 4557 ut
2462 4491 2587 4559 loci

627 4574 906 4643 mutatio
976 4571 1165 4638 iuvet
1217 4568 1301 4635 ad
1365 4570 1862 4653 castigationem
1928 4571 2339 4655 ingeniorum
2353 4626 2371 4655 ,
2438 4577 2587 4643 ideo

630 4668 941 4745 putamus
983 4678 1105 4722 nos
1149 4655 1402 4721 utiliter
1457 4656 1741 4721 facturos
1797 4676 1942 4722 esse
1998 4657 2055 4723 si
2109 4657 2287 4727 hunc
2330 4660 2585 4730 adoles-

630 4754 889 4813 centem
929 4764 972 4809 a
1012 4741 1201 4808 nobis
1242 4738 1764 4807 amandaremus.
1840 4740 1938 4809 Ut
1979 4750 2201 4808 autem
2247 4768 2378 4812 non
2425 4770 2584 4832 quo-

629 4834 734 4900 vis
773 4831 1216 4907 mitteremus,
1274 4825 1392 4893 sed
1433 4827 1506 4891 in
1562 4847 1713 4892 eum
1755 4826 1972 4893 locum
2012 4828 2126 4911 qui
2167 4838 2235 4896 et
2277 4853 2583 4919 praecep-

630 4919 809 4983 tione
862 4923 930 4982 et
985 4912 1304 4997 exemplis
1367 4911 1570 4978 talem
1613 4920 1898 4978 aetatem
1955 4917 2306 4983 emendare
2363 4922 2583 5002 possit,

630 5003 953 5088 elegimus
1012 5007 1302 5066 vestram
1356 4996 1588 5064 urbem
1654 5017 1851 5083 quam
1915 5000 2282 5069 sciebamus
2349 5012 2419 5070 et
2473 5016 2586 5074 tua

635 5120 810 5212 ’ΘΟΕ
848 5156 905 5225 1)
942 5154 1241 5224 Genmytb.

837 5224 895 5291 2)
932 5223 1171 5280 Iodocus
1204 5222 1557 5279 Kaukon-eser.

660 5295 804 5352 888.
845 5297 900 5362 1)
937 5294 1029 5350 De
1061 5292 1272 5350 Senem
1304 5310 1355 5349 υ.
1395 5294 1470 5349 Ν.
1504 5292 1629 5362 406,
1663 5297 1776 5348 not.
1813 5290 1863 5346 6.

2185 372 2715 442 EPISTOLAE
2756 377 3099 440 sss—sss
4420 359 4424 368 ’
4510 378 4604 443 448

2690 561 3109 627 institutione
3151 570 3218 626 et
3261 562 3574 628 severiori
3629 561 3975 647 disciplina
4011 564 4357 627 florentem
4374 613 4393 641 ,
4453 571 4512 627 et
4551 564 4608 630 in

2692 669 2819 731 qua
2862 656 2926 712 te
2971 659 3222 729 patrem
3268 658 3338 713 et
3379 657 3726 730 patronum
3771 658 3837 715 et
3893 670 4196 715 severum
4252 648 4611 731 magistrum

2690 738 2865 799 esset
2902 732 3264 803 habiturus.
3356 733 3775 817 Quapropter
3816 742 3885 800 te
3929 735 4126 801 etiam
4166 740 4365 817 atque
4402 733 4607 822 [etiarn]

2690 839 2850 904 rogo
2894 830 2970 883 ut
3010 820 3085 883 in
3128 820 3253 885 hoc
3293 819 3704 886 adolescente
3746 829 3934 886 tuam
3977 841 4244 905 operam
4275 820 4474 885 nobis
4507 819 4612 900 des,

2694 914 2760 969 et
2803 906 3104 970 invenias
3150 905 3432 987 aliquem
3476 906 3625 972 istic
3659 927 3809 972 cum
3846 928 3974 989 quo
4020 907 4200 971 hunc
4242 913 4613 972 commutare

2689 991 3033 1073 possimus,
3080 1000 3155 1055 ut
3196 991 3305 1058 hic
3339 1003 3561 1057 noster
3596 992 3811 1057 alatur
3846 990 4019 1075 apud
4061 1011 4197 1070 vos,
4242 1000 4310 1055 et
4353 990 4616 1074 lingum

2691 1076 2995 1160 gallicam
3040 1076 3262 1154 discat,
3307 1087 3376 1143 et
3411 1087 3630 1143 vester
3666 1079 3907 1144 nostris
3943 1078 4314 1160 sumptibus
4348 1077 4616 1159 proficiat

2690 1163 2762 1227 in
2806 1162 3018 1227 literis
3054 1164 3481 1247 Argentinae.
3571 1161 3697 1228 Sin
3740 1174 3959 1229 autem
4002 1162 4126 1228 hoc
4168 1162 4312 1228 fieri
4358 1184 4491 1227 non
4526 1183 4618 1246 po-

2691 1257 2822 1313 test
2861 1248 2931 1312 in
2979 1248 3100 1314 hoc
3142 1258 3456 1333 tempore,
3510 1269 3819 1332 rogamus
3873 1252 4044 1331 quod
4100 1248 4487 1331 proximum
4523 1255 4616 1328 est,

2691 1342 2767 1399 ut
2807 1333 3160 1399 collocetur
3200 1333 3373 1416 apud
3410 1332 3691 1416 aliquem
3735 1335 3952 1399 virum
3998 1333 4245 1399 bonum
4289 1335 4481 1399 cuius
4510 1355 4619 1400 me-

2693 1428 2840 1484 tuat
2895 1417 3340 1502 disciplinam,
3406 1418 3609 1485 donec
3667 1420 4238 1485 commutationem
4295 1420 4618 1485 inveneris.

2692 1504 3038 1586 Quantum
3097 1527 3379 1588 aequum
3441 1514 3568 1584 est,
3628 1515 3891 1571 tantum
3949 1507 4013 1571 ei
4065 1505 4621 1587 suppeditabimus.

2692 1591 2990 1656 Honesto
3033 1590 3294 1672 quidem
3340 1591 3478 1657 loco
3522 1600 3720 1657 natus
3766 1601 3990 1656 tamen
4034 1612 4168 1656 non
4218 1591 4421 1655 habet
4474 1612 4624 1656 sum·

2693 1697 2834 1741 mas
2880 1676 3254 1757 facultates,
3323 1698 3489 1760 quae
3550 1678 3815 1742 fortuna
3873 1678 3933 1741 ei
3987 1699 4137 1744 cum
4192 1676 4496 1758 pluribus
4544 1682 4625 1742 est

2691 1762 3077 1827 communis.
3168 1764 3416 1827 Tamen
3471 1761 3786 1845 quidquid
3844 1764 4218 1843 promiseris
4273 1762 4491 1845 ipsius
4531 1781 4627 1826 no-

2691 1847 2872 1912 mine
2916 1848 3296 1914 curabimus
3337 1849 3511 1915 bona
3553 1848 3682 1913 fide
3724 1857 3794 1913 et
3848 1850 3920 1912 in
3965 1857 4272 1932 tempore.
4367 1848 4628 1930 Reliqua

2692 1953 3043 2017 cognosces
3098 1955 3180 1997 ex
3238 1934 3446 1999 literis
3490 1934 3575 1999 D.
3622 1932 3979 1999 Theobaldi
4026 1934 4302 2018 Niqri2)
4349 1933 4469 2017 qui
4504 1933 4629 1999 istic

2693 2018 3014 2085 hactenus
3057 2021 3254 2083 etiam
3300 2019 3507 2085 filium
3552 2019 3802 2084 habuit.

2865 2105 3056 2169 Nova
3097 2126 3263 2187 quae
3307 2106 3413 2170 hic
3448 2114 3605 2170 sunt
3645 2103 3966 2170 eiusmodi
4001 2113 4157 2170 sunt
4198 2113 4275 2169 ut
4317 2105 4633 2169 neminem

2694 2190 2913 2256 virum
2959 2191 3199 2255 bouum
3243 2201 3312 2256 et
3345 2201 3678 2256 amantem
3723 2190 4045 2256 libertatis
4077 2211 4499 2274 summopere
4538 2191 4631 2255 de-

2694 2277 2936 2342 lectare
2981 2278 3251 2359 possint.
3323 2276 3559 2343 Caesar
3601 2287 3719 2342 aut
3759 2278 3892 2341 iam
3937 2286 4040 2343 est
4079 2276 4152 2341 in
4197 2275 4439 2342 ducatu
4466 2276 4634 2341 wir-

2694 2362 3152 2446 tembergensi,
3176 2364 3233 2444 ⁸)
3278 2372 3395 2428 aut
3438 2361 3630 2427 valde
3675 2362 4107 2446 propinquus:
4158 2364 4497 2428 nemiuem
4530 2363 4633 2427 ha-

2698 2449 2808 2513 bet
2848 2446 3105 2512 obviam
3150 2449 3260 2531 qui
3295 2450 3573 2513 resistat.
3662 2449 3835 2513 Nam
3878 2449 4122 2515 elector
4164 2445 4502 2513 Saxoniae
4544 2468 4635 2512 ro·

2694 2533 2823 2598 bur
2865 2533 3191 2598 exercitus
3234 2555 3453 2600 secum
3499 2532 3776 2599 abduxit
3817 2543 4047 2600 contra
4089 2532 4485 2599 Maur-itiam
4538 2534 4637 2616 qui

2740 2640 2812 2685 er
2854 2640 3178 2684 summam
3223 2617 3559 2701 perfidiam
3606 2620 3744 2686 fore
3788 2620 3922 2685 iam
3967 2620 4267 2686 dominus
4312 2632 4413 2684 est
4450 2622 4637 2686 totius

2696 2640 3040 2771 gammae.
3149 2704 3685 2789 Wittenbergam
3763 2705 3871 2771 hic
3947 2706 4186 2771 dicitur
4251 2704 4569 2770 obsidere.
4588 2706 4636 2786 ⁴)

2695 2787 2758 2857 O
2801 2790 3056 2856 felicem
3103 2790 3445 2856 Lutherum
3489 2792 3601 2873 qui
3643 2792 3769 2857 ista
3824 2811 3960 2855 non
4013 2790 4269 2857 viderit.

2694 2876 2904 2942 iustas
2965 2877 3183 2959 copias
3241 2898 3371 2941 non
3437 2875 3770 2942 habemus.
3870 2875 4096 2943 Vicini
4155 2877 4358 2941 vestri
4420 2896 4639 2940 omnes

2696 2962 2959 3028 sedent:
3015 2963 3139 3030 hoc
3179 2963 3477 3027 imitatur
3518 2984 3637 3027 rex
3671 2961 3933 3028 Galliae
3976 2983 4170 3045 quem
4216 2969 4445 3027 movet
4504 2960 4638 3025 imi·

2697 3049 2857 3115 tatio
2900 3047 3266 3134 Phrygum.
3355 3048 3448 3115 Ut
3490 3047 3653 3113 nihil
3693 3047 3995 3114 videmus
4035 3048 4109 3113 in
4151 3046 4427 3113 summis
4475 3046 4639 3130 peri-

2697 3134 2894 3201 culisl
2940 3149 3017 3200 ut
3059 3135 3301 3213 miseri,
3359 3143 3435 3200 ut
3475 3135 3648 3201 caeci
3693 3134 3949 3200 sumus!
4039 3135 4182 3199 Ista
4232 3135 4400 3217 proh
4458 3133 4639 3199 ruina

2695 3219 2920 3305 plures
2962 3221 3149 3286 feriet
3190 3227 3422 3303 gentes
3508 3240 3662 3284 uam
3713 3240 3836 3286 nos
3876 3221 3947 3285 in
3992 3221 4117 3285 hoc
4159 3228 4456 3302 tempore
4500 3239 4641 3302 pro·

2697 3303 3019 3370 videmus.
3108 3304 3265 3386 Sed,
3309 3305 3400 3370 mi
3546 3306 3727 3384 lvine,
3788 3314 3863 3371 tu
3906 3306 4070 3373 haec
4111 3307 4350 3370 melius
4393 3327 4482 3371 ex
4523 3305 4641 3370 ista

2700 3389 2965 3474 specula
3019 3390 3372 3474 prospicies
3448 3411 3643 3474 quam
3700 3413 3822 3458 nos
3902 3393 4013 3474 qui
4071 3390 4530 3457 descendimus
4578 3391 4640 3454 in

2698 3497 2987 3542 arenam.
3074 3476 3259 3541 Bene
3317 3475 3489 3553 vale,
3556 3486 3624 3543 et
3686 3498 3805 3561 per
3856 3477 4036 3545 hunc
4091 3477 4510 3544 tabellarium
4565 3473 4642 3542 ad

2697 3582 2803 3626 me
2869 3560 2951 3626 de
3029 3561 3333 3627 omnibus
3410 3560 3605 3629 rebus
3680 3563 3958 3647 copiose.
4068 3563 4480 3648 Argentinae
4544 3565 4640 3627 22.

2696 3646 3008 3714 Decemb.
3024 3649 3083 3726 ⁵)

3392 3733 3574 3799 Tuae
3615 3732 4006 3818 prudentiae
4048 3733 4561 3800 studiosissimus

3720 3820 3880 3885 Ger.
3924 3818 4249 3887 Severius.

2777 3970 3115 4040 Salutabis
3149 3993 3295 4037 meo
3338 3974 3607 4038 nomine
3643 3994 3919 4039 uxorem
3955 3982 4025 4038 et
4065 3974 4336 4038 fratrem

2690 4059 3177 4126 officiosissime.
3266 4057 3551 4139 Quidam
3599 4061 3716 4135 vir,
3764 4081 4044 4142 magnus
4086 4079 4192 4122 me
4234 4080 4336 4123 ro-

2691 4145 2879 4228 gavit
2923 4153 2997 4207 ut
3037 4163 3261 4209 curem
3317 4142 3442 4208 sibi
3498 4143 3628 4207 duo
3686 4143 3889 4209 biblia
3934 4144 4247 4227 impressa
4295 4166 4334 4209 a

2690 4229 3178 4296 Neufchasteau
3233 4229 3304 4293 in
3360 4228 3651 4294 maxima
3703 4229 3912 4294 forma
3931 4231 3989 4301 θ)
4036 4232 4105 4295 in
4148 4228 4331 4296 albis.

2691 4314 3032 4399 Siquidem
3076 4322 3259 4397 potes
3301 4313 3556 4381 adiuva.
3621 4314 3792 4382 Nolo
3833 4315 3908 4381 in
3950 4338 4029 4382 ea
4071 4337 4144 4383 re
4185 4339 4335 4400 par-

2689 4402 2830 4470 cius
2871 4422 3013 4466 esse
3056 4400 3172 4466 sed
3213 4400 3384 4468 bene
3427 4400 3697 4467 solvere.

2891 4606 2954 4729 {i
2989 4605 3491 4745 230⁷&ssssss
3540 4690 3666 4730 mm
3711 4676 3956 4731 exeram
3991 4674 4405 4744 Rotonzmyu.
4443 4678 4497 4728 a
4538 4672 4636 4730 m-

2688 4746 3149 4812 mampervmt,
3197 4750 3250 4799 ct
3308 4744 3593 4800 vedeo-am
3627 4744 3877 4801 civitates
3920 4745 4174 4799 suevicae
4221 4745 4351 4799 bello
4395 4745 4637 4809 inm

2686 4816 2752 4869 in
2782 4814 2947 4883 fidem
2978 4813 3195 4868 resa-it.
3450 4813 3671 4868 Ubn'cms
3703 4817 3844 4883 fuya
3878 4814 3986 4868 sibi
4019 4814 4296 4869 commit
4328 4812 4522 4883 (Sleid.
4560 4813 4635 4867 Π.

2687 4884 2794 4938 560
2827 4898 2956 5003 seqq
3044 4880 3246 4936 Bautae
3280 4883 3304 4935 1
3316 4885 3372 4936 V.
3408 4882 3511 4935 352
3546 4886 3645 4950 ss.)

2942 4950 3791 5020 lquaetamendemumpost
3839 4958 4063 5021 captwm
4108 4953 4381 5007 electorem
4424 4955 4471 5005 et
4516 4950 4630 5004 cla-

2689 5021 2811 5076 dem
2844 5020 3317 5088 Mwilberymscm
3351 5036 3410 5075 se
3441 5020 3588 5075 hosti
3631 5020 3870 5075 tradidit
3905 5024 3989 5075 21.
4028 5021 4175 5074 Mai.
4219 5020 4366 5074 1547.
4430 5017 4628 5087 (Slen'd.

2686 5091 2784 5146 Iu·
2823 5089 2952 5240 Izi)
2987 5156 3218 5212 Annum
3269 5158 3477 5214 cistam
3534 5174 3623 5213 res
3675 5158 3901 5227 publice
3946 5163 4131 5228 qestae
4183 5173 4414 5228 quanam
4460 5153 4629 5210 nodo

2685 5233 2888 5285 monac
2918 5226 3077 5294 facta
3104 5233 3202 5282 cst.

2895 5297 2956 5360 6)
3005 5299 3206 5364 hemps
3247 5295 3524 5353 olivetani
3552 5296 3755 5366 yallica
3789 5315 3839 5351 α.
3881 5297 4017 5351 1535
4050 5296 4338 5366 impressa.

4361 2792 4500 2856 Nos
4544 2790 4637 2855 hio
4752 2819 4760 2846 ι

4764 3500 4770 3609 1
