4825 6175
659 439 783 506 371

656 628 905 698 frustra
968 646 1356 712 responsum
1410 623 1834 709 exspectabis.
1925 620 2121 706 Quod
2187 622 2245 690 si
2308 642 2429 706 per
2493 622 2614 690 hos

663 713 1023 780 nebulones
1067 710 1424 795 scripseris,
1481 720 1704 777 metuo
1750 731 1835 776 ne
1876 706 2050 776 idem
2093 710 2211 776 tibi
2254 707 2610 794 contingat.

662 798 884 865 Velim
919 811 1142 864 tamen
1179 806 1244 863 te
1279 794 1521 880 aliquid
1558 797 1882 879 accepisse
1917 796 2228 880 responsi,
2265 804 2614 877 postquam

662 906 767 952 res
811 892 1071 951 nostrae
1116 882 1304 950 nobis
1357 882 1690 966 integrum
1746 891 2036 948 manent.
2140 879 2437 947 Tametsi
2480 900 2615 944 non

661 968 923 1038 decrevi
966 991 1052 1035 ne
1099 971 1299 1035 otium
1346 968 1805 1051 praecipitare,
1862 965 2055 1032 video
2099 976 2321 1032 tamen
2362 967 2614 1031 instare

661 1056 982 1140 hyemem.
1131 1055 1468 1138 riusquam
1524 1075 1678 1138 ergo
1735 1052 2089 1137 quidquam
2145 1065 2323 1118 certo
2367 1052 2609 1118 consti·

658 1148 873 1208 tutum
918 1142 1007 1208 sit
1050 1137 1353 1228 p[aene.2]
1390 1139 1601 1206 aderit
1635 1139 1889 1225 hyems,
1934 1135 2321 1225 s[per]oque
2363 1135 2504 1204 fore
2538 1142 2613 1206 ut

660 1226 894 1311 aliquis
940 1228 1026 1293 sit
1066 1226 1265 1292 huius
1324 1232 1545 1292 motus
1648 1224 1961 1291 ermanici
2006 1231 2300 1291 eventus.
2390 1222 2609 1288 Nihil-

657 1311 814 1378 dum
869 1312 977 1378 hic
1032 1309 1238 1378 habeo
1296 1333 1421 1394 quo
1478 1310 1585 1376 val
1632 1331 1668 1375 e
1731 1310 2004 1377 inclinet
2076 1311 2336 1376 animus
2402 1330 2609 1374 meus.

657 1395 805 1479 Quo
847 1398 1059 1482 magis
1103 1398 1335 1482 cogito,
1382 1418 1458 1462 eo
1498 1396 1712 1480 magis
1754 1416 1993 1480 angor:
2055 1416 2181 1480 quo
2237 1398 2317 1461 fit
2359 1403 2433 1460 ut
2478 1403 2608 1460 sta-

657 1485 898 1549 tuerim
943 1505 1049 1549 me
1093 1491 1299 1548 totum
1345 1481 1490 1547 aliis
1533 1481 2034 1565 cogitationibus
2077 1480 2476 1566 impendere,
2524 1501 2608 1545 ne

658 1570 902 1634 frustra
962 1587 1071 1634 me
1134 1569 1745 1636 commemoratione
1800 1568 2049 1651 accepti
2111 1567 2401 1633 vulneris
2461 1588 2606 1632 cru-

657 1655 841 1720 ciem.
938 1655 1176 1720 Totum
1232 1655 1566 1738 negotium
1622 1652 1911 1719 Domino
1968 1652 2367 1720 commendo.
2474 1651 2608 1733 Qui

656 1739 762 1806 hic
804 1753 1004 1818 curet,
1063 1759 1416 1823 perpaucos
1459 1738 1701 1818 habac,
1760 1747 1876 1804 aut
1917 1740 1976 1803 si
2019 1740 2130 1823 qui
2176 1747 2333 1803 sunt
2374 1757 2608 1820 parum

655 1824 884 1892 valent
939 1827 1010 1890 in
1055 1826 1178 1891 hac
1220 1847 1310 1890 rc.
1400 1824 1729 1890 Libellum
1791 1824 1871 1890 de
1929 1846 2056 1908 quo
2115 1823 2200 1888 ad
2255 1833 2322 1889 te
2376 1823 2607 1905 scripsi

654 1911 912 1976 mittam
956 1910 1349 1995 propediem.
1440 1907 1574 1975 Sed
1618 1910 1770 1975 nolo
1817 1919 1888 1975 ut
1937 1919 2010 1976 tu
2055 1910 2421 1975 molestiam
2468 1911 2608 1974 eius

650 1993 913 2081 legendi
957 1996 1246 2062 devores.
1323 1993 1504 2062 Satis
1548 1995 1674 2060 erit
1717 1996 1771 2060 si
1818 1996 1964 2079 quis
2007 1995 2312 2061 indicarit
2356 1994 2608 2077 siquid

654 2080 984 2147 videbitur
1028 2083 1245 2147 minus
1281 2083 1561 2158 firmum,
1610 2089 1725 2147 aut
1760 2080 1930 2165 quod
1964 2082 2366 2165 praestiterit
2406 2079 2606 2145 silen-

652 2167 744 2232 tio
788 2188 1102 2250 premere.
1193 2165 1327 2233 Sed
1373 2165 1453 2232 de
1513 2166 1787 2232 dicando
1848 2174 1918 2231 tu
1978 2167 2150 2232 nihil
2190 2163 2601 2249 respondisti.

651 2252 964 2319 Fortasse
986 2260 1174 2318 tuum
1196 2251 1420 2318 differs
1445 2251 1759 2319 iudicium
1784 2250 1988 2318 donec
2023 2252 2426 2317 intellexeris
2448 2251 2605 2334 quid

655 2338 1002 2404 contineat.
1089 2336 1285 2420 Quod
1329 2339 1558 2404 scribis
1603 2339 1684 2404 de
1731 2338 1918 2403 Petro
1960 2335 2308 2425 libra[rio]‚
2354 2358 2462 2403 me
2507 2358 2606 2401 ar-

653 2424 864 2489 bitror
905 2425 1225 2491 coniicere
1269 2423 1424 2507 quid
1467 2424 1650 2488 velis.
1741 2424 1888 2508 Ego
1929 2424 2142 2506 qualis
2185 2424 2275 2489 sit
2315 2423 2381 2488 fa
2420 2471 2435 2487 .
2476 2473 2489 2487 .
2531 2473 2545 2486 .
2586 2473 2600 2488 .

649 2508 936 2593 ingenia,
983 2519 1101 2576 aut
1141 2510 1297 2594 quid
1346 2507 1486 2596 [sit]
1526 2509 1941 2592 sperandum,
1988 2507 2166 2574 haud
2201 2510 2362 2573 satis
2409 2505 2600 2594 [novi.

654 2592 1038 2681 G]ommitto
1082 2597 1301 2661 omnia
1360 2605 1511 2659 tuac
1568 2616 1610 2676 p
1645 2592 2000 2683 rudentem]
2049 2643 2380 2661 ......
2429 2596 2604 2660 nosti

648 2680 805 2762 quid
849 2681 1013 2746 mihi
1050 2726 1443 2747 .......
1531 2677 1582 2744 S
1653 2692 1764 2744 uta
1808 2702 2084 2746 uxorem
2127 2701 2271 2745 meo
2314 2681 2600 2746 nomine.

646 2765 833 2833 Vale.
922 2768 1318 2832 Lausannae
1371 2769 1444 2828 14
1449 2814 1843 2831 .......
1867 2770 2007 2831 546.
2028 2767 2081 2849 ⁸)

1792 2903 1976 2968 Tuus
2019 2903 2093 2969 P.
2140 2904 2429 2968 Viretus.

1417 3196 1784 3209 ..mn-
1799 3199 1828 3205 .-

1557 3414 1705 3484 819.

1142 3567 1613 3635 GALVINUS
1655 3567 1985 3636 MYOON
1992 3567 2111 3634 10.

823 3735 1152 3820 Negotium
1196 3739 1271 3803 dc
1300 3740 1527 3821 pueris
1579 3740 1814 3805 duobus
1869 3762 1911 3806 a
1959 3742 2338 3823 parentibus
2390 3747 2603 3808 mutuo

647 3820 771 3887 sibi
803 3822 1126 3888 tradendis
1167 3823 1364 3889 denuo
1405 3827 1688 3905 capessit.
1781 3827 1967 3894 Nova
2023 3828 2216 3910 refert
2256 3849 2333 3893 ex
2381 3826 2604 3896 Gallia

652 3910 707 3971 et
753 3905 1102 3973 Germania
1143 3914 1199 3974 et
1239 3911 1519 3976 victissim
1561 3912 1721 3978 talia
1763 3912 1886 3979 sibi
1928 3912 2121 3980 scribi
2153 3915 2329 3996 petit.

652 4075 764 4139 (Ex
813 4077 1124 4157 apographo
1181 4095 1381 4135 coaevo
1431 4080 1561 4134 Ood.
1610 4081 1745 4136 Gen.
1783 4081 1923 4136 107·
1941 4124 1955 4148 ‚
1991 4084 2083 4138 fol.
2118 4082 2237 4138 300.
2307 4084 2602 4139 Recentius

653 4145 930 4198 Turretmi
966 4146 1197 4200 babetur
1234 4148 1362 4203 Ood.
1407 4148 1529 4217 108,
1576 4150 1667 4204 fol.
1707 4149 1822 4218 160,
1862 4152 2003 4206 unde
2050 4152 2293 4206 manavit
2325 4157 2600 4209 Beruense

980 4214 1118 4284 Epp.
1165 4215 1280 4271 vll.
1320 4214 1439 4286 517,
1476 4218 1709 4289 denique
1744 4221 1961 4275 Simleri
1998 4220 2123 4275 Vol.
2162 4220 2270 4291 61.)

653 4381 1090 4450 ornatissimo
1148 4387 1292 4453 viro
1345 4387 1429 4453 D.
1490 4387 1783 4455 Osualdo
1843 4392 2155 4476 Myconio
2212 4393 2599 4460 Basiliensis

824 4471 1318 4623 {aggileissffienofido
1362 4477 1607 4559 pastori
1659 4487 2066 4561 symmystae
2118 4487 2186 4543 et
2247 4479 2437 4545 fratri
2492 4501 2599 4547 co-

825 4690 894 4757 S.
963 4693 1069 4757 Ex
1114 4696 1460 4777 postremis
1511 4697 1643 4761 tuis
1701 4696 1911 4762 literis
1956 4699 2253 4786 intelligo
2297 4724 2449 4769 eum
2495 4704 2601 4770 cui

654 4796 833 4842 meas
906 4776 1209 4844 dederam
1281 4781 1598 4848 fefellisse.
1700 4782 2117 4850 Excusabam
2177 4787 2255 4853 de
2322 4810 2526 4873 puero
2552 4788 2599 4875 ¹)

655 4862 827 4943 quod
863 4863 1116 4930 interea
1152 4866 1218 4929 in
1257 4867 1558 4932 morbum
1592 4867 1947 4935 incidisset.
2011 4871 2208 4940 Nunc
2244 4873 2597 4941 convaluit.

645 5202 1093 5285 praecedentibus
1126 5215 1354 5276 apparet
1386 5226 1526 5280 quae
1550 5210 1616 5266 de
1648 5212 1804 5269 libris
1838 5218 1888 5269 et
1941 5217 2095 5270 iteris
2112 5216 2329 5271 amissis
2365 5223 2415 5272 et
2437 5218 2598 5275 Petro

651 5273 885 5327 libr-arto
918 5281 1152 5342 eqerant.

689 5340 822 5396 819.
861 5341 918 5410 1)
957 5342 1034 5398 N.
1074 5342 1189 5396 796.
1225 5343 1341 5400 812.

2209 433 2756 530 ΕΡΙΜΟΒΑΕ,
2781 436 3119 500 sis-822

4535 438 4632 502 372

2715 620 2953 708 Itaque
3031 620 3322 690 decrevit
3399 629 3588 707 pater
3665 622 3838 690 circa
3912 621 4182 688 initium
4261 619 4638 722 Septembris

2717 729 2870 774 eum
2926 708 3210 774 mittere.
3310 707 3485 775 Novi
3549 703 3716 775 nihil
3777 708 3884 776 hic
3936 707 4258 774 habemus
4309 709 4444 774 nisi
4495 709 4637 794 quod

2716 791 3009 860 Sabaudi
3052 814 3226 862 nova
3284 815 3398 879 spe
3454 793 3667 859 inflati
3724 801 3882 861 sunt
3935 801 4085 878 post
4135 791 4412 860 allatum
4452 805 4639 864 motus

2715 879 3075 964 germanici
3128 901 3475 947 rumorem.
3580 878 3760 962 Quid
3808 900 3930 946 rex
3987 879 4247 947 Galliae
4302 878 4538 963 habeat
4580 882 4640 947 in

2714 967 2930 1032 animo
2973 966 3280 1034 nescitur.
3368 964 3779 1051 Lugdunum
3838 974 4063 1031 tamen
4119 965 4495 1050 propediem
4544 987 4639 1032 ve-

2713 1051 2868 1118 niet.
2935 1047 3191 1118 Favere
3227 1053 3428 1118 etiam
3452 1051 3723 1118 Caesari
3756 1073 3892 1118 non
3927 1060 4030 1118 est
4071 1050 4397 1119 credibile.
4465 1050 4643 1120 Curia

2714 1145 2933 1204 tamen
2977 1138 3370 1205 Parisiensis
3413 1140 3580 1203 miro
3624 1137 3842 1204 furore
3896 1135 4082 1203 ardet
4138 1135 4223 1204 ad
4277 1138 4424 1223 pios
4466 1137 4642 1204 truci·

2713 1219 2987 1289 dandos:
3008 1226 3065 1306 ²)
3121 1224 3403 1290 flammis
3462 1222 3711 1291 scilicet
3753 1222 4166 1290 Antichristo
4219 1223 4419 1289 litant
4474 1224 4647 1292 sicuti

2712 1306 2958 1375 ansar
3002 1308 3252 1394 gladiis.
3319 1307 3635 1375 Delectus
3681 1309 3885 1375 habiti
3931 1319 4087 1376 sunt
4129 1309 4199 1374 in
4243 1310 4446 1376 Italia
4486 1317 4645 1376 tanto

2712 1393 2927 1459 studio
2970 1404 3047 1459 ut
3081 1393 3327 1461 Caesar
3382 1402 3570 1478 parte
3624 1395 3842 1480 aliqua
3895 1394 4202 1478 praesidii
4258 1417 4478 1462 arcem
4520 1395 4646 1463 Me-

2712 1478 3155 1547 diolanensem
3200 1482 3472 1547 exuerit.
3538 1478 3617 1546 Si
3660 1480 3868 1548 nostri
3911 1490 4167 1548 cessant
4210 1481 4384 1547 male
4429 1484 4644 1566 agitur.

2710 1565 2998 1630 Multum
3044 1568 3221 1632 enim
3264 1567 3332 1632 in
3376 1566 3794 1633 festinatione
3850 1568 4137 1652 positum
4191 1575 4320 1647 est,
4382 1575 4460 1635 ut
4512 1575 4649 1635 ante

2710 1652 3121 1821 affixi?
3196 1651 3683 1821 ἓῗέἒῖωῖῗέἒ
3720 1655 4079 1804 affl.
4112 1651 4648 1806 {isam

2709 1821 2840 1888 illis
2886 1821 3116 1890 ducem
3159 1822 3464 1890 ostendat
3504 1824 3767 1908 suisque
3823 1825 4128 1909 auspiciis
4183 1826 4514 1910 gubernet
4565 1836 4649 1891 to-

2709 1916 2853 1973 tum
2898 1907 3161 1976 bellum.
3250 1911 3489 1976 Amen.

2879 1993 3098 2080 Rege,
3160 1995 3216 2060 si
3272 1995 3430 2079 quid
3488 1995 3759 2062 habebis
3805 1994 3978 2080 quod
4022 2018 4169 2063 mea
4213 1997 4382 2063 scire
4427 1997 4652 2063 referat

2711 2088 2827 2145 aut
2869 2081 3035 2146 scitu
3082 2081 3350 2165 dignum
3409 2082 3523 2160 sit,
3583 2103 3713 2146 non
3770 2084 4068 2166 graveris
4122 2083 4427 2150 scribere.
4514 2082 4649 2149 Non

2711 2164 2825 2231 diu
2881 2167 3291 2251 Argentinae
3347 2167 3711 2232 morabitur
3765 2169 4068 2234 nuncius.
4157 2167 4354 2234 Diem
4404 2168 4518 2234 tibi
4562 2169 4652 2234 in·

2711 2250 2954 2318 dicabit
3009 2274 3135 2335 quo
3190 2253 3325 2318 sint
3381 2261 3648 2336 paratae
3702 2253 3951 2320 literae.
4053 2253 4259 2334 Vale,
4328 2255 4539 2321 frater
4591 2255 4653 2320 in

2707 2337 2996 2403 Domino
3048 2338 3405 2422 plurimum
3472 2335 3893 2406 observande.
3984 2340 4314 2408 Dominus
4380 2349 4452 2407 te
4516 2362 4652 2409 cum

2707 2444 2912 2490 uxore
2970 2421 3038 2489 et
3094 2423 3345 2489 familia
3402 2435 3756 2492 conservet.
3856 2424 4168 2494 Genevae
4238 2429 4327 2491 17.
4377 2429 4651 2511 August.

3632 2561 3914 2628 Ioannes
3951 2561 4274 2630 Calvinus
4317 2571 4495 2629 tuus.

3466 2854 3875 2864 —-——-—-—-———

3607 3073 3762 3145 820.

3239 3228 3710 3297 OALVINUS
3757 3229 4126 3297 VIRETO.

2885 3397 3217 3463 Stdzerum
3250 3399 3527 3465 salutari
3567 3400 3733 3467 iubet
3773 3404 3956 3468 cuius
3997 3404 4319 3485 epistolam
4360 3405 4489 3471 sibi
4521 3406 4655 3487 pla·

2707 3485 2907 3550 cuisse
2947 3489 3218 3549 testatur.
3294 3483 3459 3550 Petet
3497 3493 3569 3551 ut
3610 3507 3768 3569 opus
3812 3490 4022 3570 amici,
4068 3495 4399 3573 antequam
4441 3492 4655 3557 exandi

2706 3571 3344 3738 maagfflm
3385 3572 3764 3657 typoyrapho
3804 3576 4111 3642 tradatur.
4189 3576 4481 3643 Macrini
4520 3577 4651 3659 filia

2709 3827 2819 3894 (Ex
2855 3827 3193 3908 autographo
3239 3826 3369 3883 Ood.
3406 3828 3610 3884 Genev.
3648 3830 3763 3896 106,
3812 3832 3904 3887 fol.
3946 3831 4060 3885 171.
4110 3861 4174 3871 -
4211 3833 4293 3887 Be
4333 3835 4480 3888 eries

2704 3897 2915 3967 grapha
2947 3896 3229 3951 Ionvillaei
3268 3896 3398 3952 Ood.
3435 3897 3576 3950 111·
3643 3899 3732 3953 fol.
3772 3899 3805 3953 7
3840 3919 3911 3967 v„
3949 3902 4225 3956 Turretini
4415 3901 4537 3968 111,
4587 3904 4649 3957 ol.

2895 3964 3011 4033 147,
3048 3964 3323 4019 Beruense
3358 3966 3498 4037 Epp.
3535 3939 3660 4022 Vll.
3697 3967 3797 4023 773
3834 3976 3891 4024 et
3926 3970 4142 4024 Simleri
4179 3969 4306 4026 Vol.
4342 3969 4456 4035 61.)

2703 4153 2919 4220 Fideli
2964 4154 3236 4218 Domini
3294 4156 3502 4222 nostri
3546 4156 3697 4223 Iesu
3746 4157 3995 4224 Christi
4055 4180 4247 4226 servo
4291 4161 4497 4227 Petro
4542 4160 4649 4224 Vi·

2812 4285 2821 4295 .
2874 4248 3017 4306 reto
3042 4240 3540 4308 Lausannensis
3575 4241 3885 4310 ecclesiae
3906 4246 4155 4328 pastori
4174 4245 4362 4312 fratri
4387 4255 4457 4312 et
4480 4265 4649 4331 sym·

2875 4335 3130 4411 mystae
3172 4328 3524 4393 carissimo.

2877 4462 2947 4528 S.
3001 4462 3252 4529 Sulzeri
3287 4464 3578 4549 epistola,
3625 4465 3794 4549 quod
3829 4488 3961 4531 non
4007 4487 4446 4551 speraveram,
4495 4468 4644 4535 mihi

2706 4548 2965 4631 placuit.
3057 4548 3169 4615 Sic
3224 4552 3399 4616 enim
3458 4550 3717 4633 penitus
3774 4572 3814 4616 a
3867 4573 3938 4618 se
3990 4554 4307 4621 alienavit
4362 4557 4646 4620 animum

2707 4655 2926 4700 meum
2944 4688 2959 4714 ,
3026 4646 3104 4700 ut
3167 4644 3523 4701 statuerem
3589 4637 3922 4721 ingratum
3993 4640 4155 4704 mihi
4227 4662 4367 4708 esse
4420 4639 4644 4706 debere

2705 4719 3019 4806 quidquid
3066 4722 3147 4787 ab
3191 4742 3265 4787 eo
3310 4724 3551 4805 exiret.=
3624 4723 3819 4790 Nunc
3862 4725 4113 4810 gaudeo
4149 4747 4254 4793 me
4298 4727 4501 4793 fuisse
4536 4724 4644 4791 fal·

2707 4828 2853 4871 sum
2899 4808 2967 4872 in
3016 4806 3139 4872 hac
3183 4807 3476 4890 epistola.
3589 4808 3813 4889 Quum
3858 4810 3937 4876 ad
3986 4810 4174 4877 illum
4222 4812 4483 4889 scribes,
4544 4831 4642 4875 ve·

2705 4893 2819 4956 lim
2864 4893 3130 4958 nomine
3174 4914 3318 4958 meo
3366 4895 3647 4960 salutem
3708 4895 4066 4964 adscribas:
4124 4918 4529 4983 quanquam,
4577 4910 4643 4962 ut

2704 4998 2932 5045 verum
2978 4977 3205 5057 fatear,
3253 4978 3533 5045 multum
3579 4981 3763 5047 abest
3803 4985 3961 5065 quin
4007 4984 4103 5048 illi
4148 4985 4272 5049 sim
4318 4985 4510 5069 plane
4552 5002 4641 5047 re·

2648 5046 3106 5147 {conciliatua
3209 5062 3426 5150 Opus,
3495 5068 3677 5133 cuius
3749 5068 4013 5134 initium
4092 5070 4363 5149 misisti,
4443 5078 4638 5134 totum

860 5132 920 5200 3)
957 5136 1051 5191 Λᾶ
1102 5154 1329 5192 mensem
1381 5141 1685 5211 Auoustum
1738 5144 1881 5199 hanc
1960 5146 2190 5201 ertinere
2236 5162 2302 5200 ex
2349 5152 2601 5217 proxime
2647 5176 2653 5259 3

2646 5290 2651 5321 l

2907 5356 2967 5424 2)
3011 5354 3083 5410 Ν.
3122 5354 3240 5423 817,
3278 5364 3387 5414 not.
3425 5356 3508 5412 11.
