4825 6175
641 416 767 477 723

642 600 834 678 Iesu,
891 613 965 667 ut
1006 601 1290 668 Ioannes
1347 599 1531 666 dicit:
1590 597 1828 665 Omnis
1881 600 1994 684 qui
2050 599 2267 683 diligit
2319 600 2592 665 erDeo

643 694 841 752 natus
900 696 999 752 est
1057 696 1124 750 et
1177 707 1252 751 00
1301 685 1510 751 noscit
1551 683 1801 764 Deum,
1857 686 1968 769 qui
2023 706 2155 751 non
2200 682 2418 769 diligit
2459 706 2592 751 uon

643 775 861 851 novit,
913 773 1220 855 quoniam
1332 792 1446 836 eus
1491 772 1730 839 caritas
1773 778 1890 837 est.
1981 769 2323 854 Siquidem
2368 779 2591 854 gusta-

643 860 861 925 vimus
897 877 1091 941 quam
1128 856 1448 941 benignus
1478 858 1567 922 sit
1594 857 1938 934 Dominus,
1976 857 2357 923 abiiciamus
2394 875 2594 939 opera

642 944 1091 1022 tenebrarum,
1134 943 1485 1008 induentes
1535 963 1720 1007 arma
1782 942 1967 1022 lucis,
2013 955 2330 1026 tanquam
2372 942 2445 1005 in
2487 942 2592 1007 die

644 1030 996 1114 composite
1055 1028 1464 1094 ambulantes
1481 1079 1495 1105 ‚
1556 1049 1689 1093 non
1733 1029 2150 1093 contentione
2194 1036 2260 1092 et
2304 1027 2591 1092 aemula-

640 1117 838 1193 tione,
898 1113 1010 1180 sed
1054 1114 1401 1180 induentes
1446 1114 1800 1179 Dominum
1846 1112 2067 1180 Iesum
2114 1112 2471 1192 Christum,
2518 1121 2593 1178 ut

641 1201 923 1265 fratrum
964 1201 1381 1265 infirmitates
1424 1199 1658 1282 spiritu
1702 1197 2224 1264 mansuetudinis
2268 1201 2591 1263 instaure-

643 1307 808 1364 mus,
855 1285 961 1350 vel
1005 1286 1328 1368 patienter
1370 1286 1674 1350 feramus.
1750 1283 2029 1350 Exsulet
2062 1283 2330 1360 malitia,
2377 1285 2590 1350 omnis

643 1371 852 1450 dolus,
900 1371 1345 1436 simulationes
1393 1392 1468 1435 ac
1509 1369 1946 1436 invidentiae:
2004 1390 2160 1435 nam
2207 1368 2402 1433 modo
2446 1370 2589 1435 nati

641 1477 900 1536 sumus,
951 1457 1052 1522 lac
1094 1456 1256 1521 illud
1302 1458 1500 1521 animi
1545 1456 1714 1539 quod
1760 1456 1982 1521 dolum
2026 1454 2233 1520 nescit
2269 1464 2347 1519 ut
2388 1475 2587 1538 appe-

641 1553 860 1608 tamus
918 1551 985 1607 et
1038 1561 1158 1624 per
1210 1540 1366 1606 illud
1428 1540 1923 1610 subolescamus.
2023 1541 2121 1606 Mi
2177 1539 2464 1619 domine,
2523 1549 2588 1605 te

642 1649 753 1694 oro
796 1628 868 1692 in
913 1627 1179 1693 Christo
1222 1627 1407 1705 Iesu,
1470 1648 1554 1692 ne
1599 1628 1876 1691 nimium
1933 1626 2183 1691 tribuas
2225 1623 2470 1691 invidis
2512 1645 2590 1692 ac

642 1712 975 1779 maledicis
1018 1711 1607 1777 calumniatoribus.
1626 1713 1682 1797 ²)
1761 1713 1911 1777 Non
1953 1713 2218 1794 ignoras
2261 1709 2432 1794 quod
2475 1712 2588 1777 ob-

640 1799 939 1864 trectatio
997 1795 1283 1864 invidiae
1341 1818 1600 1881 semper
1656 1798 1823 1863 solet
1875 1797 2167 1863 lacerare
2222 1796 2584 1880 plerosque,

640 1884 1107 1950 obtrectatores
1149 1883 1359 1948 multa
1398 1885 1647 1967 fingere
1661 1935 1675 1961 ‚
1735 1890 1803 1948 et
1841 1884 2196 1948 fraternam
2245 1883 2586 1947 caritatem

637 1968 890 2034 invidia
931 1981 999 2033 et.
1041 1967 1511 2034 obtrectatione
1546 1966 1867 2051 impediri.
1945 1969 2235 2032 Valeant
2268 1968 2378 2050 qui
2413 1968 2588 2033 inter

638 2062 706 2119 te
772 2064 838 2119 et
899 2055 1058 2119 istos
1124 2054 1421 2119 homines
1481 2052 1820 2119 dissidium
1885 2055 2137 2118 volunt.
2260 2052 2407 2118 Hoc
2467 2052 2585 2118 tibi

635 2139 943 2224 polliceor
999 2136 1169 2222 quod
1228 2141 1432 2204 amice
1493 2159 1566 2204 ac
1616 2160 1764 2205 cum
1811 2139 2055 2203 honore
2100 2139 2356 2221 saepius
2400 2160 2583 2204 men-

637 2228 882 2291 tionem
938 2225 1036 2289 tui
1079 2224 1339 2290 faciant.
1443 2225 1535 2289 Et
1576 2245 1943 2308 quanquam
2001 2245 2041 2288 a
2092 2232 2204 2289 tua
2261 2224 2586 2289 sententia

637 2312 704 2376 in
763 2330 959 2376 causa
1011 2308 1387 2394 εὐχαριστίας
1447 2309 1877 2388 dissentiunt,
1948 2310 2047 2373 uti
2108 2317 2174 2374 et
2232 2331 2384 2392 ege,
2453 2330 2582 2374 non

638 2406 861 2461 tamen
905 2417 945 2460 a
988 2395 1346 2462 christiana
1389 2397 1659 2461 caritate
1704 2393 2051 2471 dissident,
2108 2394 2317 2459 multo
2362 2395 2582 2460 minus

636 2481 965 2547 hostiliter
1015 2480 1310 2559 odiunt*‚
1377 2480 1489 2545 sed
1555 2482 1689 2546 suis
1746 2481 2046 2565 precibus
2103 2487 2169 2544 et
2209 2490 2275 2545 te
2319 2489 2387 2545 et
2422 2501 2581 2563 quos

635 2565 962 2633 Dominus
1010 2567 1129 2631 tibi
1171 2568 1239 2630 in
1297 2588 1418 2631 sua
1474 2567 1745 2636 ecclesia
1788 2564 2270 2630 commendavit
2312 2565 2582 2631 sollicite

637 2652 981 2732 adiuvant,
1048 2660 1124 2716 ut
1189 2661 1260 2716 tu
1329 2652 1610 2718 vicissim
1676 2672 1795 2735 pro
1853 2651 1986 2715 illis
2041 2651 2240 2716 facias
2292 2653 2582 2717 maxime

635 2747 915 2821 sperant.
1006 2737 1107 2802 Ne
1151 2738 1300 2808 sitis
1338 2738 1542 2820 igitur
1586 2747 1852 2821 propter
1897 2735 2260 2813 Christum,
2306 2737 2419 2819 qui
2463 2757 2580 2803 suo

633 2824 843 2906 ipsius
887 2824 1209 2907 sanguine
1244 2844 1469 2889 omues
1511 2823 1910 2899 inimicitias,
1954 2821 2287 2886 infernum
2331 2832 2396 2886 et
2439 2842 2581 2905 pec-

635 2917 871 2989 catum,
911 2910 981 2973 in
1008 2928 1198 2975 cruce
1226 2908 1579 2992 perlitavit,
1617 2907 2030 2974 contentione
2058 2918 2125 2973 et
2147 2907 2583 2973 aemulatione

636 2992 983 3074 discordes,
1017 3003 1096 3059 ut
1129 3015 1214 3058 ne
1249 2994 1529 3078 amplius
1564 2994 1837 3078 litigetis
1861 2993 2108 3075 lingua,
2145 3014 2355 3076 neque
2390 3015 2582 3059 aures

631 3081 949 3166 praebeas
1007 3081 1089 3146 iis
1142 3079 1377 3164 quibus
1436 3080 1604 3146 nihil
1659 3079 1872 3146 abest.
1899 3079 2026 3144 nisi
2084 3100 2192 3145 res
2235 3089 2301 3145 et
2342 3079 2577 3145 virtus.

634 3166 1085 3252 Componatur
1119 3165 1457 3233 dissidium
1493 3166 1841 3232 autoritate
1876 3165 2075 3231 verbi.
2151 3164 2362 3231 Nemo
2404 3185 2582 3229 mor-

637 3252 822 3319 dicus
868 3274 1054 3319 suam
1091 3253 1482 3318 sententiam
1522 3251 1858 3318 defendat:
1904 3271 2319 3317 recurramus
2360 3252 2581 3336 potius

636 3337 719 3404 ad
763 3339 942 3405 viam
987 3337 1297 3416 veritatis,
1345 3347 1411 3404 et
1450 3338 1787 3403 humiliter
1822 3345 2041 3401 errata
2075 3345 2303 3402 nostra
2346 3357 2582 3421 agnos-

538 3423 551 3434 “
635 3445 880 3503 camus,
926 3445 1125 3508 quam
1158 3445 1416 3507 semper
1450 3424 1621 3490 male
1656 3443 1920 3489 currere
1963 3430 2028 3487 et
2061 3442 2195 3487 non
2230 3424 2582 3506 poenitere,

635 3532 720 3576 ne
780 3531 1032 3576 errasse
1077 3509 1443 3576 videamur.
1531 3508 2031 3575 Meminerimus
2090 3508 2173 3573 ad
2226 3508 2582 3574 amicitiam

623 3591 706 3661 'et
748 3596 1155 3662 concordiam
1215 3615 1357 3661 esse
1410 3593 1702 3661 conditos
1719 3646 1734 3671 ,
1795 3600 1870 3659 ut
1916 3594 2029 3658 hic
2079 3594 2152 3658 in
2211 3593 2584 3659 tristissimo

637 3681 897 3748 saeculo
939 3682 1191 3746 mutuis
1235 3681 1464 3747 officiis
1500 3681 1774 3747 aliorum
1808 3679 2111 3745 miserias
2146 3678 2583 3759 sublevemus,

636 3774 703 3832 et
743 3768 814 3832 in
857 3767 1077 3833 futuro
1118 3768 1518 3850 sempiterna
1568 3766 1872 3832 felicitate
1925 3786 2075 3831 cum
2120 3763 2384 3830 Christo
2430 3785 2583 3830 con-

636 3873 1003 3936 regnemus.
1107 3852 1272 3933 Quis
1338 3852 1512 3919 enim
1578 3860 1678 3918 est
1735 3849 1962 3917 furor?
2050 3848 2240 3930 Quae
2296 3852 2589 3917 amentia

637 3946 754 4003 aut
792 3939 1079 4016 insania,
1123 3947 1199 4003 ut
1240 3938 1426 4003 illum
1471 3937 1580 4004 hic
1623 3936 1769 4002 odio
1812 3956 2306 4020 prosequamur,
2352 3937 2482 4020 qui,
2529 3937 2584 4002 81

637 4024 711 4088 in
753 4022 1019 4089 Christo
1064 4024 1233 4089 diem
1281 4045 1477 4090 suum
1520 4024 1781 4100 obierit,
1842 4023 2084 4087 transit
2140 4044 2180 4087 a
2238 4031 2448 4088 morte
2501 4020 2586 4087 ad

641 4109 846 4175 vitam
892 4117 1047 4193 (quo
1097 4111 1294 4174 etiam
1350 4131 1470 4194 ego
1530 4109 1692 4176 duce
1736 4108 2000 4174 Christo
2043 4117 2193 4193 post
2237 4107 2357 4173 has
2401 4117 2583 4175 tene-

639 4196 793 4262 bras
852 4194 1111 4261 evolare
1177 4203 1394 4279 spero)
1472 4216 1622 4261 cum
1685 4192 1918 4278 quibus
1940 4196 1976 4231 ὓ
2028 4202 2347 4278 perpetua
2415 4194 2582 4260 cari-

641 4287 776 4346 tate
793 4332 807 4359 ,
852 4283 1130 4364 perenni
1189 4281 1426 4365 gaudio
1482 4278 2125 4365 conglutinabimur?
2217 4278 2435 4362 Rege,
2492 4280 2585 4344 mi

644 4365 938 4445 domine,
1028 4388 1112 4431 ne
1191 4376 1454 4450 propter
1513 4366 1854 4432 Luthemm
1920 4364 2170 4448 aliquid
2235 4363 2414 4430 dicas
2477 4365 2585 4430 vel

640 4453 886 4520 scribas
920 4460 1149 4518 contra
1177 4453 1516 4519 caritatem
1546 4460 1659 4516 aut
1693 4452 2022 4533 pietatem,
2059 4460 2126 4517 et
2158 4470 2395 4535 urgeas
2431 4472 2585 4517 con-

640 4540 947 4604 scientias
1028 4538 1366 4604 hominum
1443 4537 1656 4603 verbis
1733 4535 1911 4602 illius
1986 4537 2055 4600 in
2119 4556 2303 4602 sacra
2365 4556 2583 4602 coena.

643 4622 966 4705 Quamvis
1018 4623 1299 4690 libenter
1355 4644 1506 4690 cum
1563 4623 1927 4707 gratiarum
1971 4622 2228 4687 actione
2271 4642 2588 4706 cognosco

645 4708 814 4774 dona
847 4710 975 4775 Dei
1010 4712 1078 4774 in
1118 4711 1383 4774 homine
1416 4709 1549 4773 iam
1583 4716 1861 4787 mortue,
1907 4715 2129 4774 tamen
2165 4728 2295 4772 non
2329 4708 2592 4774 carebat

644 4796 780 4861 suis
825 4795 1019 4861 vitiis.
1106 4797 1251 4861 Hoc
1307 4816 1441 4860 non
1496 4793 1638 4859 dico
1678 4795 1749 4858 in
1791 4792 2256 4874 contumeliam
2298 4792 2593 4859 defuncti

635 4880 957 4960 hominis,
1013 4883 1165 4964 quia
1224 4883 1355 4947 scio
1412 4878 1584 4964 quod
1627 4878 1848 4944 nullus
1903 4879 2137 4945 vivens
2181 4884 2280 4944 est
2321 4876 2591 4960 ἀμύμων,

648 4987 878 5033 01111108
921 4976 1187 5051 egentes
1233 4988 1462 5033 sumus
1519 4966 1731 5049 gratia
1775 4965 1920 5029 Dei.
2008 4964 2447 5047 Posteaquam
2490 4966 2591 5029 in-

921 5141 1016 5148 ΛΜ.-

857 5255 910 5319 2)
956 5255 1362 5311 Videankaoc
1404 5255 1659 5324 deipsis
1705 5253 2430 5312 strimsibusdo'ctasint.
2508 5255 2591 5323 Of.

655 5325 907 5381 Onniton·
937 5324 1218 5393 epistolam
1257 5324 1369 5380 Gal.
1407 5324 1532 5380 Iun.
1567 5327 1840 5393 senPtam.

2149 409 2676 477 EPISTOLAE
2728 414 3144 478 1037—1039

4524 370 4642 478 ‘124‘

2697 599 2901 666 caluit
2940 597 3264 677 conflictio
3307 595 3388 663 de
3442 616 3644 664 coena
3685 618 3837 666 cum
3883 597 4174 682 Zuinylio
4216 605 4285 663 et
4332 595 4644 664 oecolam-

2684 686 2913 766 padio,
2972 683 3196 749 multis
3251 681 3411 749 loeis
3465 683 3823 765 scripturae
3880 684 4021 749 vim
4073 683 4299 750 intulit
4340 690 4452 763 (ut
4496 694 4643 751 sunt

2692 772 2831 836 isti:
2855 769 3179 837 Ascendit
3194 775 3273 832 ut
3294 767 3684 852 adimpleret
3707 768 3958 835 omnia:
3983 790 4104 853 ego
4132 790 4275 836 sum
4309 769 4643 836 vobiscum

2695 855 2778 921 ad
2820 853 3449 923 consummationem
3495 854 3764 922 saeculi:
3825 862 3892 919 et
3933 875 4053 920 nos
4096 875 4323 920 sumus
4366 875 4524 920 caro
4568 856 4642 922 de

2693 962 2890 1008 carne
2951 942 3091 1007 eius
3156 950 3224 1005 et
3279 961 3352 1005 os
3417 937 3498 1005 de
3554 940 3810 1007 ossibus
3869 942 4039 1023 eius)
4103 952 4180 1005 ut
4236 941 4639 1023 corporalem

2692 1028 3129 1110 praesentiam
3206 1025 3496 1109 corporis
3563 1024 3817 1092 Christi
3889 1026 3956 1091 in
4037 1045 4238 1091 coena
4304 1034 4635 1093 statueret

2693 1112 2912 1194 Quam
2959 1131 3319 1196 perperam,
3356 1118 3567 1176 status
3601 1110 3890 1177 locorum
3919 1111 4179 1178 indicat.
4260 1110 4427 1177 Illos
4469 1112 4639 1179 10008

2695 1197 2778 1264 ad
2821 1196 3283 1266 stabiliendam
3318 1217 3505 1263 suam
3539 1198 3936 1264 sententiam
3973 1217 4107 1262 non
4145 1217 4287 1262 esse
4321 1196 4635 1277 efficaces,

2690 1284 2880 1350 facile
2923 1281 3223 1349 omnibus
3262 1281 3683 1365 probaremus
3701 1331 3715 1358 ‚
3770 1284 3827 1348 si
3870 1283 3993 1350 hoc
4035 1293 4333 1348 nostrum
4377 1291 4635 1366 tempus

2690 1391 2827 1436 non
2882 1371 3098 1454 potius
3163 1367 3600 1434 consolatione
3677 1389 3873 1452 quam
3954 1368 4392 1452 disputatione
4474 1369 4629 1437 indi·

2691 1463 2890 1539 geret.
2962 1452 3221 1536 Quibus
3254 1453 3602 1519 calumniis
3644 1462 3711 1518 et
3752 1453 4063 1521 conviciis
4107 1456 4306 1520 etiam
4348 1462 4629 1523 mortuos

2690 1541 3001 1624 proscidit
3042 1559 3236 1605 nemo
3292 1539 3572 1622 ignorat.
3660 1538 3967 1605 Christus
4021 1540 4216 1606 aliam
4271 1539 4631 1607 doctrinam

2693 1626 2911 1693 docuit
2967 1646 3137 1691 suos.
3240 1624 3616 1707 Increpavit
3671 1624 3983 1691 Iacobum
4033 1634 4101 1692 et
4152 1625 4474 1691 Ioannem
4526 1627 4627 1709 qui

2691 1712 3002 1778 volebant
3041 1713 3263 1795 ignem
3321 1708 3401 1775 de
3442 1711 3620 1776 coelo
3663 1711 3895 1777 cadere
3939 1719 4014 1776 ut
4055 1722 4474 1778 consumeret
4516 1710 4629 1777 Sa-

2688 1798 3063 1864 maritanos.
3145 1797 3236 1861 Et
3277 1796 3468 1861 iussit
3508 1797 3790 1863 inimicis
3824 1798 3987 1863 bene
4023 1798 4236 1864 facere
4279 1805 4351 1862 et
4394 1797 4629 1863 bonum

2687 1883 2943 1965 precari
2976 1881 3529 1948 maledicentibus.
3615 1880 3820 1948 Cuius
3851 1882 4106 1965 spiritu,
4149 1881 4316 1948 bone
4352 1881 4625 1961 domine,

2685 1969 2842 2034 fecit
2898 1978 2969 2033 ut
3025 1975 3210 2033 tanta
3262 1968 3362 2033 ira
3416 1967 3489 2032 in
3541 1968 3873 2033 ministros
3916 1969 4102 2034 verbi
4146 1968 4276 2034 Dei
4320 1968 4623 2034 accende-

2686 2062 2898 2132 retur,
2963 2054 3205 2119 iudicet
3261 2055 3372 2136 qui
3429 2053 3617 2118 novit
3672 2053 4056 2120 abscondita
4109 2052 4427 2119 cordium.
4530 2054 4618 2119 De

2685 2148 2895 2205 morte
2951 2148 3176 2205 tamen
3234 2138 3410 2204 illius
3462 2139 3748 2204 ministri
3804 2138 3999 2205 huius
4048 2140 4358 2206 ecclesiae
4406 2159 4621 2204 omnes

2684 2224 3022 2303 dolebant,
3068 2245 3199 2289 non
3241 2245 3317 2289 ac
3360 2225 3416 2290 si
3461 2224 3913 2291 adversarium
3957 2233 4070 2290 aut
4108 2225 4618 2302 obtrectatorem,

2686 2310 2800 2376 sed
2875 2311 3121 2376 socium
3199 2310 3415 2391 potius
3484 2329 3563 2374 ac
3626 2319 3995 2376 consortem
4060 2311 4325 2395 gloriosi
4394 2310 4621 2377 laboris

2687 2397 3041 2462 amiserant
3059 2398 3111 2459 ἢ
3208 2395 3395 2460 Haec
3462 2396 3624 2460 mihi
3688 2395 4116 2463 humanitatis
4193 2418 4266 2461 ac
4337 2398 4622 2463 caritatis

2685 2501 2930 2565 magna
2982 2489 3139 2546 sunt
3195 2491 3263 2544 et
3318 2500 3477 2546 vera
3531 2478 3786 2546 indicia.
3890 2481 4075 2546 Haec
4118 2502 4251 2545 non
4307 2481 4521 2547 scribo
4560 2483 4620 2545 in

2684 2566 3147 2632 contumeliam
3193 2565 3568 2643 doctissimi,
3611 2565 3724 2631 sed
3770 2576 3844 2631 ut
3887 2588 4078 2632 nemo
4121 2568 4293 2632 iuret
4327 2568 4400 2631 in
4439 2566 4621 2632 verba

2681 2652 2888 2727 illius,
2951 2673 3025 2717 ac
3079 2652 3135 2716 si
3191 2651 3505 2734 quidquid
3548 2651 3658 2716 ille
3703 2653 4033 2735 scripserit
4087 2665 4261 2718 esset
4300 2652 4617 2737 Apollinis

2684 2736 3019 2804 oraculum
3065 2746 3178 2802 aut
3221 2735 3518 2821 Sibyllae
3562 2737 3803 2802 folium.

2855 2820 3134 2899 Scribis,
3157 2834 3163 2841 '
3185 2822 3453 2888 colende
3508 2822 3803 2902 domine,
3846 2832 3912 2889 te
3957 2846 4087 2889 non
4133 2845 4322 2907 posse
4369 2823 4615 2891 credere

2682 2918 3090 2975 sacramenta
3146 2906 3322 2972 nuda
3371 2928 3514 2974 esse
3558 2909 3762 2993 signa.
3850 2910 4046 2976 Absit
4087 2922 4163 2974 ut
4207 2909 4614 2975 Christianus

2682 2993 3234 3060 ineruditissimus
3277 2992 3588 3059 crederet.
3679 2992 3884 3061 Sacra
3938 3016 4138 3061 coena
4194 3017 4323 3060 non
4369 3006 4469 3060 est
4511 3016 4614 3059 nu-

2684 3078 2843 3145 dum
2899 3081 3189 3164 signum,
3249 3101 3372 3146 nec
3424 3079 3589 3145 mihi
3643 3081 3717 3145 in
3771 3101 3849 3147 ea
3902 3080 4038 3148 ullo
4081 3081 4271 3147 modo
4315 3101 4615 3165 superna-

2686 3166 2885 3232 turali
2928 3165 3038 3231 vel
3097 3166 3356 3232 coelesti
3413 3166 3800 3232 exhibeatur
3822 3171 3858 3204 ⁴*
3912 3189 4138 3235 verum
4197 3190 4271 3234 ac
4330 3165 4612 3233 naturale

2686 3273 2919 3335 corpus
2954 3250 3207 3318 Christi
3243 3252 3691 3335 corporaliter:
3740 3260 3962 3319 tamen
3998 3253 4297 3338 religiose
4345 3275 4422 3320 ac
4454 3252 4611 3317 omni

2685 3337 2934 3403 honore
2968 3357 3246 3404 veneror
3286 3349 3353 3403 et
3375 3337 3536 3404 colo
3570 3338 4045 3405 institutionem
4080 3338 4334 3406 Christi
4372 3347 4611 3423 propter

2687 3424 2848 3491 alios
2891 3425 3086 3489 fines:
3126 3422 3650 3508 quandoquidem
3693 3425 3777 3490 sit
3820 3425 4081 3510 signum
4118 3426 4480 3491 voluntatis
4498 3422 4602 3489 Dei

2688 3530 2847 3593 erga
2899 3529 3038 3585 me,
3106 3519 3172 3574 et
3228 3516 3575 3575 externum
3633 3511 4077 3576 testimonium
4139 3509 4439 3576 additum
4474 3527 4596 3593 pro—

2687 3594 2984 3661 missioni
3023 3596 3288 3678 gratiae.
3378 3595 3442 3659 N
3443 3616 3528 3660 on
3572 3594 3739 3678 quod
3796 3617 3912 3678 per
3954 3596 4214 3679 aliquod
4258 3614 4599 3663 sacramen-

2688 3687 2832 3746 tum
2874 3680 3234 3763 applicetur
3290 3681 3455 3747 mihi
3514 3679 3628 3750 illa
3682 3682 4026 3765 promissio
4044 3734 4061 3761 ‚
4120 3683 4235 3748 sed
4293 3681 4463 3766 quod
4508 3698 4603 3763 per

2685 3765 2852 3831 illud
2894 3766 3239 3849 promissio
3286 3766 3469 3848 prius
3504 3787 3622 3849 per
3665 3766 3860 3832 fidem
3904 3768 4068 3836 mihi
4112 3768 4439 3852 applicata
4476 3786 4603 3832 con·

2686 3851 3006 3916 firmetur.
3106 3849 3221 3916 Sic
3276 3852 3547 3918 ecclesia
3601 3851 3731 3917 Dei
3789 3852 4110 3936 baptismo
4166 3853 4425 3936 publice
4477 3870 4604 3916 eum

2686 3936 2919 4021 recipit
2978 3937 3090 4020 qui
3147 3939 3331 4020 prius
3386 3946 3527 4003 erat
3582 3946 3879 4020 receptus
3944 3960 4060 4021 per
4115 3940 4415 4023 gratiam.
4510 3935 4603 4001 Sic

2687 4021 3026 4088 Abraham
3041 4073 3057 4101 ‚
3104 4022 3172 4089 in
3217 4023 3316 4088 uit
3369 4023 3618 4089 Paulus
3632 4075 3646 4101 ,
3706 4026 3948 4107 aceepit
4018 4032 4260 4104 σημεῖον
4313 4021 4603 4107 περιτομῆς

2687 4106 2992 4192 σφραγῖδα
3028 4111 3127 4186 τῆς
3211 4107 3539 4188 mamedune
3577 4106 3679 4188 τῆς
3721 4119 3981 4184 πίστεως
4024 4117 4128 4189 τῆς
4172 4117 4230 4174 ἐν
4273 4112 4345 4193 τῇ
4378 4108 4601 4193 ἀκροβυ-

2688 4205 2856 4283 στίᾳ,
2912 4193 3036 4260 1100
3103 4205 3205 4259 est
3259 4195 3708 4260 testimonium
3759 4217 3888 4278 quo
3946 4196 4131 4262 Deus
4197 4206 4474 4262 testatus
4520 4199 4603 4259 est

2687 4301 2838 4345 eum
2872 4287 3205 4363 receptum
3239 4301 3380 4346 esse
3421 4280 3493 4344 in
3528 4281 3827 4365 gratiam,
3874 4302 4009 4346 non
4053 4282 4227 4365 quod
4262 4303 4381 4365 per
4412 4298 4600 4347 sacra-

2689 4375 2987 4429 mentum
3031 4375 3202 4430 esset
3242 4365 3678 4448 recipiendus,
3739 4366 3854 4432 sed
3901 4369 3972 4432 in
4012 4387 4088 4433 ea
4129 4367 4350 4452 potius
4392 4365 4601 4433 confir-

2688 4450 2988 4516 mandus.
3076 4449 3189 4516 Sic
3244 4471 3430 4517 sacra
3484 4473 3687 4518 coena
3728 4461 3829 4518 est
3872 4453 4319 4519 testimonium
4378 4451 4599 4537 gratiae

2690 4546 2757 4602 et
2796 4538 3185 4620 mysterium
3230 4535 3694 4621 redemptionis
3733 4547 4023 4617 nostrae,
4068 4540 4137 4605 in
4182 4560 4309 4622 qua
4354 4543 4598 4629 testatur

2690 4620 2877 4687 Deus
2945 4622 3131 4688 nobis
3196 4621 3433 4688 donata
3498 4622 3816 4690 beneficia
3872 4622 4149 4704 Christi,
4222 4646 4353 4690 non
4408 4632 4475 4688 ut
4523 4618 4594 4684 ib1

2690 4707 3051 4792 applicetur
3103 4709 3399 4774 remissio
3462 4716 3870 4791 peccatorum
3891 4761 3906 4788 ,
3972 4731 4137 4793 quae
4202 4711 4266 4774 in
4334 4706 4597 4775 fidelibus

2693 4813 2954 4858 omnem
2990 4814 3183 4859 usum
3217 4802 3767 4860 sacramentorum
3803 4796 4191 4877 praecedere
4226 4795 4465 4869 debeat,
4500 4805 4597 4855 neo

2692 4885 2769 4944 ut
2812 4879 3199 4945 exhibeatur
3240 4900 3391 4946 cum
3426 4900 3595 4963 pane
3631 4901 3860 4946 verum
3896 4902 4130 4965 corpus
4167 4880 4411 4947 Christi
4452 4871 4594 4960 quod

2692 4965 2767 5029 in
2807 4964 3003 5031 coelis
3036 4974 3137 5032 est
3177 4973 3245 5031 et
3282 4987 3416 5031 non
3457 4967 3529 5030 in
3565 4967 3777 5043 terris,
3819 4966 3934 5032 sed
3968 4977 4044 5034 ut
4076 4968 4410 5033 confirmet
4441 4963 4592 5027 illam

2693 5048 2888 5117 fidem
2946 5071 3140 5133 quam
3195 5050 3401 5117 habeo
3455 5053 3526 5116 in
3569 5062 3776 5117 morte
3819 5060 3888 5116 et
3929 5054 4231 5136 passione
4272 5052 4441 5117 illius
4476 5065 4590 5113 cor·

2691 5137 2869 5222 poris
2926 5136 3065 5202 vivi
3119 5138 3367 5202 mortui
3420 5144 3487 5202 et
3538 5138 3921 5205 resuscitati.
4020 5139 4111 5204 Et
4168 5140 4456 5204 minister
4502 5130 4593 5195 dat

2694 5221 2864 5307 quod
2908 5230 3007 5288 est
3048 5223 3119 5287 in
3163 5243 3283 5289 sua
3324 5230 3672 5306 potestate,
3732 5244 3966 5308 nempe
4011 5244 4243 5308 panem
4290 5230 4355 5289 et
4396 5220 4587 5288 vinum

2695 5319 2763 5374 et
2805 5329 2939 5374 non
2977 5328 3213 5391 corpus
3248 5307 3516 5389 Christi,
3560 5330 3681 5375 nec
3716 5310 3907 5376 aliter
3938 5311 4006 5376 in
4046 5332 4247 5378 coena
4289 5305 4588 5375 exhibetur
