4825 6175
218 421 312 486 133

354 606 542 675 Uxor
588 603 950 672 Genistom's
993 623 1143 670 cum
1186 609 1396 669 morte
1437 602 1744 667 luctatur.
1831 600 2140 668 Puellula

212 694 329 778 agit
367 694 672 758 animam.
757 689 1044 756 Filiolus
1084 691 1218 755 iam
1257 695 1360 754 ost
1393 688 1794 771 desperatus.
1809 685 1870 772 8)

960 983 1369 993 ...η--ο--υ-

1089 1202 1237 1273 677.

761 1356 1166 1426 VIRETUS
1211 1355 1648 1424 OALVINO.

367 1529 668 1597 Neocomo
698 1530 901 1596 redux
955 1531 1088 1613 ayit
1127 1529 1204 1595 de
1262 1529 1497 1612 negotio
1542 1527 1789 1594 Fareai
1835 1528 2147 1594 Genevam

208 1616 479 1681 mittendi
518 1618 775 1699 eiusque
812 1633 1178 1691 successore,
1222 1614 1284 1680 si
1325 1614 1475 1696 fieri
1503 1616 1798 1695 potuerit,
1852 1614 2147 1690 Tossam,

209 1702 387 1768 simul
428 1702 684 1768 traditis
743 1700 995 1767 Suleeri
1050 1705 1105 1765 et
1149 1698 1432 1782 Myconii
1488 1698 1564 1764 de
1616 1700 1841 1765 iisdem
1895 1700 2149 1782 scriptis

209 1787 488 1870 epistolis.
536 1787 825 1852 Maxime
862 1807 1004 1852 vero
1038 1785 1397 1869 leyationem
1434 1785 1521 1849 ad
1546 1784 1930 1851 Beruensem
1973 1806 2149 1852 sena-

211 1877 324 1940 tum
362 1879 723 1955 susceptam
758 1874 825 1938 in
857 1892 1054 1939 caasa
1092 1871 1543 1951 waldensium,
1587 1876 1644 1935 et
1686 1873 1844 1952 quid
1885 1872 1975 1937 ibi
1997 1892 2147 1971 pro·
2176 1921 2188 1933 .

206 1959 409 2041 fecerit
447 1980 724 2042 quaeque
764 1960 850 2024 sit
896 1957 1090 2041 Reyis
1146 1958 1217 2022 in
1270 1955 1516 2021 eosdem
1567 1957 1833 2022 sinistra
1875 1959 2152 2039 suspicio

214 2050 263 2110 et
296 2044 726 2111 malevolentia
767 2045 1037 2126 exponit.

213 2219 479 2287 (Autogra
516 2216 625 2270 bon
661 2221 843 2270 exstat
875 2216 934 2269 iu
970 2214 1099 2269 Ood.
1119 2214 1324 2269 Genev.
1364 2210 1506 2266 111³.
1541 2213 1634 2268 fol.
1669 2212 1737 2266 66
1769 2230 1943 2268 verso.
2000 2214 2155 2268 Folio

211 2292 346 2341 recto
396 2302 468 2338 ex
509 2287 731 2339 ibentur
777 2284 1111 2353 exemplaria
1167 2282 1517 2352 epistolarum
1566 2282 1775 2336 Sulzeri
1822 2293 1880 2336 et
1922 2284 2156 2354 Myconii

211 2355 274 2409 ad
304 2355 582 2409 Farellum
618 2355 960 2423 scriptarum,
1015 2368 1182 2420 supra
1215 2351 1285 2405 N.
1322 2348 1426 2403 668
1460 2358 1518 2403 et
1552 2349 1668 2404 670.
1742 2351 1965 2416 Legitur
2000 2368 2156 2422 prae·

218 2428 361 2479 terea
390 2426 452 2479 in
489 2424 619 2478 eod.
654 2424 786 2478 Gen.
828 2419 943 2491 116,
979 2421 1070 2474 sol.
1109 2417 1192 2486 93,
1230 2420 1287 2474 in
1322 2421 1463 2488 Epp.
1499 2421 1760 2474 Berncus.
1799 2420 1924 2474 vn.
1960 2438 2014 2490 p.
2056 2419 2156 2475 701

758 2495 816 2547 et
849 2490 995 2560 apud
1031 2489 1319 2544 Simlerum
1358 2489 1475 2543 Vol.
1511 2487 1625 2552 57.)

373 2682 793 2748 Fidelissimo
829 2679 1083 2745 Christi
1128 2699 1320 2744 servo
1362 2677 1600 2742 Ioanni
1640 2677 1918 2744 Calvino
1958 2680 2161 2744 eccle-

217 2771 341 2837 siae
364 2768 780 2836 Genevensis
814 2766 1060 2849 pastori
1084 2764 1588 2849 vigilantissimo
1610 2764 1929 2847 fratrique
1965 2786 2163 2848 quam

219 2856 550 2922 carissimo

1574 2934 1903 3000 Genevae.

379 3076 702 3146 Salutem.
771 3076 918 3140 Non
961 3073 1146 3158 potui
1181 3073 1300 3138 tibi
1344 3091 1545 3154 ocyus
1587 3071 1954 3155 significare
2003 3094 2164 3156 qua·

216 3165 296 3232 lis
329 3166 532 3231 fuerit
564 3170 902 3229 successus
936 3168 1203 3225 nostrae
1237 3158 1604 3242 legationis,
1632 3160 1678 3239 ¹)
1717 3159 1957 3241 partim
1994 3158 2165 3241 quod

215 3274 327 3336 per
366 3254 578 3317 otium
622 3269 754 3314 non
800 3247 1073 3322 licuerit,
1119 3246 1359 3328 partim
1397 3243 1569 3326 quod
1606 3264 1741 3308 non
1781 3252 1953 3308 esset
1996 3243 2165 3310 fidus

218 3338 296 3405 ad
336 3357 611 3403 manum
668 3332 1065 3401 tabellarius.
1156 3329 1351 3395 Nunc
1408 3349 1565 3394 vero
1620 3339 1964 3412 postquam
2013 3350 2165 3394 eum

215 3432 445 3490 nactus
505 3444 654 3488 sum
699 3443 781 3487 ex
827 3418 1031 3483 animi
1081 3416 1433 3491 sententia,
1491 3414 1645 3479 audi
1700 3423 1906 3479 totam
1959 3412 2164 3482 histo-

216 3512 378 3576 riam
413 3518 683 3575 nostrae
717 3502 1281 3590 peregrinationis.
1354 3500 1664 3566 Neocomi
1700 3501 1978 3564 fratrum
2015 3521 2166 3566 con-

216 3598 440 3662 ventui
485 3593 777 3670 interfui,
821 3592 993 3656 sicut
1027 3610 1134 3653 me
1174 3589 1500 3653 facturum
1536 3584 1620 3650 ad
1648 3595 1715 3650 te
1759 3586 2165 3669 scripseram.

218 3680 407 3763 Quod
452 3679 540 3745 ad
586 3676 830 3744 Farelli
872 3675 1281 3742 vocationem
1326 3670 1409 3736 ad
1452 3693 1567 3737 vos
1612 3672 1877 3750 attinet,
1933 3672 2173 3738 fratres

216 3768 281 3833 in
322 3789 474 3833 eam
522 3769 851 3832 venerunt
893 3760 1304 3837 sententiam,
1351 3779 1516 3841 quae
1560 3765 1625 3822 et
1666 3757 1975 3822 fratribus
2002 3759 2167 3823 Ber-

216 3854 537 3919 uensibus
580 3848 843 3935 placuit,
889 3866 1085 3930 quam
1129 3853 1206 3909 ut
1245 3843 1575 3927 intelligas
1609 3843 2050 3927 fragmentum
2087 3843 2171 3909 ad

217 3945 278 4005 te
328 3938 529 4004 mitto
584 3938 921 4001 literarum
986 3930 1233 3996 Sulzeri
1289 3930 1371 3995 ad
1418 3928 1758 3995 Farellum.
1848 3927 2171 4009 Quamvis

216 4024 389 4089 enim
436 4045 639 4108 aegre
686 4043 725 4087 a
767 4016 1105 4085 nonnullis
1150 4015 1446 4081 Farellus
1487 4013 1954 4091 dimitteretur,
2011 4014 2173 4081 vicit

216 4114 434 4176 tamen
500 4131 582 4174 ea
638 4106 966 4174 sententia
1018 4123 1185 4186 quae
1241 4100 1427 4167 vobis
1484 4099 1804 4166 Farellum
1853 4100 2170 4180 concedit,

214 4196 325 4262 sed
369 4216 453 4260 ea
497 4195 650 4279 lege
695 4204 769 4258 ut
809 4191 993 4275 prius
1037 4195 1453 4271 prospectum
1508 4186 1594 4251 sit
1648 4184 1958 4251 ecclesiae
2000 4187 2171 4252 Neo-

214 4282 546 4360 comensi,
608 4299 741 4344 non
785 4299 868 4342 ex
913 4274 1435 4341 adversariorum
1495 4269 1610 4335 sed
1663 4271 1943 4336 fratrum
1998 4283 2170 4338 voto.

208 4367 479 4435 Placuit
524 4386 734 4450 paene
778 4361 1079 4428 omnibus
1129 4360 1463 4424 Tussanus
1504 4355 1617 4440 qui
1663 4354 1917 4422 Farello
1953 4379 2172 4424 succe-

213 4450 415 4532 deret,
465 4454 529 4518 si
576 4450 770 4516 modo
814 4450 875 4514 ei
919 4446 1231 4512 ecclesiae
1274 4444 1538 4527 praefici
1596 4449 1845 4525 posset,
1902 4452 1968 4508 et
2022 4464 2175 4508 0011-

211 4539 337 4603 suli
381 4540 521 4605 alia
567 4537 873 4621 quapiam
916 4534 1170 4597 ratione
1229 4528 1536 4596 ecclesiae
1579 4526 2176 4611 Monbelgardensi.

210 4623 421 4690 Porro
468 4646 634 4708 quo
663 4624 733 4686 in
794 4627 968 4686 statu
1026 4619 1159 4683 sint
1218 4637 1323 4680 res
1374 4616 1656 4680 Tussani
1709 4634 1840 4679 non
1896 4615 2178 4680 scribam

208 4710 537 4794 pluribus,
588 4728 791 4792 quum
836 4702 1174 4787 exemplar
1225 4700 1470 4766 habeas
1514 4701 1856 4765 literarum
1902 4700 2183 4784 Myconii

214 4962 221 4969 -
417 4932 487 4999 8)
527 4930 629 4984 De
659 4928 936 4984 natalibus
969 4926 1104 4998 quid
1151 4925 1460 4980 habendum
1507 4938 1573 4977 ex
1620 4923 1800 4977 variis
1843 4938 1986 4992 quae
2018 4922 2182 4976 attin-

211 5008 419 5123 17an
452 5000 639 5067 factis
673 5000 808 5052 satis
842 5002 1067 5053 consta.
1143 4994 1227 5062 ΟΥ.
1263 4992 1392 5061 672,
1439 4998 1551 5047 not.
1587 4990 1637 5047 4.
1675 5021 1739 5031 —
1778 4992 1987 5045 Bonnet
2019 4994 2187 5057 refert

213 5086 391 5194 ⁰673?
410 5069 808 5205 Servom?
798 5136 865 5189 de
898 5135 1083 5189 causis
1115 5137 1408 5200 susceptae,
1443 5146 1609 5199 quam
1636 5129 1884 5209 primurn
1918 5144 2039 5183 cum
2072 5127 2185 5181 Fa·

212 5208 344 5264 rello
379 5207 650 5261 Ber-nam
682 5206 807 5259 ierit
841 5210 1086 5258 senatum
1125 5218 1233 5270 pro
1281 5199 1653 5254 Waldensibus
1700 5203 2048 5262 cusentum,
2098 5196 2186 5250 de-

216 5277 346 5331 inde
372 5275 445 5330 N
441 5290 745 5341 meantum,
782 5280 843 5328 ut
872 5274 1078 5340 fratres
1124 5271 1203 5326 tbi
1237 5270 1550 5324 hortaretur
1589 5283 1660 5321 ne
1695 5265 1979 5322 Farellam
2021 5265 2191 5319 Gene-

214 5359 336 5398 van
370 5349 646 5400 vocatum
680 5343 990 5397 detinerent.

1880 417 2042 478 1545
2086 403 2484 473 AUGUS'P.

4065 404 4194 468 134

2240 591 2322 658 ad
2380 589 2742 670 FareRmn,
2810 612 2898 656 ex
2950 590 3190 674 quibus
3240 591 3465 655 omnia
3521 589 3786 672 plenius
3837 588 4192 675 intelliges.

2241 678 2389 745 Hoc
2441 676 2655 743 solum
2711 684 2777 742 te
2829 677 3014 743 volui
3068 674 3475 742 admonitum
3491 726 3507 754 ,
3575 675 3930 757 Famam,
3995 675 4198 743 simul

2243 772 2443 846 atque
2497 763 2724 829 Berua
2785 762 3036 829 reversi
3097 762 3372 840 fuimus,
3438 763 3569 827 iter
3628 761 3962 828 Basileam
4026 763 4196 827 arri-

2244 850 2487 933 puisse,
2504 850 2565 926 2)
2604 847 2911 931 perlectis
2957 846 3240 932 Myconii
3277 847 3505 927 literis,
3549 854 3692 913 tum
3735 857 3812 913 ut
3853 869 4005 914 cum
4035 848 4200 913 Tus·-

2244 955 2402 1001 sano
2442 942 2510 999 et
2551 932 2844 1017 Myconio
2886 932 2970 999 de
3009 942 3192 1000 statu
3247 935 3591 1017 utriusque
3646 933 3953 1000 ecclesiae
3997 932 4199 998 latius

2247 1031 2315 1086 et
2355 1020 2745 1086 familiarius
2782 1020 3129 1099 conferret,
3173 1026 3318 1084 tum
3369 1029 3447 1084 ut
3482 1020 3760 1085 fratrum
3806 1020 4199 1085 afflictorum

2246 1126 2516 1173 causam
2572 1113 2835 1172 curaret
2899 1115 2968 1170 et
3027 1113 3296 1190 urgeret
3311 1155 3327 1183 ,
3395 1106 3582 1172 cuius
3635 1105 3854 1189 gratia
3906 1106 4199 1172 Bernam

2180 1201 2181 1204 ’
2246 1211 2511 1257 eramus
2552 1190 2846 1273 profecti.

2420 1277 2607 1342 Haec
2661 1285 2819 1343 sunt
2874 1297 3041 1359 quae
3103 1276 3176 1340 in
3229 1277 3601 1360 praesentia
3663 1286 3729 1341 tc
3790 1278 3956 1343 scire
4018 1276 4204 1343 volui

2247 1361 2420 1445 quod
2463 1362 2637 1428 hanc
2680 1382 2948 1428 causam
2988 1362 3238 1427 attinet.
3301 1361 3587 1446 Reliqua
3619 1363 3828 1429 disces
3862 1385 3944 1428 ex
3988 1363 4202 1429 literis

2248 1447 2530 1512 fratrum
2590 1447 3168 1526 Neocomensium,
3234 1468 3399 1531 quas
3463 1448 3593 1513 nisi
3651 1450 3783 1513 iam
3849 1450 4199 1532 acceperis,

2248 1533 2435 1599 brevi
2479 1541 2546 1598 te
2600 1545 3019 1617 accepturum
3073 1554 3283 1617 spero.
3305 1538 3362 1610 ⁸)
3449 1525 3728 1600 Su'mma
3779 1534 4205 1602 consiliorum

2250 1640 2329 1684 00
2372 1627 2642 1702 spectat,
2686 1628 2763 1683 ut
2806 1619 3108 1686 Fau-ellus
3150 1619 3332 1685 vobis
3376 1619 3789 1699 concedatur,
3847 1621 3906 1686 si
3948 1620 4018 1685 id
4061 1621 4204 1685 effi—

2251 1726 2399 1771 cere
2441 1705 2713 1789 potestis
2768 1713 2844 1770 ut
2891 1706 3223 1772 Tussanus
3277 1708 3338 1770 ei
3399 1705 3790 1770 sufficiatur:
3850 1727 3929 1771 ea
3980 1714 4204 1771 tamen

2251 1790 2399 1874 lege
2465 1798 2539 1856 ut
2601 1790 2772 1855 ratio
2828 1789 3437 1874 Monbelgardensis
3501 1792 3812 1858 ecclesiae
3863 1791 4205 1857 habeatur.

2255 1877 2358 1942 'Pu
2400 1876 2608 1961 igitur
2649 1873 2892 1959 dispice
2935 1875 3093 1959 quid
3136 1878 3304 1941 facto
3346 1897 3514 1958 opus
3556 1899 3702 1943 esse
3745 1887 3952 1960 putes,
3998 1887 4114 1943 aut
4148 1876 4208 1943 si

2255 1982 2392 2027 non
2436 1970 2538 2028 est
2580 1961 2994 2028 commodum
3033 1970 3148 2028 aut
3181 1969 3397 2027 tutum
3442 1961 3598 2028 inde
3647 1964 4011 2029 Tussanum
4053 1983 4209 2029 evo-

2257 2068 2436 2126 care,
2494 2068 2689 2131 quem
2734 2046 3012 2131 dignum
3064 2068 3293 2114 censes
3345 2049 3455 2130 qui
3511 2049 3686 2115 vices
3733 2049 3977 2115 Far-elli
4033 2050 4214 2115 obire

2258 2134 2485 2217 possit.
2549 2133 2728 2199 Nam
2757 2134 2831 2198 in
2865 2134 3074 2200 classe
3107 2134 3225 2198 vix
3258 2133 3544 2200 inveniri
3587 2136 3826 2217 poterit
3866 2136 4215 2218 quisquam

2260 2221 2421 2286 satis
2442 2219 2718 2285 idoneus
2756 2219 2852 2283 illi
2889 2219 3294 2302 provinciae;
3331 2239 3462 2284 non
3497 2218 3667 2302 quod
3704 2220 3874 2287 desit
3908 2219 4212 2298 eruditio,

2261 2305 2377 2371 sed
2444 2305 2600 2387 quia
2661 2304 2792 2370 alia
2855 2304 3143 2388 plurima
3199 2305 3627 2388 requiruntur
3682 2307 3918 2388 quibus
3974 2305 4215 2390 populo

2261 2391 2574 2469 satisfiat,
2638 2410 2806 2472 quae
2870 2410 3006 2455 non
3070 2399 3171 2456 001
3231 2389 3424 2456 facile
3488 2392 3560 2455 111
3610 2392 3839 2474 quovis
3893 2392 4217 2459 invenire.

2262 2474 2456 2542 Adde
2499 2475 2672 2559 quod
2713 2476 2882 2541 forte
2925 2497 3058 2540 non
3104 2476 3233 2540 erit
3274 2477 3344 2541 in
3385 2477 3669 2541 fratrum
3707 2486 4026 2560 potestate
4069 2498 4220 2544 0110·

2265 2582 2585 2629 cessorem
2637 2581 2760 2645 pro
2828 2570 2984 2627 voto
3040 2560 3297 2645 eligere.
3414 2560 3606 2626 Nosti
3664 2564 3841 2628 enim
3895 2579 4219 2646 quantum

2265 2669 2446 2714 nunc
2487 2647 2559 2712 in
2595 2668 2672 2713 ea
2714 2647 2986 2713 ecclesia
3026 2648 3282 2731 possint
3323 2647 3688 2713 turbulenti
3731 2649 4047 2731 homines,
4105 2652 4218 2734 qui

2263 2733 2545 2816 pessime
2600 2734 2674 2797 in
2728 2732 3172 2799 ministerium
3231 2741 3389 2797 sunt
3437 2733 3676 2799 affecti.
3777 2734 3921 2800 Non
3977 2739 4221 2819 poterit

2264 2829 2504 2895 autem,
2551 2838 2674 2884 nec
2718 2818 2978 2884 debebit
3020 2817 3321 2885 Far-ellus
3366 2818 3537 2884 bona
3569 2820 3969 2886 conscientia
4011 2823 4218 2888 eccle-

2264 2904 2434 2970 siam
2477 2904 2793 2982 deserere,
2839 2904 2970 2968 nisi
3012 2904 3137 2969 sibi
3181 2904 3594 2970 substituerit
3632 2927 4068 2973 successorem
4114 2909 4222 2974 cui

2266 2997 2415 3055 tuto
2455 3010 2602 3055 eam
2647 2989 2915 3055 credere
2963 2989 3190 3073 possit.

2443 3072 2579 3141 Sed
2622 3074 2702 3141 de
2745 3073 2852 3142 his
2891 3075 3040 3160 plus
3083 3075 3276 3142 satis:
3333 3097 3490 3142 nam
3531 3099 3652 3161 per
3692 3085 3759 3144 te
3799 3078 4019 3145 omnia
4060 3080 4224 3147 satis

2269 3162 2653 3243 assequeris.
2743 3161 3098 3228 Caeterum
3164 3162 3311 3246 quis
3363 3162 3569 3228 fuerit
3621 3174 3901 3230 eventus
3953 3174 4224 3232 nostrae

2268 3246 2633 3332 legationis,
2680 3248 2918 3331 accipe.
3008 3247 3268 3331 Operae
3299 3248 3593 3331 pretium
3631 3270 3776 3316 esse
3817 3250 4098 3319 iudicavi
4142 3260 4224 3316 ut

2268 3332 2570 3399 Farellus
2601 3352 2858 3398 mecum
2880 3333 3172 3399 Bernam
3202 3335 3742 3418 proficisceretur,
3779 3336 3954 3419 quod
3988 3337 4224 3403 lubens

2268 3417 2428 3484 fecit
2469 3428 2535 3483 01
2574 3418 2815 3485 fratres
2853 3440 3079 3485 omnes
3123 3421 3444 3503 optimum
3487 3421 3878 3487 iudicarunt.
3960 3424 4222 3490 Bernae

2270 3505 2648 3571 curavimus
2692 3504 2917 3571 sedulo
2958 3504 3135 3588 quod
3177 3514 3476 3571 nostrum
3520 3516 3675 3572 erat.
3743 3509 4020 3575 Animos
4062 3530 4225 3593 quo-

2271 3589 2555 3655 rundam
2596 3590 2790 3657 valde
2832 3590 3114 3656 offensos
3155 3591 3554 3671 invenimus,
3597 3602 3867 3676 propter
3889 3594 4085 3678 Reqis
4119 3616 4227 3661 re-

2274 3695 2608 3758 sponsum,
2623 3680 2683 3760 ⁴)
2729 3677 2890 3742 alios
2935 3697 3094 3742 vero
3137 3676 3383 3742 mirum
3432 3677 3503 3743 in
3553 3678 3819 3743 modum
3863 3681 4222 3748 refrixisse.

2275 3761 2654 3827 Accendere
2696 3762 2915 3829 conati
2953 3783 3201 3839 sumus,
3245 3763 3460 3844 quoad
3502 3764 3644 3829 eius
3688 3766 3828 3829 fieri
3876 3768 4109 3849 potuit,
4157 3775 4226 3833 et

2272 3848 2704 3928 patrocinium
2747 3848 3025 3913 fratrum
3065 3868 3152 3912 ex
3197 3850 3418 3914 animo
3461 3850 3888 3932 suscepimus,
3944 3863 4012 3916 et
4054 3854 4226 3919 serio

2275 3954 2501 3997 eorum
2545 3933 2800 4016 egimus
2843 3953 3108 3999 causam
3152 3935 3454 4000 refutatis
3507 3935 3796 4000 hostium
3852 3937 4224 4005 calumniis.

2279 4017 2601 4082 Sulteerus
2644 4030 2712 4082 et
2755 4018 2999 4084 Beatus
3041 4039 3307 4084 causam
3350 4030 3645 4086 nostram
3683 4034 3963 4105 egerunt
4003 4042 4227 4088 coram

2275 4113 2528 4180 senatu,
2574 4112 2641 4168 et
2684 4123 2945 4168 omnem
2990 4124 3258 4188 operam
3301 4109 3787 4187 praestiterunt.
3855 4105 3989 4173 Sed
4031 4109 4229 4175 valde

2275 4189 2479 4254 falsus
2522 4209 2669 4254 sum
2712 4191 2783 4252 in
2826 4188 3033 4254 literis
3069 4210 3234 4272 quas
3267 4199 3333 4255 te
3367 4192 3721 4274 scripseras
3764 4191 3846 4257 ad
3874 4192 4234 4260 Salteertmo

2278 4275 2552 4339 misisse.
2571 4278 2630 4349 ⁶)
2695 4275 2867 4338 Nam
2915 4275 3198 4357 reliquas
3242 4296 3470 4341 omnes
3513 4278 3738 4343 inveni
3785 4278 3856 4342 in
3903 4280 4230 4359 fasciculo,

2278 4359 2395 4425 sed
2440 4360 2523 4424 ad
2570 4359 2922 4425 Saltem-tm
2965 4361 3198 4426 nullas.
3288 4361 3585 4428 Verebar
3638 4371 3858 4429 autem
3917 4386 4002 4429 ne
4062 4366 4233 4432 forte

2280 4445 2457 4510 domi
2501 4466 2612 4510 eas
2656 4445 3082 4528 reliquissem,
3129 4468 3333 4529 quum
3367 4448 3752 4515 fasciculum
3788 4451 4123 4533 resignavi
4157 4462 4236 4517 ut

2281 4530 2742 4596 exscribendas
2785 4551 3084 4596 curarem
3140 4532 3428 4615 reliquas
3445 4584 3462 4613 ,
3520 4535 3690 4601 sieut
3745 4547 3821 4600 tu
3863 4556 4234 4604 monueras.

2280 4617 2612 4681 Excusavi
2659 4617 2879 4698 itaque
2923 4616 3097 4699 apud
3132 4616 3501 4699 Sacamum,
3545 4629 3613 4685 et
3649 4619 3821 4703 quod
3855 4622 4240 4705 suspicabar

2491 4918 2553 4991 2)
2589 4927 2679 4975 cui
2726 4922 3126 4987 Kirchhoferus
3172 4924 3354 4992 ipsum
3413 4926 3652 4981 Viretum
3698 4929 3938 4982 comitem
3990 4928 4254 4998 adiungit

2288 4991 2388 5057 (11.
2425 4990 2520 5051 88)
2559 4992 2619 5044 in
2655 5008 2761 5060 quo
2796 5009 2923 5061 erqo
2955 4992 3190 5058 fallitur.

2495 5060 2556 5124 3)
2601 5059 2754 5128 Quae
2800 5068 2980 5115 tamen
3025 5060 3338 5129 deperditae
3386 5068 3529 5115 suat.
3615 5062 3706 5116 De
3751 5064 3944 5119 iisdem
3989 5064 4115 5121 vide
4164 5064 4246 5121 N.

2289 5127 2395 5183 683
2428 5135 2557 5261 noi.)
2575 5127 2719 5251 21100
2762 5212 3080 5265 responsum
3141 5197 3377 5252 eiusdem
3442 5203 3646 5253 tenoris
3692 5216 3807 5254 esse
3851 5201 4036 5257 debuit
4078 5218 4246 5272 quam

2289 5264 3025 5401 ςκοᾱὸἶίοὲἷεπῇιῗνέἑέηὲἱρἰε
3061 5265 3248 5322 datum
3274 5268 3468 5335 fuerat
3504 5266 3578 5323 N.
3618 5267 3739 5340 665,
3773 5276 3884 5324 not.
3919 5267 3969 5322 3.

3771 5420 3835 5473 9*
