4825 6175
224 385 292 449 93
1992 375 2155 441 1545
2196 369 2379 438 IUN.
4108 367 4191 430 94

222 571 314 640 (Ex
340 570 667 642 autographo
702 571 847 625 Bibl.
880 569 1383 705 poewrknsswm'
1420 568 1563 639 Epp.
1583 567 1784 622 Farelli
1818 566 1999 620 fascic.
2035 564 2137 620 111.

364 826 754 894 Doctissimo
796 828 1046 911 pastori
1101 826 1411 892 ecclesiae
1453 825 1539 891 D.
1584 823 1820 890 Ioanni
1861 822 2137 889 Oalvino

216 913 380 980 fiatri
419 922 485 980 et
526 921 934 999 symmystae
977 934 1175 997 quam
1219 912 1811 1064 carissimgonevae

365 1117 430 1186 S.
519 1120 653 1186 Per
695 1118 1020 1184 famulum
1063 1118 1144 1184 ab
1170 1111 1389 1185 Alle'in
1431 1118 1515 1184 ad
1555 1125 1621 1181 te
1665 1115 1895 1199 scripsi
1939 1115 2139 1180 misso

212 1204 409 1272 libello
460 1203 674 1273 Caroli
732 1204 927 1271 amici
982 1206 1193 1270 nostri
1248 1213 1315 1269 et
1358 1204 1520 1270 actis
1572 1200 2139 1287 Agathopolitanis

213 1301 277 1357 ct
324 1291 538 1356 libello
593 1290 887 1374 supplice
943 1290 1026 1356 ad
1081 1290 1457 1374 pontificem
1486 1289 1553 1372 ¹).
1652 1289 1858 1354 Eram
1917 1287 2139 1351 omnia

181 1398 358 1461 -quae
398 1377 755 1443 scribebam
800 1398 920 1460 per
952 1377 1153 1441 alium
1187 1387 1533 1441 curaturus
1568 1383 1646 1440 ut
1679 1374 2137 1449 scriberentur,

210 1461 313 1529 sed
343 1484 539 1545 quum
584 1462 866 1529 nuncius
907 1462 1188 1527 instaret
1215 1483 1347 1527 non
1393 1462 1596 1527 licuit.
1663 1460 1822 1525 Ideo
1867 1470 1943 1524 tu
1985 1457 2138 1522 boni

208 1547 454 1614 consule
498 1558 566 1612 et
607 1548 756 1614 istic
796 1568 915 1630 per
948 1547 1229 1631 aliquem
1265 1545 1522 1614 curabis
1555 1567 1641 1611 ne
1676 1546 1865 1611 lectio
1899 1552 1968 1608 te
2000 1565 2139 1608 mo-

204 1635 401 1700 lestet.
503 1634 833 1699 Existimo
888 1654 997 1697 me
1053 1633 1297 1699 habere
1351 1653 1433 1698 ea
1528 1653 1651 1697 uae
1705 1632 1907 1697 Metis
1966 1628 2139 1713 apud

203 1719 281 1784 D.
318 1719 699 1787 Vincentiun,
749 1720 980 1785 insane
1022 1719 1365 1804 proposuit
1400 1718 1507 1802 ple
1551 1721 1593 1797 i,
1640 1717 1826 1800 quasi
1874 1715 2139 1780 defunc-

206 1816 407 1871 torum
464 1805 725 1871 animae
782 1806 855 1869 in
912 1804 1230 1888 sepulcris
1287 1804 1461 1886 apud
1517 1804 1807 1887 ipsorum
1868 1805 2141 1883 corpora

208 1902 640 1958 versarentur:
684 1890 830 1956 ideo
872 1911 1010 1955 non
1053 1891 1501 1958 damnandum
1546 1888 1821 1966 dicebat,
1865 1888 1923 1954 si
1966 1883 2142 1971 apud

212 1978 489 2062 sepulcra
543 1980 707 2043 fiant
765 1977 937 2043 divis
989 1998 1244 2060 preces,
1305 1989 1372 2042 et
1414 1976 1608 2041 huius
1651 1976 1902 2040 farinae
1945 1993 2142 2056 quae-

216 2063 373 2144 dam,
429 2085 595 2147 quae
639 2065 693 2129 si
739 2064 911 2146 petis
944 2073 1013 2127 et
1053 2064 1158 2129 vis
1200 2062 1438 2128 curabo
1495 2062 1815 2127 iuvenire.
1905 2059 2043 2125 Sed
2085 2058 2143 2123 si

218 2151 338 2234 quis
376 2149 542 2214 velit
596 2159 731 2213 tam
791 2147 1033 2232 perditi
1089 2148 1435 2215 nebulonis
1488 2150 1710 2212 omnia
1769 2165 2143 2231 congerere,

218 2237 338 2320 quis
376 2236 504 2301 erit
542 2234 741 2300 finis?

359 2321 743 2388 Indicabam
786 2320 961 2405 quod
1005 2339 1383 2403 acceperam
1424 2317 1810 2385 instandum
1847 2337 1992 2381 esse
2024 2336 2145 2398 pro

217 2407 515 2493 legatione
531 2458 547 2482 ,
602 2428 768 2491 quae
813 2427 947 2471 non
990 2407 1184 2471 secus
1223 2415 1379 2490 agat
1421 2427 1619 2489 quam
1665 2406 1722 2470 si
1764 2421 1990 2469 omnes
2033 2402 2147 2484 qui

216 2496 463 2559 mittunt
506 2495 717 2576 ipsam
762 2493 939 2576 passi
976 2500 1198 2557 essent
1231 2513 1309 2557 ea
1342 2512 1510 2575 quae
1543 2492 1671 2574 piis
1706 2490 2142 2572 contigerunt.

216 2581 342 2647 Hac
381 2582 495 2645 via
536 2582 655 2644 fiet
691 2587 769 2644 ut
811 2599 979 2662 quae
1021 2579 1156 2642 iam
1202 2586 1495 2662 aguntur
1532 2588 1600 2642 et
1630 2596 1797 2660 quae
1842 2574 2148 2657 graviora

215 2676 510 2750 parantur
554 2666 739 2749 (nam
758 2715 773 2743 ,
819 2675 894 2729 ut
935 2664 1161 2742 audie,
1219 2685 1552 2746 nunquam
1599 2675 1733 2726 tam
1780 2661 2002 2744 gravis
2044 2659 2147 2722 in-

216 2762 443 2819 structa
497 2752 626 2817 fuit
679 2750 1128 2834 persequutio)
1194 2750 1386 2815 facile
1442 2758 1975 2832 compescantur:
2037 2742 2147 2808 ubi

212 2838 401 2905 literis
433 2838 687 2903 luditur
719 2857 935 2920 opera,
972 2856 1140 2920 quae
1174 2857 1257 2901 ne
1290 2835 1606 2920 leguntur
1638 2833 1919 2916 quidem.
1976 2830 2149 2895 Nam

209 2924 618 3006 perditissimi
661 2926 771 3006 qui
815 2924 957 3006 regi
1000 2929 1223 2987 astant
1264 2922 1452 2986 aiunt
1484 2920 1659 2985 male
1694 2919 1973 3001 scriptas
2005 2935 2150 2981 esse

206 3009 419 3076 literas
465 3019 533 3074 et
572 3008 895 3074 videndas
936 3009 1151 3091 prius,
1198 3014 1266 3072 et
1307 3007 1561 3072 interea
1604 3027 1726 3071 rex
1771 3004 1899 3069 alia
1941 3010 2148 3079 curat,

205 3106 268 3162 et
304 3097 402 3162 illi
444 3099 503 3163 si
535 3096 768 3161 literae
811 3096 945 3161 sint
986 3093 1306 3178 legendae
1364 3101 1676 3160 evertunt
1733 3092 1987 3170 omnia,
2034 3096 2152 3153 aut

204 3183 466 3262 addunt,
513 3183 619 3248 vel
661 3180 1050 3260 subducunt,
1098 3188 1213 3244 aut
1255 3187 1535 3257 mutant,
1577 3188 1655 3244 ut
1686 3178 1835 3263 plus
1869 3181 2154 3241 noceant

201 3269 291 3334 ita
331 3271 574 3335 missae
616 3268 851 3332 literae
892 3286 1092 3350 quam
1134 3266 1410 3350 prosint.
1466 3266 1654 3330 Haec
1688 3273 1756 3328 et
1789 3262 1918 3329 alia
1953 3281 2150 3343 quae-

202 3355 347 3420 dam
390 3376 701 3439 praesens
743 3373 1054 3436 cuperem
1097 3373 1316 3418 coram
1350 3352 1547 3434 loqui,
1593 3351 1652 3416 si
1685 3370 1805 3434 per
1842 3346 2152 3414 ecclesiae

202 3441 713 3508 aedificationem
756 3440 1001 3506 liceret.

366 3525 566 3608 Quod
608 3525 693 3590 ad
736 3545 1004 3591 causam
1049 3524 1336 3590 eunuchi
1355 3523 1413 3610 ²)
1468 3522 1709 3588 attinet
1722 3571 1739 3600 ,
1796 3519 2154 3603 composita

205 3620 302 3678 est
339 3620 695 3695 utcunque.
751 3612 985 3677 Iussus
1028 3620 1131 3675 est
1172 3631 1307 3675 non
1352 3628 1552 3692 supra
1594 3609 1772 3675 viros
1814 3607 1990 3683 ferri,
2035 3603 2155 3669 sed

204 3698 495 3764 virorum
540 3700 677 3762 ritu
719 3697 968 3763 vivere.
1056 3697 1279 3762 Multa
1321 3703 1424 3760 est
1460 3693 1783 3760 modestia
1826 3713 1865 3757 a
1908 3691 2154 3755 nostris

208 3792 439 3863 actum,
481 3783 866 3869 simpliciter
909 3791 978 3848 et
1018 3804 1193 3861 vere,
1239 3802 1443 3865 quum
1477 3779 1775 3845 audirem
1798 3778 2152 3862 Agrippas,

204 3889 416 3935 coram
460 3871 700 3953 quibus
741 3876 1048 3953 ageretur
1082 3869 1164 3935 ab
1201 3889 1276 3934 eo
1312 3868 1425 3951 qui
1460 3874 1599 3931 tam
1634 3864 1840 3931 distat
1862 3886 1902 3929 a
1922 3861 2152 3939 Paule,

204 3965 274 4019 ut
313 3958 505 4034 nosti,
551 3964 873 4038 quantum
907 3975 1027 4020 nos
1063 3975 1103 4020 a
1140 3953 1337 4020 Pauli
1370 3952 1787 4025 adversariis,
1831 3958 1899 4016 et
1932 3948 2157 4013 omnia

204 4061 365 4124 quae
408 4043 726 4108 afferebat
759 4043 1195 4106 semotissima
1229 4061 1268 4104 a
1312 4040 1604 4104 veritate.
1680 4035 1986 4103 Subduxi
2027 4054 2153 4111 me,

203 4126 371 4210 quod
427 4128 595 4194 mihi
650 4128 957 4194 contulit:
1017 4147 1174 4192 nam
1227 4126 1299 4190 in
1357 4146 1462 4191 me
1517 4125 1879 4189 conabatur
1935 4122 2155 4185 omnia

202 4227 455 4281 vertere
473 4267 488 4294 ,
550 4214 841 4297 dumque
899 4214 1192 4292 aberam,
1237 4211 1481 4276 minori
1524 4210 1775 4275 invidia
1816 4216 2075 4292 poterat
2117 4227 2158 4270 a

201 4300 657 4381 praesentibus
703 4320 821 4384 pro
864 4320 972 4363 me
1015 4320 1054 4365 a
1100 4300 1139 4363 i.
1219 4297 1372 4361 Non
1414 4316 1681 4380 possum
1726 4296 1885 4360 satis
1930 4293 2157 4358 mirari

203 4384 365 4451 haec
416 4388 687 4471 ingenia
729 4406 896 4468 quae
940 4386 1057 4450 nul
1085 4405 1193 4449 am
1238 4383 1488 4449 habent
1532 4380 2001 4448 aedificationis
2044 4401 2157 4444 cu·

204 4491 376 4551 ram,
421 4474 537 4538 sed
582 4473 689 4538 sui
732 4483 993 4536 tantum
1037 4479 1104 4534 et
1146 4470 1394 4552 gloriae
1436 4469 1740 4552 propriae
1799 4475 1955 4531 sunt
1999 4463 2159 4529 adeo

206 4566 499 4624 amantes
557 4566 634 4623 ut-
687 4577 957 4640 prorsus
1011 4565 1307 4621 amentes
1361 4555 1740 4620 reddantur.
1828 4552 2160 4617 Existimo

209 4661 316 4707 eos
348 4646 427 4711 ob
471 4666 626 4711 suas
670 4642 980 4728 gloriolas
1015 4662 1176 4724 quas
1212 4649 1556 4717 venantur,
1593 4639 1830 4704 millies
1864 4658 2159 4720 unoquo-

212 4746 337 4809 que
380 4729 484 4795 die
519 4730 862 4797 Christum
908 4737 976 4793 et
1020 4727 1440 4813 evangelium
1486 4728 1940 4811 abnegaturos.
2007 4723 2159 4788 Non

244 5032 385 5087 852.
422 5035 475 5104 1)
511 5036 768 5106 Epistola
810 5037 910 5092 illa
955 5036 1171 5091 Fanni
1209 5050 1323 5089 non
1370 5040 1559 5089 exstat
1631 5034 1776 5089 Acta
1812 5035 1959 5103 Aqat
2099 5033 2160 5087 12·-

224 5104 759 5229 mamma-aij>
770 5104 891 5189 205.
935 5105 1163 5160 Caetera
1192 5102 1391 5227 “Caroli
1408 5119 1560 5227 3⁸⁰2:
1568 5102 1854 5226 Ἥ,
1888 5101 1987 5157 sed
2040 5101 2163 5157 ibel-

236 5301 359 5361 κω,
427 5189 499 5365 ᾖ
518 5242 837 5369 &imam-wa·
836 5244 1016 5368 lgstoo
1047 5189 1401 5300 wamma
1436 5239 1813 5311 Gapunculum
1845 5255 2047 5296 ornare
2079 5254 2163 5295 eo-

359 5346 373 5361 .
493 5351 505 5365 .
640 5353 655 5381 ‚
904 5353 919 5370 ,

2243 563 2480 624 curant
2534 555 2693 640 quid
2752 555 2974 622 dicant
2990 606 3005 634 ,
3079 575 3200 620 nec
3257 561 3486 620 contra
3557 572 3751 636 quem
3826 552 4193 635 loquantur,

2240 664 2399 709 vere
2444 664 2531 707 an
2573 641 2737 707 false
2752 692 2769 720 ,
2827 640 3021 706 modo
3079 638 3203 705 sibi
3257 638 3418 723 ipsis
3462 638 3764 721 placeant
3817 644 3884 703 et
3925 636 4049 702 sibi
4090 639 4193 704 vi-

2242 728 2525 794 deantur
2556 726 2823 793 laudem
2856 747 3111 810 parare,
3156 724 3583 809 quantumvis
3617 744 3688 789 se
3726 723 3740 737 ‘
3837 722 4193 790 ominiosos

2240 813 2538 879 reddant.
2627 813 2853 878 Fratri
2899 811 3166 878 Claudio
3210 811 3459 877 dictum
3502 809 3644 888 fuit,
3811 809 4119 874 roum‘um
4137 807 4195 895 ⁸)

2241 898 2583 964 nonnullis
2638 919 2719 964 ex
2780 898 2986 965 classe
3040 896 3476 964 Iverdunensi
3532 895 3777 962 dixisse
3792 941 3807 971 ‚
3862 894 4196 960 factmum

2240 984 2508 1050 tandem
2587 983 2817 1049 eadem
2908 981 3340 1065 Capuae-ulum
3428 1002 3595 1065 quae
3673 980 3825 1046 fecit
3906 977 4191 1047 carolus.

2241 1070 2554 1136 Christus
2596 1078 2886 1134 mentem
2931 1068 3271 1134 meliorem
3337 1067 3601 1150 utrique
3656 1065 3793 1145 det,
3838 1073 3904 1129 et
3960 1087 4195 1131 verum

2242 1157 2310 1220 in
2348 1156 2654 1222 ecclesias
2688 1155 3081 1222 christianas
3123 1155 3447 1219 affectum.
3510 1153 3853 1217 Hactenus
3893 1163 4199 1217 curatum

2242 1248 2345 1307 est
2390 1263 2474 1306 ne
2518 1262 2712 1323 quam
2772 1239 3078 1306 daremus
3132 1239 3565 1317 occasionem,
3626 1237 3732 1303 vel
3775 1238 3847 1301 in
3892 1238 4195 1320 speciem,

2242 1326 2542 1410 quamvis
2586 1347 2902 1409 quaerere
2946 1348 3140 1409 saepe
3183 1325 3367 1390 visus
3411 1344 3555 1388 eam
3599 1323 3814 1388 fuerit.
3871 1323 4011 1389 Nos
4045 1331 4194 1389 tan-

2242 1420 2385 1478 tum
2430 1412 2760 1496 patientes
2812 1434 2946 1477 non
2988 1412 3231 1476 fuimus
3274 1411 3343 1475 in
3389 1409 3677 1476 ferendis
3723 1408 4012 1473 hominis
4054 1429 4195 1474 mo-

2243 1499 2459 1578 ribus,
2505 1498 2621 1563 sed
2674 1500 2871 1564 etiam
2917 1498 3145 1582 ignavi
3189 1515 3265 1560 ac
3306 1496 3584 1561 nimium
3631 1504 3957 1561 cessantes
4000 1495 4072 1559 in
4113 1495 4199 1560 iis

2244 1606 2412 1668 quae
2451 1584 2792 1667 oportebat
2835 1606 2875 1647 a
2918 1603 3215 1649 summae
3267 1582 3625 1664 patientiae
3677 1580 3843 1646 viris
3900 1580 4197 1647 severius

2244 1670 2452 1754 argui.
2563 1667 2643 1736 Si
2686 1668 3015 1734 Dominus
3058 1668 3348 1752 patiatur
3390 1667 3725 1733 hominem
3771 1666 3968 1743 abire,
4016 1665 4198 1732 dabi-

2243 1776 2412 1834 mus,
2458 1776 2580 1839 ope
2623 1754 2854 1820 divina
2895 1753 3122 1834 adiuti,
3164 1773 3428 1837 operam
3463 1774 3541 1818 ea
3575 1773 3770 1836 agere
3811 1773 3993 1834 quae,
4038 1748 4196 1816 dum

2244 1841 2518 1918 abesset,
2564 1842 2811 1906 maiora
2852 1847 2920 1906 et
2962 1840 3236 1905 meliora
3277 1839 3547 1904 fuerunt
3585 1845 3759 1918 acta,
3806 1859 4004 1920 quam
4046 1858 4198 1902 con-

2244 1926 2475 2010 tigerit
2515 1928 2662 2011 ipso
2708 1935 3071 2010 praesente.
3130 1926 3195 1990 Ν
3196 1924 3334 1991 obis
3370 1932 3508 1989 tam
3544 1923 3673 1989 fuit
3706 1923 3884 1990 utilis
3917 1922 4001 1988 ad
4034 1924 4201 1990 bene

2246 2012 2596 2098 agendum,
2642 2032 2839 2096 quam
2881 2011 3137 2077 festuca
3179 2009 3260 2075 ad
3305 2007 3831 2094 perspiciendum
3875 2009 4056 2075 utilis
4100 2017 4203 2074 est

2245 2099 2474 2166 oculis.
2561 2098 2997 2164 Praedixerat
3058 2106 3211 2161 ante
3274 2096 3524 2179 aliquot
3585 2116 3847 2164 menses
3902 2094 3985 2160 de
4046 2094 4202 2160 ludo

2248 2184 2543 2254 literario
2586 2206 2751 2268 quae
2786 2184 3223 2268 contigerunt,
3268 2193 3336 2247 et
3369 2182 3449 2246 de
3483 2182 3565 2247 iis
3600 2203 3760 2265 quos
3794 2182 3953 2247 urbs
3988 2179 4206 2246 alebat

2245 2270 2316 2334 in
2358 2270 2568 2336 literis
2604 2269 3025 2353 Argentorati
3071 2267 3553 2346 exautorandis,
3598 2265 3775 2350 quod
3817 2288 4028 2350 nuper
4070 2267 4203 2334 fac-

2248 2364 2390 2421 tum
2430 2357 2586 2421 fuit:
2607 2359 2668 2430 4)
2704 2354 2992 2421 revocati
3032 2355 3211 2418 enim
3247 2355 3532 2419 fuerunt.
3577 2352 3795 2418 Multa
3828 2355 4003 2418 fiunt
4036 2373 4203 2435 quae

2249 2463 2386 2507 non
2420 2450 2522 2507 est
2563 2463 2726 2526 opus
2770 2441 3034 2519 referre,
3080 2447 3146 2505 et
3178 2460 3347 2523 quae
3382 2461 3487 2504 me
3522 2438 3795 2503 anxium
3835 2446 4078 2516 tenent,
4125 2445 4203 2501 ut

2248 2527 2638 2594 facultatum
2680 2527 2989 2593 ecclesiae
3033 2525 3388 2609 dissipatio.
3448 2522 3789 2607 Quidquid
3831 2525 3950 2589 fiat
3992 2531 4062 2587 et
4103 2522 4202 2587 di-

2249 2622 2457 2691 catur,
2513 2612 2920 2697 pergendum
2977 2632 3122 2677 esse
3164 2610 3425 2677 videtur
3468 2610 3907 2676 constantius:
3968 2608 4205 2675 ducem
4263 2615 4268 2619 ’

2249 2697 2565 2764 habentes
2608 2699 2949 2777 invictum,
2993 2718 3127 2762 non
3171 2706 3273 2762 est
3315 2695 3487 2779 quod
3531 2694 3829 2760 hostibus
3871 2694 4200 2760 cedamus.

2251 2782 2420 2849 Fide
2479 2784 2591 2849 det
2632 2795 2702 2850 et
2743 2783 3117 2849 constantia
3170 2783 3548 2849 firmissima
3589 2791 3667 2846 ut
3707 2800 4099 2866 pergamus,
4143 2779 4204 2844 is

2251 2870 2368 2954 qui
2410 2870 2633 2935 omnia
2673 2876 2905 2954 potest.

2424 2954 2591 3033 Vale
2636 2977 2786 3022 cum
2830 2954 2964 3020 tuis
3006 2953 3341 3020 omnibus:
3390 2974 3475 3019 ne
3496 2960 3869 3036 praetereas
3888 2951 4205 3020 Davidem

2253 3042 2356 3108 cui
2400 3042 2643 3107 bonam
2696 3040 3144 3107 valetudinem
3202 3060 3449 3122 precor,
3512 3048 3580 3105 et
3621 3047 3848 3106 sancto
3900 3037 4205 3123 coniugio

2258 3127 2514 3194 Nicolai
2528 3129 2588 3207 ι”)
2631 3128 2884 3194 felicem
2930 3146 3322 3193 successum.
3411 3125 3640 3192 Nostri
3682 3135 3751 3191 te
3793 3124 4050 3192 salvum
4094 3144 4205 3190 cu-

2250 3214 2463 3297 piunt.
2559 3214 2880 3279 Tossanus
2938 3212 3121 3295 quasi
3175 3212 3504 3297 frangitur
3554 3212 3764 3295 plebis
3807 3211 4098 3279 moribus
4140 3218 4210 3276 et

2253 3300 2569 3383 principis
2609 3299 3125 3383 importunitate.
3184 3295 3343 3363 Ideo
3377 3297 3735 3363 meditatur
3771 3297 3900 3363 alio
3943 3318 4012 3362 se
4055 3314 4208 3361 con-

2253 3386 2426 3451 ferre
2448 3386 2526 3463 ⁶).
2572 3383 2830 3452 Verum
2872 3384 3204 3452 contraria
3247 3382 3376 3466 ipsi
3419 3382 3749 3466 sequenda
3791 3404 3934 3449 esse
3977 3381 4209 3464 scripsi

2256 3480 2324 3536 et
2366 3472 2776 3539 constantius
2816 3469 3243 3537 haerendum.
3312 3469 3624 3535 Neocomi
3674 3474 3768 3535 14.
3805 3468 3983 3534 Iunii
4027 3470 4207 3532 1545.

3303 3589 3606 3657 Farellus
3647 3598 3804 3654 tuus
3846 3595 4040 3653 totus.

2463 3846 2520 3913 3)
2566 3845 2676 3915 Qui
2707 3852 2836 3900 mc
2868 3846 3127 3914 temporis
3163 3843 3427 3900 Necdum·
3457 3842 3535 3897 ad
3568 3843 3746 3897 lam
3775 3842 4081 3896 manum
4115 3843 4215 3896 mi-

2258 3918 2430 3972 m'ster
2465 3922 2597 3970 erat.
2674 3913 2940 3969 Claudius
2969 3913 3150 3979 frater
3187 3912 3418 3968 Farelli.

2463 3982 2520 4050 4)
2563 3982 2852 4052 Colleyium
2898 3982 3361 4037 wilhelmitanum
3421 3998 3472 4035 a.
3512 3977 3647 4034 1543
3660 4020 3676 4046 ,
3723 3980 3924 4049 viqinti

2259 4054 2498 4109 alumnis
2511 4092 2525 4117 ,
2572 4052 2850 4106 duodecim
2886 4051 3440 4119 Arqmtoratensibus
3484 4055 3536 4104 et
3567 4048 3785 4103 totidem
3819 4054 4017 4102 extens
4052 4048 4212 4102 desti-

2258 4130 2467 4189 natum,
2504 4122 2601 4175 sub
2634 4121 2864 4175 rectoris
2897 4134 2939 4173 ε.
2967 4121 3281 4189 paedaqoyi
3308 4118 3689 4187 Clu-iatophori
3726 4116 3916 4172 Soellii
3948 4117 4216 4185 auspiciis

2259 4194 2570 4247 instituam
2606 4191 2803 4249 fuerat.

2467 4258 2530 4325 5)
2566 4259 2662 4312 An
2703 4254 2987 4313 Gallasii?

2467 4326 2529 4393 6)
2569 4326 2690 4381 Imo
2743 4327 2854 4379 iam
2906 4339 3084 4378 mense
3129 4324 3324 4398 Aprile
3373 4322 3878 4392 Monsbelqardiam
3929 4321 4216 4375 relicturus

2260 4398 2569 4452 missionem
2606 4411 2642 4449 a
2678 4394 2811 4449 duce
2883 4399 3179 4461 oposcerat,
3214 4399 3265 4448 et
3280 4407 3470 4447 revera
3487 4392 3654 4461 paulo
3670 4396 3800 4460 post
3831 4392 3894 4444 in
3911 4389 4215 4443 Helvetium

2262 4483 2319 4522 se
2352 4465 2594 4541 eontulit
2682 4462 2792 4518 Sed
2830 4410 2972 4516 §aaa
3011 4462 3228 4516 ardicam
3275 4469 3501 4516 vocatus
3546 4466 3598 4515 et
3642 4461 3704 4514 in
3736 4462 3978 4530 qratiam
4011 4456 4214 4526 princi·

2258 4537 2352 4606 pis
2386 4535 2564 4589 denuo
2597 4538 2840 4601 receptus
2873 4547 2939 4585 m.
3007 4528 3401 4585 anmrio1546
3420 4530 3497 4585 ad
3529 4544 3727 4584 munus
3831 4529 4059 4581 ἐπίπαν»
4095 4524 4215 4578 red-

2265 4602 2580 4727 iit.152Vide
2617 4601 2727 4670 Ep.
2767 4600 3020 4670 Myconii
3048 4597 3118 4652 29
3154 4599 3263 4654 Iul.
3300 4596 3452 4653 1545.
3524 4598 3703 4669 Heyd,
3805 4637 3817 4651 .
3865 4595 4053 4652 Ulrich
4086 4591 4212 4648 ΙΙΙ.

4088 3984 4214 4033 tuor
