4825 6175
637 411 758 474 351

632 595 1111 681 imprudentiae
1166 606 1233 662 et
1283 597 1565 681 insignis
1608 596 1956 675 stultitiae,
2017 617 2182 680 quae
2236 597 2384 679 plus
2427 596 2589 661 satis

635 683 809 767 apud
845 684 1180 748 hominem
1219 690 1516 768 regnant.
1606 682 2006 767 Arguendus
2050 684 2176 747 erit
2218 683 2276 748 si
2318 680 2589 746 tandem

630 769 974 853 impetrari
1012 770 1273 851 poterit,
1318 791 1404 835 ne
1447 779 1584 834 tam
1629 770 1867 834 misere
1911 769 2204 851 desipiat.
2286 769 2430 833 Tua
2472 788 2588 833 ex-

632 855 1071 940 postulatione
1114 863 1375 919 tantum
1435 856 1621 921 abest
1677 863 1755 920 ut
1807 853 2132 931 offendar,
2190 862 2264 918 ut
2305 853 2587 938 gratiam

631 941 753 1006 tibi
797 942 1075 1006 habeam
1117 940 1290 1024 quod
1334 940 1641 1006 indicaris
1676 940 2114 1023 imprudentis
2159 949 2469 1017 erratum,
2515 939 2588 1002 111

634 1048 762 1111 quo
818 1029 959 1110 ipse
1017 1048 1270 1110 quoque
1326 1027 1521 1109 culpa
1580 1046 1714 1091 non
1773 1047 1950 1092 vaco.
2051 1025 2224 1089 Nam
2279 1026 2336 1090 si
2391 1023 2587 1107 paulo

632 1115 876 1178 maiore
920 1112 1272 1178 severitate
1315 1122 1453 1177 tam
1488 1110 1710 1177 foedos
1743 1112 1969 1194 lapsus
2003 1112 2418 1194 corriperem,
2465 1111 2585 1174 mi-

632 1220 760 1264 nus
803 1207 1146 1281 peccarent
1200 1198 1311 1282 qui
1370 1219 1475 1262 me
1519 1196 1970 1263 dissimulante
2014 1205 2084 1260 et
2125 1203 2587 1278 praetereunte

634 1293 896 1350 tantum
943 1282 1206 1348 audent.

631 1370 994 1436 Dominum
1039 1372 1161 1435 sim
1208 1391 1407 1452 quam
1463 1370 1575 1452 qui
1633 1368 1910 1452 neglecti
1952 1389 2070 1451 per
2114 1367 2586 1452 negligentiam

630 1478 845 1522 meam
892 1465 1177 1538 peccant.
1266 1454 1471 1519 Faxit
1508 1453 1816 1519 Christus
1851 1463 1927 1518 ut
1970 1454 2180 1537 magis
2225 1452 2401 1537 apud
2447 1473 2585 1517 om-

632 1564 752 1608 nes
798 1541 1086 1606 officium
1129 1541 1377 1604 faciam.
1455 1537 1664 1623 Optas
1708 1539 2018 1623 legationi
2064 1547 2324 1604 nostrae
2341 1542 2396 1618 2)
2441 1559 2587 1603 0110-

636 1646 922 1694 008011111;
971 1638 1158 1709 pater
1200 1626 1498 1692 coelestis
1540 1625 1931 1690 afflictorum
1975 1624 2285 1690 misertus
2330 1646 2366 1689 e
2406 1624 2585 1688 coelo

630 1715 969 1779 intueatur
1026 1721 1095 1776 et
1147 1711 1469 1794 propitius
1524 1721 1860 1777 succurrat
1916 1711 2208 1788 miserie,
2264 1708 2585 1792 siquidem

631 1799 853 1884 gravis
901 1798 1062 1863 haec
1107 1819 1304 1875 crux,
1359 1818 1525 1880 quae
1580 1805 1718 1862 tam
1761 1797 1923 1862 dure
1968 1796 2207 1878 premit
2249 1795 2580 1862 calamito-

634 1906 741 1951 sas
786 1883 1093 1967 reliquias
1138 1904 1174 1947 e
1210 1891 1428 1966 strage
1471 1889 1606 1947 tam
1641 1883 1934 1959 infanda,
1984 1879 2160 1969 [non]
2207 1902 2444 1966 parum
2480 1901 2583 1945 me

632 1972 896 2037 cruciat.
994 1968 1520 2035 Mediomatrices
1577 1970 1664 2051 pii
1722 1969 2060 2051 pelluntur
2123 1970 2256 2031 iam
2325 1967 2505 2031 urbe.
2527 1968 2584 2046 Β)

631 2058 1229 2140 Argentoratenses
1283 2075 1418 2118 non
1471 2055 1681 2119 solum
1740 2055 1821 2118 iis
1878 2075 1996 2136 pro
2048 2053 2281 2135 quibus
2324 2061 2583 2116 oratum

631 2162 1024 2208 veneramus
1082 2140 1401 2205 auxilium
1473 2147 1848 2216 tentarunt,
1917 2139 2031 2203 sed
2104 2139 2261 2220 ipsis
2324 2158 2583 2220 quoque

630 2226 1253 2293 Mediomatricibus.
1359 2228 1483 2301 At,
1540 2237 1616 2290 ut
1673 2225 1898 2302 audie,
1967 2225 2135 2289 nihil
2202 2225 2580 2302 effecerunt,

630 2315 788 2397 quin
832 2323 1182 2396 pergerent
1224 2312 1479 2376 scelesti
1523 2312 1810 2395 tyranni.
1903 2311 2038 2376 Det
2080 2311 2263 2375 Deus
2320 2322 2394 2374 ut
2437 2308 2582 2374 feli-

630 2401 771 2466 cius
813 2397 1052 2464 cadant
1106 2417 1271 2480 quae
1327 2395 1501 2479 apud
1556 2397 1828 2462 Gallum
1887 2393 2152 2460 student
2203 2396 2578 2479 impetrare.

630 2486 743 2551 Illi
785 2483 945 2549 urbe
988 2483 1263 2566 pellunt,
1312 2482 1418 2547 hic
1454 2483 1596 2547 vita
1630 2492 1697 2547 et
1731 2481 2016 2546 fortunis
2052 2481 2288 2563 privat.
2309 2479 2365 2566 ⁴)
2434 2480 2580 2545 Non

631 2582 732 2636 est
787 2568 956 2653 quod
1010 2568 1127 2633 tibi
1186 2589 1412 2633 omnes
1478 2564 1928 2632 commendem
1984 2575 2059 2630 ut
2114 2565 2418 2648 precibus
2472 2586 2582 2631 eos

630 2656 902 2721 adiuves
947 2675 1149 2736 quum
1192 2653 1260 2716 id
1313 2655 1509 2718 facias
1553 2653 1739 2717 seri0.
1836 2652 2196 2716 russanum
2250 2659 2401 2734 opto
2446 2672 2581 2715 non

627 2741 972 2826 praeteriri
1024 2741 1094 2804 in
1141 2741 1273 2803 tuis
1315 2746 1384 2803 et
1425 2737 1819 2820 collegarum
1865 2737 2194 2819 precibus,
2251 2745 2319 2801 et
2375 2737 2581 2803 eccle-

630 2830 795 2894 siam
835 2827 1027 2908 cupio
1072 2846 1190 2907 pro
1233 2845 1309 2888 eo
1349 2843 1555 2900 orare,
1602 2844 1757 2887 nam
1804 2821 2056 2887 laborat
2099 2821 2342 2887 morbo.
2434 2821 2580 2888 Scis

628 2914 863 2979 utilem
907 2931 1048 2976 esse
1092 2909 1308 2974 adhue
1351 2908 1676 2975 ecclesiae.
1743 2907 1869 2972 Isti
1911 2910 2025 2990 qui
2069 2917 2207 2974 tam
2252 2907 2580 2973 delectan-

630 3014 744 3064 tur
799 2998 988 3073 ludis,
1004 2998 1062 3069 ⁶)
1123 2995 1374 3058 utinam
1432 3015 1565 3059 non
1621 2994 1790 3059 serio
1846 2994 2067 3059 dolore
2130 3002 2578 3076 torqueantur.

630 3082 1021 3151 'timendum
1073 3087 1204 3159 est,
1258 3102 1344 3146 ne
1400 3081 1513 3163 qui
1567 3080 1798 3146 alienis
1843 3080 2134 3163 personis
2176 3080 2582 3146 oblectantur

629 3191 831 3254 quum
898 3169 1229 3251 propriam
1308 3168 1377 3231 in
1444 3165 1714 3239 Christo
1777 3165 2059 3232 debeant
2122 3167 2448 3231 sustinere
2509 3167 2581 3230 in

629 3256 810 3322 omni
854 3275 1094 3338 genere
1138 3253 1515 3332 officiorum,
1558 3273 1643 3316 ne
1685 3253 1856 3318 ferre
1890 3261 2213 3336 cogantur
2255 3273 2388 3317 non
2430 3272 2581 3334 per-

580 3350 923 3425 ,sonatos,
991 3339 1106 3422 qui
1160 3339 1424 3421 fingunt
1480 3358 1744 3417 nocere,
1810 3337 1925 3403 sed
1994 3338 2106 3421 qui
2174 3338 2372 3402 nimis
2427 3359 2581 3403 vere

630 3427 948 3494 afflictent
1000 3434 1068 3490 et
1125 3438 1391 3507 angant.
1503 3423 1638 3490 Sed
1694 3425 1843 3507 quis
1905 3424 2173 3489 tandem
2224 3424 2580 3507 perfectam

629 3561 901 3579 .....
920 3514 979 3585 ⁶)
1043 3510 1309 3587 habebit
1366 3510 1664 3592 plebem?
1767 3510 2035 3575 Utinam
2081 3511 2152 3574 in
2195 3509 2386 3575 malis
2429 3530 2578 3592 per-

627 3601 842 3665 sonati
885 3595 1154 3661 tandem
1197 3607 1433 3673 essent,
1479 3618 1601 3662 nec
1637 3595 1883 3679 aliquid
1915 3597 2042 3678 ipsi
2075 3596 2384 3673 facerent,
2432 3605 2578 3660 tan-

628 3692 774 3750 tum
832 3684 1110 3747 aliorum
1168 3691 1431 3763 peccata
1482 3690 2050 3764 repraesentarent
2105 3733 2118 3745 .
2168 3732 2182 3745 .
2230 3732 2245 3746 .
2291 3731 2306 3746 .
2354 3702 2579 3747 omnes

629 3783 708 3836 ea
751 3770 1063 3843 vitarent,
1128 3768 1198 3831 in
1243 3769 1428 3833 bonis
1473 3769 1612 3832 veri
1667 3779 1888 3833 essent
1931 3778 2214 3844 actores,
2268 3767 2402 3831 imo
2445 3768 2577 3833 fac-

626 3866 823 3922 tores.
924 3852 1198 3919 Gaudeo
1285 3854 1565 3918 Viretum
1618 3853 1788 3919 istuc
1856 3862 2236 3932 venturum,
2303 3874 2387 3917 ex
2452 3874 2579 3935 quo

627 3940 850 4007 audies
893 3940 1114 4004 omnia
1156 3959 1321 4020 quae
1376 3941 1436 4003 ei
1479 3939 1910 4022 contigerunt,
1957 3948 2022 4003 et
2065 3958 2214 4003 cum
2258 3959 2334 4003 eo
2378 3938 2578 4021 dispi-

627 4029 758 4093 0108
803 4024 1100 4091 nonnihil
1150 4025 1321 4106 quod
1386 4026 1578 4091 faciat
1621 4025 1701 4089 ad
1749 4024 2192 4089 conciliandos
2237 4044 2466 4088 omnes
2511 4032 2578 4089 et

627 4113 711 4179 ad
755 4111 1173 4178 ecclesiarum
1227 4110 1764 4177 aedificationem.
1863 4111 1976 4175 Me
2035 4110 2327 4174 omnium
2380 4109 2577 4174 facite

627 4199 991 4266 certiorem.
1087 4194 1565 4279 Christoplzorus
1607 4197 1897 4260 Bernam
1945 4196 2135 4278 petiit
2177 4206 2244 4260 et
2284 4196 2453 4260 forte
2496 4196 2574 4259 il-

625 4287 757 4350 linc
801 4284 1224 4347 Lausannam
1274 4297 1341 4346 et
1398 4281 1740 4347 Genevam
1792 4290 1988 4364 petet.
2076 4280 2268 4362 Quod
2326 4282 2384 4347 si
2442 4282 2576 4359 fiat,

627 4371 755 4437 erit
799 4368 959 4432 mihi
1018 4366 1197 4432 lucro
1257 4369 1312 4432 si
1354 4378 1421 4431 te
1465 4389 1616 4433 cum
1677 4367 1885 4431 Vireto
1946 4368 2341 4432 convenerit.
2432 4367 2577 4432 Has

624 4457 900 4522 daturus
957 4474 1135 4517 eram
1190 4454 1252 4518 ei
1305 4454 1415 4535 qui
1471 4474 1710 4536 equum
1773 4452 2014 4518 Franci
2070 4455 2238 4518 istuc
2296 4453 2576 4518 veniens

626 4551 966 4624 empturus
1010 4539 1210 4604 libros
1266 4541 1549 4621 accepit,
1610 4539 1724 4604 sed
1784 4538 1942 4604 dum
1998 4539 2144 4604 aliis
2203 4538 2575 4622 impedirer,

834 4779 892 4847 2)
927 4776 1405 4845 Aryentoratensi,
1438 4794 1545 4846 pro
1582 4776 1777 4833 Gallis.

836 4849 897 4911 3)
937 4846 1026 4901 De
1059 4845 1149 4900 his
1182 4845 1247 4899 in
1279 4846 1529 4914 fontibus
1571 4848 1781 4902 nostris
1826 4846 1969 4901 nihil
2000 4845 2322 4913 reperimus.
2376 4845 2576 4901 Evam

621 4917 919 4989 yelicorim
937 4914 1223 4970 conciones
1241 4914 1355 4970 iam
1389 4934 1444 4971 a.
1484 4916 1619 4972 1543
1661 4916 1987 4971 madidae
2020 4920 2073 4970 et
2105 4921 2288 4970 coetae
2323 4914 2577 4984 dispersi.

627 4987 781 5044 Sane
816 4984 1026 5053 einyzdi
1057 4984 1123 5038 in
1155 4985 1290 5038 wrbe
1333 5001 1617 5040 remanere
1651 4991 1974 5055 potuerant.
2044 4983 2382 5052 Kv'rchhoffer
2407 5000 2468 5053 p.
2510 4984 2579 5037 72

623 5053 1880 5124 laudathoencepistolaminhwncfinem,
1940 5053 2580 5110 undecimn‘lisnotitia

628 5127 794 5182 etiam
826 5124 892 5177 im
928 5122 1153 5178 Perroti
1192 5123 1379 5178 Vitam
1413 5124 1541 5181 MS.
1583 5125 1766 5194 fluxit.

830 5193 890 5258 4)
928 5192 1325 5247 Provinciam.

832 5263 893 5321 5)
931 5261 1010 5317 N.
1044 5261 1167 5342 800,
1201 5266 1316 5318 not.
1350 5262 1404 5317 2.

834 5330 1020 5399 11)οὼ
1052 5336 1105 5387 et
1137 5332 1297 5399 mfra
1331 5333 1529 5389 chana
1561 5331 1809 5388 abacista
1841 5335 1938 5386 est.

1315 1284 1570 1348 Vereor
1628 1304 1712 1346 ne
1765 1282 1915 1365 plus
1971 1281 2346 1366 arguendus
2411 1280 2603 1363 apud

2185 405 2711 475 EPIS'POLAE
2755 410 3095 474 802—806
4515 413 4598 478 352

2691 596 2853 662 abiit
2894 595 3065 662 hinc.
3154 597 3334 680 Ergo
3367 605 3631 680 praeter
3672 617 3858 681 spem
3900 599 4268 664 occurrenti
4312 597 4490 663 dedi:
4522 619 4600 665 011-

2690 682 2799 764 pio
2841 692 2918 747 ut
2959 682 3112 747 boni
3156 682 3476 761 consulas,
3521 682 3636 747 sed
3673 684 3882 767 magis
3917 690 3993 747 ut
4031 682 4198 751 bene
4233 684 4455 751 valeas
4495 707 4601 751 cum

2692 768 2968 851 coniuge
3012 778 3080 833 et
3121 768 3387 852 collegis
3430 769 3752 860 omnibus.
3819 768 4169 834 Neminem
4215 770 4414 836 velim
4459 791 4600 854 prae-

2694 854 3087 919 termissum.
3155 854 3378 920 Nostri
3416 863 3481 919 te
3524 874 3751 920 omnes
3795 855 4089 920 salutant
4131 864 4199 921 et
4241 865 4602 942 symmystas

2693 958 2966 1022 quoque.
3055 939 3365 1006 Neocomi
3418 943 3509 1005 16.
3555 939 3733 1005 Iunii
3790 944 3970 1005 1546.

3731 1077 4034 1143 Farellus
4076 1087 4231 1145 tuus
4273 1087 4471 1145 totus.

3587 1639 3744 1712 8⁰3.

3177 1791 3651 1860 OALVINUS
3696 1793 4151 1861 MYOONIO.

2863 1962 3260 2029 Commendat
3317 1965 3376 2029 ei
3428 1964 3867 2032 adolescentem
3919 1968 4246 2047 quemdam
4290 1969 4615 2036 studiosum

2686 2055 2742 2116 et
2784 2055 2952 2136 optat
2993 2050 3255 2115 certiora
3299 2072 3375 2114 ex
3416 2051 3766 2138 Germania
3806 2054 4052 2119 rescire.

2689 2238 2801 2304 (Ex
2837 2239 3174 2307 autographo
3211 2239 3433 2292 Archiv.
3470 2240 3651 2293 Turio.
3687 2241 3833 2295 Plut.
3866 2240 3963 2294 VI.
4015 2240 4141 2294 Vol.
4177 2240 4277 2295 111
4334 2242 4462 2296 olim
4495 2243 4613 2312 Epp.

2985 2307 3045 2360 Τ.
3086 2307 3181 2360 VI.
3219 2308 3365 2361 Part.
3402 2309 3447 2361 1.
3484 2326 3540 2378 p.
3578 2307 3729 2362 1434.
3802 2308 4016 2362 Simleri
4053 2309 4181 2364 Vol.
4217 2310 4334 2377 60.)

2687 2496 2953 2561 Eximio
3011 2494 3260 2562 Christi
3333 2495 3606 2562 Domini
3672 2498 3882 2563 nostri
3946 2518 4138 2563 servo
4194 2499 4278 2565 D.
4349 2497 4619 2566 Osualdo

2860 2581 3172 2665 Myconio
3231 2582 3538 2648 ecclesiae
3580 2583 3969 2649 Basiliensis
4021 2585 4274 2666 pastori
4329 2586 4515 2651 fratri
4564 2595 4619 2650 et

2858 2675 3262 2752 symmystae
3306 2667 3734 2734 observando.

2858 2803 2928 2869 S.
2975 2804 3107 2868 Hic
3137 2803 3509 2871 adolescens
3546 2806 3724 2888 cupit
3762 2805 3938 2888 apud
3971 2827 4092 2871 vos
4127 2807 4337 2872 literis
4374 2828 4619 2891 operam

2687 2889 2860 2954 dare.
2949 2888 3027 2955 Si
3097 2898 3272 2955 esset
3342 2893 3619 2973 pecunia
3674 2893 4068 2972 instructus,
4133 2893 4306 2958 nihil
4372 2894 4621 2961 haberet

2686 2975 3093 3042 difficultatis
3136 2978 3275 3041 eius
3311 2975 3705 3042 deliberatio.
3773 2976 3910 3043 Sed
3952 2979 4106 3062 quia
4149 3000 4282 3044 non
4327 2988 4427 3045 est
4458 2979 4620 3045 unde

2686 3083 2757 3128 se
2801 3069 2870 3128 et
2910 3062 3128 3127 studia
3171 3084 3293 3128 sua
3331 3064 3539 3146 possit
3573 3064 3917 3143 sustinere,
3966 3085 4199 3131 vereor
4240 3072 4317 3131 ut
4360 3066 4505 3132 istic
4536 3087 4622 3132 re-

2683 3150 2896 3231 periat
2937 3148 3111 3231 quod
3154 3149 3224 3213 in
3268 3150 3560 3214 animum
3603 3150 3881 3215 induxit.
3972 3149 4148 3231 Quia
4189 3158 4412 3218 tamen
4451 3153 4620 3237 inge-

2684 3256 2855 3300 nuae
2897 3233 3138 3299 indolis
3184 3234 3458 3325 videtur,
3504 3244 3570 3300 et
3612 3236 3727 3318 qui
3761 3257 3911 3301 eum
3948 3245 4277 3302 noverunt
4319 3238 4623 3322 optimum

2684 3321 2780 3385 illi
2849 3321 3300 3385 testimonium
3362 3321 3679 3400 reddunt,
3761 3322 3940 3387 nolui
4004 3322 4618 3390 commendationem

2683 3427 2879 3489 quam
2902 3406 3163 3489 petebat
3204 3406 3304 3471 illi
3348 3428 3606 3491 negare.
3673 3408 3889 3473 'Duum
3935 3408 4063 3472 erit
4102 3407 4395 3475 iudicare
4433 3431 4622 3492 quan-

2683 3501 2824 3558 tum
2869 3492 2966 3556 illi
3013 3490 3319 3575 prodesse
3364 3514 3581 3575 queas.
3652 3493 3877 3574 Quum
3918 3495 4043 3559 erit
4083 3492 4295 3561 fidelis
4338 3496 4619 3575 nuncius,

2685 3578 3045 3660 praestabis
3088 3579 3253 3643 mihi
3289 3580 3736 3664 gratissimum
3767 3581 4072 3659 officium,
4117 3578 4200 3646 de
4244 3581 4437 3646 rebus
4459 3580 4620 3646 Ger·

2685 3664 2945 3728 maniae
2973 3662 3019 3748 ¹)
3066 3664 3125 3728 si
3167 3685 3274 3730 me
3316 3666 3543 3732 feceris
3586 3667 3962 3746 certiorem,
4020 3686 4107 3730 110
4151 3687 4410 3749 semper
4447 3666 4617 3732 anxii

2685 3750 3170 3832 exspectatione
3212 3751 3630 3833 pendeamus.
3718 3752 3908 3830 Vale,
3963 3753 4379 3819 ornatissime
4418 3753 4522 3819 vir
4560 3758 4621 3817 et

2682 3835 2886 3900 frater
2928 3836 2999 3899 in
3043 3834 3330 3901 Domino
3382 3837 3740 3918 plurimum
3785 3837 4070 3903 colende.
4158 3838 4482 3904 Dominus
4523 3838 4617 3903 Ie·

2683 3942 2797 3985 sus
2853 3929 2920 3985 te
2985 3929 3053 3986 et
3120 3933 3521 4005 symmystas
3589 3932 3908 4006 perpetuo
3976 3932 4164 4007 regat
4230 3932 4300 3989 et
4371 3944 4615 3991 conser-

2683 4017 2812 4070 vet.
2833 4092 2870 4156 I
2909 4005 3055 4071 Illis
3109 4020 3176 4071 et
3243 4009 3430 4072 uxori
3487 4009 3840 4092 plurimam
3906 4008 4205 4074 salutem.
4320 4012 4616 4076 Genevae

2689 4096 2786 4157 18.
2872 4092 3028 4156 unii.

3599 4231 3885 4296 Ioannes
3921 4229 4243 4298 Calvinus
4283 4239 4448 4299 tuus.

2682 4504 2832 4559 803.
2870 4505 2927 4569 1)
2965 4502 3202 4558 Comitia
3234 4504 3398 4558 nonis
3415 4503 3607 4558 Iumiis
3630 4503 3892 4559 inchoata
3924 4502 4184 4571 sumunt:
4220 4520 4403 4561 verum
4433 4503 4613 4560 omia

2681 4574 2798 4629 iam
2840 4573 3032 4627 bellam
3052 4572 3534 4654 ‘praesayiebavnss
3587 4573 3735 4653 quod
3778 4574 4097 4642 Imperator
4138 4580 4329 4697 (ἔριν-ιε
4367 4572 4611 4644 parabat.

2685 4642 2783 4699 Ex
2815 4642 2905 4698 Ins
2937 4647 3305 4699 convectaram
3338 4642 3578 4710 famame
3611 4657 3762 4698 cta-ca
3795 4659 4010 4698 annam
4045 4641 4146 4697 154
4183 4685 4195 4698 .

4750 3496 4756 3605 A
