4825 6175
635 414 716 478 59
2165 403 2691 474 EPIS'DOLAE
2738 409 3076 476 629—633
4534 414 4611 480 60

630 595 983 678 scripsisse.
1085 593 1222 662 Sed
1265 596 1424 662 dum
1468 596 1591 662 hoc
1643 593 1935 660 indicant
1977 594 2306 678 Tigurini,
2363 599 2573 659 totam

630 682 854 747 Lateri
895 681 1253 748 doctrinam
1311 681 1594 748 reddunt
1648 690 2036 764 suspectam.
2124 680 2233 745 Ita
2274 679 2575 763 pergitur

632 767 790 833 dum
869 767 1144 832 humani
1218 768 1493 834 affectus
1567 775 1880 851 utrosque
1953 766 2237 849 rapiunt.
2354 764 2572 846 Quam

629 862 804 919 esset
855 853 1297 920 necessarium
1352 854 1652 919 ecelesias
1706 873 1931 918 omnes
1983 852 2091 917 hic
2138 873 2325 918 suam
2369 852 2573 915 inter-

628 959 873 1022 ponere
950 940 1365 1005 autoritatem
1441 949 1507 1006 et
1584 938 2050 1003 contendentes
2125 938 2197 1002 in
2274 935 2575 1001 ordinem

629 1046 876 1109 cogere.
981 1023 1310 1107 Cuperem
1362 1036 1427 1090 te
1497 1025 1621 1089 hoc
1687 1044 1915 1088 curare
1978 1032 2056 1087 ut
2120 1025 2289 1089 serio
2347 1041 2575 1087 omnes

630 1110 1002 1176 hortareris.
1094 1109 1275 1191 Quid
1320 1107 1584 1176 tandem
1629 1112 1761 1187 fiet,
1807 1109 1864 1174 si
1918 1110 2229 1192 utrinque
2288 1107 2576 1172 insanire

629 1196 725 1260 ita
766 1195 1002 1262 liceat?
1092 1196 1292 1275 Vale,
1348 1205 1415 1260 et
1472 1197 1570 1260 tui
1626 1216 1853 1261 omnes
1908 1215 2069 1277 quos
2123 1194 2337 1259 salvos
2402 1201 2572 1274 opto.

628 1280 855 1348 Nostri
895 1281 1013 1347 tibi
1056 1279 1337 1348 salutem
1360 1282 1603 1347 dicunt.
1669 1281 1976 1347 Neocomi
2012 1287 2070 1344 4.
2098 1279 2349 1368 Aprilis
2392 1281 2575 1341 1545.

1877 1417 2187 1482 Farellus
2231 1425 2402 1481 tuus.

1524 1961 1675 2034 630.

1156 2098 1561 2166 VIRETUS
1607 2096 2042 2166 OALVINO.

803 2274 1056 2339 Idterae
1076 2271 1603 2338 commendatitiae
1623 2269 1718 2336 vel
1737 2270 1954 2351 potius
1996 2269 2578 2335 commendationem

631 2364 970 2442 expetentes
1003 2357 1334 2423 cuiusdam
1375 2377 1419 2421 a
1468 2355 1920 2421 Genevensibus
1969 2355 2057 2420 ad
2092 2355 2576 2420 Lausannenses

628 2465 830 2530 nuper
866 2443 1258 2526 traozeyressi,
1301 2442 1482 2509 ouius
1523 2462 1746 2507 nomen
1775 2462 1901 2521 pro
1939 2460 2107 2505 more
2150 2444 2400 2506 tacetur.

926 2614 1039 2680 (Ex
1072 2613 1409 2682 autographo
1442 2610 1575 2666 ood.
1612 2611 1813 2666 Gener.
1849 2610 1992 2664 111⁸,
2019 2611 2112 2668 fol.
2150 2608 2290 2678 139.)

802 2801 1142 2887 Singulari
1233 2800 1600 2866 eruditione
1686 2821 1761 2865 ac
1836 2800 2079 2883 pietate
2156 2796 2571 2864 ornatissimo

627 2889 859 2956 Ioanni
918 2888 1195 2954 Calvino
1251 2886 1559 2953 ecclesiae
1615 2885 2029 2952 Genevensis
2098 2886 2343 2967 pastori
2403 2884 2572 2968 vigi-

628 2975 994 3041 lantissimo
1033 2996 1108 3040 ac
1150 2975 1338 3038 fratri
1380 2993 1525 3037 meo
1567 2992 1762 3054 quam
1804 2970 2158 3037 carissimo.

2066 3090 2397 3156 Genevae.

802 3248 873 3315 S.
918 3248 1049 3315 Hic
1110 3249 1313 3312 frater
1366 3243 1538 3328 apud
1597 3266 1717 3310 nos
1769 3244 2093 3327 quaesivit
2135 3244 2573 3311 conditionem

629 3336 947 3419 aliquam,
1007 3333 1087 3398 de
1141 3354 1266 3416 quo
1322 3331 1692 3397 audivimus
1753 3332 1961 3396 multa
2013 3351 2179 3414 quae
2245 3340 2573 3396 testantur

629 3421 959 3488 hominem
1017 3418 1192 3502 apud
1247 3416 1688 3482 Divionenses
1742 3437 1811 3482 se
1865 3425 2132 3481 strenue
2179 3418 2461 3500 gessisse
2499 3417 2572 3481 in

628 3508 891 3591 negotio
912 3505 1198 3570 Domini.
1268 3501 1344 3568 Si
1366 3525 1473 3568 res
1496 3503 1591 3567 ita
1624 3501 1821 3567 habet
1864 3522 1997 3567 non
2033 3504 2212 3570 visus
2252 3511 2353 3567 est
2386 3501 2573 3567 nobis

630 3592 870 3675 dignus
926 3591 1113 3655 cuius
1168 3586 1351 3653 nulla
1407 3587 1763 3653 haberetur
1831 3589 2014 3654 ratio.
2114 3590 2210 3654 At
2308 3588 2572 3653 uoniam

626 3675 815 3743 nobis
890 3696 1023 3740 non
1089 3675 1249 3740 satis
1316 3683 1573 3738 constat
1636 3696 1828 3757 quam
1892 3696 2052 3739 vera
2122 3675 2210 3740 sit
2329 3673 2570 3751 'storia,

624 3760 926 3846 quamvis
962 3759 1234 3825 testibus
1276 3781 1408 3825 non
1453 3772 1699 3837 careat,
1760 3772 1826 3825 et
1878 3760 2084 3842 ipsius
2136 3767 2419 3825 matrem
2464 3760 2572 3825 hic

625 3846 1088 3926 audiverimus,
1133 3845 1303 3910 nihil
1346 3844 1674 3911 voluimus
1697 3854 1939 3911 temere
1977 3852 2249 3910 tentare.
2326 3845 2574 3910 Attulit

625 3932 739 4000 1116
795 3931 1059 4017 quidem
1108 3930 1337 3997 literas
1389 3931 1614 3996 classis
1673 3930 1980 3996 Gaicnsis
2037 3940 2149 3994 aut
2192 3930 2570 3996 Terniensis

627 4019 712 4085 ad
761 4020 1149 4097 BeruenseS,
1211 4026 1327 4083 aut
1379 4018 1596 4101 potius
1659 4017 1955 4081 libellum
2026 4015 2387 4100 supplicem
2444 4038 2570 4099 quo

625 4104 725 4170 illi
765 4104 1000 4169 fratres
1035 4103 1340 4187 petebant
1369 4102 1806 4169 conditionem
1842 4102 2128 4184 aliquam
2163 4106 2232 4165 in
2268 4122 2396 4185 qua
2432 4100 2570 4166 ludi

625 4190 1017 4276 magistrum
1063 4198 1304 4273 ageret.
1404 4186 1540 4254 Sed
1584 4209 1783 4270 quum
1836 4188 1979 4270 ipse
2017 4187 2240 4252 literas
2283 4187 2458 4270 apud
2501 4209 2572 4252 66

626 4275 896 4354 habeat,
956 4296 1087 4339 non
1140 4296 1302 4358 opus
1358 4283 1461 4339 est
1516 4283 1595 4338 ut
1648 4272 1945 4356 pluribus
2002 4271 2082 4338 de
2136 4273 2219 4338 iis
2275 4273 2448 4356 apud
2508 4281 2572 4338 te

627 4381 838 4444 agam.
945 4360 1119 4425 Nam
1182 4361 1239 4425 si
1290 4359 1512 4444 legere
1580 4360 1759 4425 voles
1816 4358 2050 4424 licebit.
2150 4358 2300 4425 Hoc
2357 4357 2571 4423 solum

625 4467 746 4512 nos
799 4454 1169 4511 remoratur
1184 4496 1201 4523 ,
1261 4444 1428 4527 quod
1482 4444 1664 4510 nullo
1718 4445 1979 4509 venerit
2030 4452 2254 4510 vestro
2313 4443 2395 4510 ad
2454 4466 2573 4511 nos

623 4532 999 4598 testimonio
1056 4531 1576 4610 commendatus,
1633 4531 2016 4614 praesertim
2083 4551 2282 4612 quum
2348 4541 2574 4595 narret

626 4639 697 4684 se
735 4617 977 4682 multos
1021 4637 1279 4681 menses
1323 4617 1471 4683 istic
1511 4618 1739 4700 egisse.
1843 4616 2201 4695 Miramur,
2256 4617 2315 4681 si
2370 4616 2429 4681 is
2473 4623 2573 4682 est

626 4703 741 4787 qui
784 4700 1041 4781 dieitur,
1089 4701 1244 4785 quid
1288 4700 1455 4768 obsti
1463 4704 1615 4767 terit
1671 4702 2019 4784 quominus
2071 4702 2381 4767 maiorem
2433 4703 2572 4767 eius

626 4789 950 4857 rationem
1005 4787 1387 4855 habueritis.
1487 4789 1624 4852 Aut
1679 4787 1866 4852 vobis
1907 4809 2043 4854 non
2087 4788 2400 4866 innotuit,
2459 4796 2573 4853 aut

849 4875 976 4938 iter
1019 4894 1059 4938 a
1102 4873 1286 4939 vobis
1325 4878 1740 4955 contemptus
1784 4880 1902 4952 est,
1964 4880 2080 4939 ant
2122 4872 2368 4957 aliquid
2410 4872 2575 4939 latet

844 4960 1055 5044 magis
1097 4958 1504 5042 suspicamur
1546 4980 1744 5042 quam
1785 4958 2250 5044 intelligamus.
2337 4958 2572 5025 Nescio

626 5064 713 5108 an
758 5065 833 5109 eo
874 5046 961 5110 sit
1001 5044 1248 5128 pudore
1292 5053 1366 5109 ut
1407 5065 1529 5110 vos
1564 5066 1696 5110 non
1732 5044 1930 5110 fuerit
1967 5066 2164 5110 ausus
2185 5044 2572 5110 familiarius

626 5129 917 5214 aggredi.
1024 5131 1197 5197 Nam
1258 5131 1314 5196 si
1380 5130 1530 5197 istic
1596 5151 1728 5196 non
1784 5138 1981 5196 notus
2040 5137 2170 5208 est,
2247 5151 2571 5211 nusquam

627 5216 841 5281 notior
894 5237 1037 5282 esse
1090 5216 1353 5301 poterit.
1452 5215 1562 5281 Da
1613 5216 1816 5300 igitur
1872 5234 2137 5299 operam
2207 5222 2284 5280 ut
2335 5216 2574 5280 fratres

624 5300 1002 5387 intelligant
1042 5302 1299 5387 qualem
1346 5323 1417 5367 se
1461 5302 1736 5387 gesserit
1773 5302 1946 5384 apud
1984 5323 2116 5381 vos,
2160 5310 2228 5366 et
2260 5320 2456 5384 quam
2494 5298 2574 5365 de

626 4896 733 4939 ms

627 4980 714 5043 qu

2675 616 2751 661 eo
2811 615 2995 679 spem
3048 598 3490 681 conceperitis.
3581 595 3784 678 Quod
3842 599 3897 663 si
3951 598 4134 665 vobis
4176 598 4470 665 nondum
4523 600 4614 666 ita

2675 682 2963 747 innotuit
3000 695 3079 747 ut
3121 686 3283 749 certi
3326 681 3570 768 aliquid
3615 682 3694 749 de
3738 705 3813 749 eo
3860 686 4085 750 testari
4127 686 4407 768 possitis,
4466 684 4612 751 date

2675 787 2942 849 operam
2986 775 3063 833 ut
3102 769 3469 851 inquiratur
3511 768 3591 835 de
3634 771 3774 836 eius
3814 770 3957 835 vita
3988 778 4056 836 et
4109 771 4402 838 moribus
4446 771 4615 855 apud

2677 873 2788 917 eos
2843 853 2957 935 qui
3013 853 3343 919 hominem
3394 856 3678 937 penitius
3752 863 4011 921 norunt.
4115 856 4290 922 Nam
4359 855 4443 922 ad
4498 878 4614 924 vos

2677 939 3052 1003 remisimus
3094 947 3166 1004 ut
3210 939 3471 1022 aliquod
3504 956 3796 1006 vestrum
3842 942 4289 1009 testimonium
4334 943 4614 1022 afferret,

2680 1045 2814 1088 non
2839 1024 3078 1105 privati
3102 1025 3395 1104 alicuius,
3439 1047 3523 1091 ne
3551 1025 3707 1109 quid
3746 1028 4134 1110 suspicionis
4160 1030 4232 1092 in
4254 1028 4619 1112 aliquorum

2682 1109 2917 1175 animis
2951 1109 3446 1193 relinqueretur,
3484 1111 3598 1177 sed
3634 1134 3673 1177 a
3709 1120 3846 1178 toto
3881 1121 4100 1179 vestro
4134 1121 4351 1180 coetu:
4391 1136 4620 1197 quam·

2683 1196 2782 1261 vis
2827 1194 2994 1259 nihil
3039 1198 3098 1259 ei
3144 1196 3227 1262 ad
3274 1219 3390 1263 vos
3446 1197 3783 1263 literarum
3839 1198 4242 1277 dederimus,
4288 1201 4444 1282 quia
4499 1219 4624 1265 nec

2682 1282 2871 1363 petiit
2915 1281 3072 1365 ipse,
3120 1303 3241 1348 nec
3286 1284 3472 1349 venit
3512 1284 3584 1347 in
3627 1292 3915 1349 mentem
3970 1306 4171 1368 quum
4230 1284 4311 1350 de
4377 1306 4454 1350 eo
4509 1284 4617 1350 de-

2680 1368 3126 1433 liberaremus.
3224 1368 3514 1434 Proinde
3572 1368 3767 1435 huius
3821 1379 3886 1434 te
3945 1371 4126 1436 volui
4194 1370 4620 1449 admonitum,

2679 1463 2756 1516 ut
2797 1454 2853 1519 si
2896 1452 3227 1517 hominem
3271 1453 3518 1521 iudicas
3552 1455 4111 1521 commendatione
4145 1456 4437 1541 dignum,
4483 1457 4621 1522 eius

2681 1558 2942 1604 causam
2997 1559 3155 1623 agas
3210 1539 3385 1622 apud
3436 1540 3675 1606 fratres
3688 1592 3705 1619 ,
3761 1547 3838 1606 ut
3888 1541 4115 1608 redeat
4156 1541 4357 1625 digno
4400 1541 4619 1625 aliquo

2681 1624 3055 1690 testimonio
3098 1626 3604 1704 commendatus,
3650 1627 3708 1693 si
3750 1626 3990 1711 dignus
4036 1637 4137 1692 est
4194 1628 4304 1712 qui
4354 1648 4393 1692 a
4435 1628 4621 1693 nobis

2680 1710 3083 1793 principibus
3127 1712 3633 1777 commendetur.
3723 1713 3910 1779 Haec
3953 1712 4276 1777 duntaxat
4317 1713 4389 1777 in
4434 1733 4622 1796 prae-

2681 1817 2833 1862 sens
2897 1796 2978 1859 ad
3045 1806 3113 1860 te
3183 1797 3466 1863 scribere
3531 1797 3739 1877 volui,
3808 1808 3883 1863 nt
3952 1798 4281 1864 hominem
4346 1798 4622 1865 haberes

2682 1881 3206 1947 commendatum
3223 1935 3238 1959 ,
3296 1892 3618 1966 quatenus
3677 1904 3958 1967 aequum
4014 1883 4325 1950 iudicaris
4382 1905 4459 1950 ac
4513 1894 4623 1950 tuo

2683 1968 2894 2032 officio
2950 1966 3240 2050 dignum.
3353 1969 3635 2052 Reliqua
3690 1969 3920 2034 differo
3973 1971 4045 2034 in
4089 1990 4311 2034 meum
4361 1970 4448 2034 ad
4506 1989 4625 2035 vos

2680 2051 3053 2129 adventum,
3100 2055 3286 2118 cuius
3327 2053 3500 2120 diem
3543 2056 3984 2138 praescribere
4038 2077 4170 2120 non
4229 2075 4500 2137 possum
4546 2054 4624 2121 ob

2681 2138 2868 2205 varia
2935 2139 3195 2221 negotia
3262 2140 3497 2221 quibus
3564 2162 3829 2225 urgeor:
3906 2141 4296 2224 praesertim
4353 2149 4626 2225 propter

2680 2224 2907 2289 classis
2987 2232 3390 2290 conventum
3466 2247 3657 2309 quem
3739 2247 3964 2292 sumus
4054 2224 4345 2291 habituri
4434 2228 4627 2292 tertio

2678 2308 2994 2374 Mercurii
3050 2308 3154 2374 die
3206 2309 3406 2375 huius
3464 2313 3728 2378 mensis.
3833 2311 4069 2378 Saluta
4125 2311 4515 2379 domesticos
4563 2318 4627 2377 et

2676 2394 2963 2477 reliquos
3005 2395 3264 2462 amicos.
3369 2396 3592 2462 Nostri
3648 2406 3714 2461 te
3756 2417 3983 2463 omnes
4034 2396 4341 2462 salutant.
4433 2398 4620 2464 Vale.

2677 2481 3073 2545 Lausannae
3109 2488 3167 2546 4.
3213 2480 3467 2564 Aprilis
3518 2487 3697 2548 1545.

3810 2619 3991 2683 'I'uus
4034 2619 4110 2685 P.
4159 2619 4449 2685 Viretus.

3578 3129 3724 3202 631.

3059 3266 3544 3369 MYoougus
3589 3267 4224 3335 BULLINGERO.

2853 3437 3186 3505 Certiorem
3227 3459 3367 3503 eum
3411 3440 3568 3521 facit
3608 3439 3683 3504 de
3723 3440 3813 3505 iis
3854 3459 4015 3520 quae
4058 3459 4261 3521 nuper
4293 3461 4336 3506 a
4362 3439 4622 3507 Calvino

2675 3527 3112 3692 mepsstem
3152 3524 3433 3590 Genevae
3467 3546 3510 3591 a
3542 3524 3823 3606 veneficis
3855 3529 4061 3589 satam
4085 3532 4622 3618 propayctamque

2676 3783 2787 3849 (Ex
2835 3780 3168 3852 autographo
3202 3780 3344 3834 Bibl.
3392 3781 3541 3835 civis.
3585 3781 3763 3835 Turio.
3811 3780 3961 3837 MSS.
4007 3782 4069 3835 F.
4105 3781 4231 3836 Vol.
4264 3780 4333 3835 62
4370 3784 4501 3836 olim
4536 3781 4620 3851 27,

3197 3849 3287 3902 fol.
3325 3847 3444 3903 387.
3481 3877 3545 3887 —
3583 3849 3778 3905 Simlsr
3813 3848 3937 3905 vol.
3973 3849 4084 3917 57.)

2674 4039 2758 4104 D.
2814 4037 3176 4104 Heinricho
3228 4036 3615 4123 Bullingero
3670 4038 3813 4104 viro
3873 4037 4247 4105 doctissimo
4307 4041 4617 4106 ecclesiae

2674 4125 3139 4208 Tigurinorum
3192 4123 3471 4188 antistiti
3526 4122 3787 4274 domdno
3843 4146 3958 4191 suo
4001 4126 4070 4189 in
4116 4123 4376 4189 Christo
4421 4146 4617 4191 vene·

2695 4238 2700 4243 ·
3541 4231 3659 4275 ran
3706 4231 3761 4275 o.

2846 4428 3130 4514 Scripsit
3173 4439 3511 4518 praeterea
3553 4429 3639 4495 D.
3691 4428 3991 4498 calmum
4046 4436 4145 4496 27.
4193 4432 4422 4498 Martii
4458 4430 4615 4499 anni

2675 4515 2892 4594 huius,
2917 4520 2965 4594 ¹)
3024 4517 3342 4584 detectam
3399 4539 3540 4584 esse
3599 4516 3827 4583 diebus
3887 4518 4328 4601 superioribus
4394 4517 4616 4584 coniu-

2674 4602 2995 4667 rationem
3039 4605 3331 4669 virorum
3374 4612 3441 4669 et
3474 4602 3826 4668 mulierum
3862 4605 3978 4686 qui
4012 4604 4309 4687 proximo
4333 4602 4615 4671 triennio

2675 4695 2925 4772 pestem
2995 4689 3065 4752 in
3136 4689 3295 4755 urbe
3360 4688 3634 4755 Geneva
3701 4689 4062 4771 sparserint
4109 4690 4328 4756 nescio
4377 4686 4615 4775 quibus

2674 4774 3025 4839 veneficiis.
3143 4774 3233 4838 Et
3295 4795 3495 4857 quum
3559 4773 3693 4838 iam
3758 4784 4029 4840 exustae
4110 4776 4246 4840 sint
4310 4776 4613 4842 mulieres

2677 4858 3048 4943 quindecim
3066 4911 3083 4938 ,
3145 4859 3268 4925 viri
3323 4859 3568 4943 aliquot
3626 4860 3909 4926 atrocius
3953 4860 4132 4944 plexi
4149 4912 4164 4938 ,
4225 4861 4489 4943 quidam
4545 4859 4612 4921 in

2675 4965 2933 5011 carcere
2978 4945 3103 5011 sibi
3143 4952 3423 5011 mortem
3455 4945 3898 5011 consciverint
3917 4958 3984 5011 et
4006 4947 4247 5031 captivi
4268 4954 4613 5012 teneantm⁸

2675 5028 2890 5096 adhuc
2925 5053 3079 5109 Ην,
3125 5051 3259 5095 666
3303 5036 3528 5097 tamen
3571 5032 3928 5116 unguentis
3972 5033 4110 5099 suis
4146 5030 4400 5098 illinere
4436 5048 4612 5097 seius

2676 5114 3016 5182 domorum
3062 5115 3380 5182 desinant.
3484 5115 3599 5185 Sic
3650 5118 3825 5183 enim
3867 5116 4248 5185 intoxicatio
4305 5119 4476 5183 facta
4514 5121 4608 5181 est

2709 5320 2844 5375 081.
2885 5322 2940 5386 1)
2979 5322 3052 5378 N.
3086 5318 3203 5376 627.
