4825 6175
629 407 757 475 315

628 593 840 662 fusius
882 592 1114 694 egisse,
1158 597 1236 658 ut
1276 590 1577 676 pluribus
1618 613 1753 657 non
1809 591 1901 657 sit
1940 612 2120 676 opus.
2208 589 2436 657 Unum
2479 597 2581 657 est

671 680 804 746 uod
844 679 995 744 istic
1038 684 1195 762 puto
1227 676 1495 745 rescirio
1539 687 1811 761 portere.
1880 674 2307 760 Oompotores
2327 675 2581 741 Prioris

709 774 936 832 ortuae
978 785 1203 847 aquae,
1231 765 1279 839 ¹)
1339 763 1451 846 qui
1491 764 1615 828 fuit
1668 762 2072 847 aliquamdiu
2124 763 2269 828 istic
2311 763 2384 826 in
2427 762 2579 827 vin-

632 850 799 917 culis
842 850 924 917 ob
966 871 1078 917 aes
1121 848 1295 932 quod
1330 856 1516 932 pater
1548 850 1962 926 conflaverat,
2008 848 2382 915 inviserunt
2423 857 2580 912 ante

632 936 775 1004 dies
817 937 1067 1020 aliquot
1108 935 1415 1001 insanum
1447 934 1634 999 illum
1667 934 1970 1000 Priorem
2015 944 2087 1000 ut
2131 933 2435 1000 ebrietati
2476 934 2577 997 in-

631 1022 1006 1107 dulgerent:
1067 1018 1240 1104 quod
1297 1020 1452 1085 dum
1504 1020 1758 1086 faciunt
1810 1019 2163 1087 nebulones
2215 1021 2465 1085 iactant
2507 1040 2577 1085 se

631 1109 1038 1194 provinciam
1079 1106 1320 1173 habere
1362 1105 1625 1190 legendi
1669 1106 1930 1186 milites,
1947 1109 2005 1184 ²)
2060 1113 2299 1172 vocant
2337 1105 2580 1170 multos

630 1197 744 1278 qui
785 1194 1057 1260 nomina
1099 1193 1274 1271 dant,
1319 1200 1389 1258 et
1430 1192 1753 1275 recipiunt
1784 1213 1855 1258 se
1889 1202 2199 1258 venturos
2234 1190 2582 1257 Genevam

631 1290 709 1346 ut
750 1280 886 1346 sint
926 1277 1268 1362 praesidio.
1356 1276 1502 1343 Hoc
1543 1299 1747 1360 quum
1787 1277 2004 1362 palam
2049 1279 2137 1342 sit
2175 1285 2395 1343 actum
2440 1297 2579 1341 mo·

632 1366 733 1433 vit
774 1368 890 1451 (ne
935 1364 1187 1447 dubita)
1233 1384 1363 1429 non
1414 1383 1650 1447 paucos
1709 1363 1879 1446 quod
1923 1385 2006 1430 ex
2048 1363 2397 1448 pontificiis
2443 1362 2576 1428 Ge-

631 1471 804 1518 neva
841 1452 1019 1517 viros
1062 1451 1187 1516 sibi
1230 1462 1516 1532 quaerat.
1586 1449 1688 1513 'Pu
1723 1469 1842 1532 pro
1887 1460 2002 1514 tua
2043 1448 2394 1533 prudentia
2438 1448 2577 1512 effi-

633 1558 782 1604 cere
823 1537 1070 1620 poteris
1114 1544 1191 1601 ut
1232 1533 1544 1601 eiusmodi
1589 1545 1906 1618 cogantur
1939 1536 2010 1600 in
2045 1534 2360 1612 ordinem,
2405 1541 2474 1600 et
2507 1541 2580 1597 ut

633 1623 683 1689 ii
725 1624 837 1707 qui
881 1621 1379 1688 offendebantur
1429 1619 1829 1704 intelligant,
1887 1620 2054 1686 nihil
2111 1620 2332 1685 minus
2387 1639 2579 1684 cura-

634 1716 778 1774 tum
840 1709 1040 1774 fuisse
1104 1728 1300 1792 quam
1363 1705 1534 1789 quod
1600 1716 1816 1773 actum
1874 1706 2002 1771 fuit
2056 1707 2318 1771 nomine
2373 1703 2575 1769 urbis.

633 1792 806 1861 Vale
847 1794 1030 1868 bene,
1075 1803 1143 1859 et
1185 1804 1397 1858 tecum
1456 1792 1552 1856 tui
1595 1812 1853 1872 omnes,
1959 1792 2261 1875 raecipue
2303 1790 2415 1874 qui
2454 1790 2576 1856 mi·

635 1880 918 1946 nistrant
959 1880 1032 1944 in
1076 1878 1291 1945 verbo.
1374 1876 1686 1943 Neocomi
1739 1883 1831 1943 15.
1954 1879 2105 1944 artii
2156 1882 2335 1943 1546.

1669 2013 1975 2080 Farellus
2018 2023 2170 2081 tuus
2209 2021 2402 2081 totus.

1527 2545 1682 2615 78⁰.

1079 2698 1609 2769 GALLASIUS
1652 2696 2140 2765 FALLESIO.

803 2871 1098 2955 Epistola
1138 2872 1522 2940 dedicatoria
1573 2870 1942 2952 praemissa
2005 2867 2277 2934 versioni
2342 2868 2581 2935 latinae

625 2959 1065 3112 5322?st
1113 2957 1362 3026 Caluini
1418 2959 1717 3023 adversus
1759 2954 2216 3036 Anabaptistas
2260 2959 2319 3019 et
2361 2954 2580 3020 Liber-

652 3216 1053 3286 Descripsimus
1102 3231 1218 3269 cam
1266 3215 1324 3268 in
1363 3214 1766 3283 Prolegomenis
1803 3211 1929 3266 Vol.
1965 3210 2085 3265 VII.
2123 3227 2243 3281 pag.
2278 3211 2364 3265 26.
2434 3212 2577 3265 Data

628 3291 717 3341 est
749 3285 935 3340 Idibus
953 3285 1167 3339 Martiis
1199 3281 1964 3421 lbffimztui'umgvptimbis:
2007 3277 2158 3349 Quae
2190 3283 2436 3337 rationes
2455 3280 2575 3336 Gal-

1401 3627 1804 3638 μ

1527 3842 1670 3914 781.

1077 3998 1550 4067 OALVINUS
1594 3998 2129 4068 THEODORO.

795 4176 952 4260 Ayu
993 4174 1267 4240 maxime
1309 4172 1385 4238 de
1427 4174 1567 4238 suis
1621 4173 1691 4236 in
1733 4173 1996 4239 articulo
2038 4172 2114 4237 de
2154 4192 2342 4238 coena
2383 4171 2574 4237 eluci-

622 4262 828 4329 dando
870 4262 1056 4327 editis
1095 4259 1299 4326 variis
1341 4258 1867 4325 lucubratimzibus
1908 4264 1964 4325 et
2005 4258 2393 4324 concordiam
2436 4277 2577 4322 cum

624 4348 897 4415 Luthero
940 4352 994 4412 et
1034 4344 1476 4411 Turio-ensibus
1518 4346 1577 4410 si
1612 4346 1757 4425 fieri
1789 4346 1994 4427 possit
2035 4345 2372 4410 ineundam
2415 4344 2575 4410 votis

622 4436 764 4502 suis
793 4433 1219 4517 prosequitur.
1309 4431 1514 4497 Addit
1556 4432 1861 4514 quaedam
1894 4431 2175 4515 politica.

644 4704 785 4760 ⁷¹79.
825 4708 877 4770 1)
917 4704 1123 4774 Aiyues
1153 4702 1362 4756 Mortes
1384 4704 1640 4772 oppidum
1676 4709 1756 4757 est
1776 4702 1902 4756 olim
1937 4702 2195 4758 celebrius
2264 4720 2390 4758 uam
2424 4719 2573 4759 nunc

623 4776 687 4831 iu
724 4775 1021 4828 Provincia
1055 4789 1167 4827 non
1208 4773 1404 4841 procul
1453 4790 1489 4826 a
1528 4773 1791 4827 Massilia
1834 4774 2013 4826 situm.
2084 4771 2174 4825 De
2317 4775 2325 4784 '
2387 4788 2416 4825 e
2464 4772 2570 4826 isto

624 4844 848 4899 alinande
881 4844 1038 4897 uobis
1071 4858 1183 4896 non
1216 4848 1443 4896 constat.

829 4910 890 4979 2)
925 4911 1048 4966 Hoc
1081 4912 1203 4979 ipso
1239 4917 1486 4977 tempore,
1523 4913 1719 4963 utiam
1754 4914 1933 4975 avatea,
1968 4910 2120 4962 varii
2149 4925 2395 4964 rumores
2410 4925 2567 4977 spar-

618 4981 904 5051 oebantur‚
938 4980 1097 5034 modo
1141 4980 1206 5033 de
1244 4978 1501 5033 Caesaris
1534 4984 1583 5032 et
1619 4978 1998 5044 Hispanorum
2032 4977 2193 5032 modo
2226 4978 2294 5032 de
2327 4978 2569 5032 Beruen-

623 5052 766 5105 siun
813 5055 1008 5104 contra
1059 5048 1328 5103 Genavam
1381 5048 1620 5101 insidiis.
1705 5047 1858 5101 Haec
1902 5049 2087 5100 omnia
2131 5046 2285 5111 falsa
2327 5052 2379 5101 et
2423 5064 2571 5101 vana

618 5119 797 5184 fuisse
829 5124 1051 5172 eventus
1084 5118 1500 5180 demonstrauit,
1550 5116 1695 5186 quod
1737 5118 1899 5171 etiam
1948 5115 2129 5182 pridie
2174 5115 2316 5169 Idus
2352 5116 2572 5181 Martii,

527 5233 537 5244 .
619 5187 838 5256 foedere
882 5190 1159 5241 deitatum
1205 5190 1348 5240 inter
1393 5187 1606 5241 vicinas
1647 5185 1751 5240 has
1794 5185 2130 5253 reepubzicas
2173 5193 2456 5253 renovato,
2501 5187 2570 5240 ab

623 5258 820 5381 &0582
838 5258 1187 5392 >affirmatum
1244 5256 1420 5310 altera
1462 5272 1567 5324 pro
1614 5270 1742 5309 vero
1785 5259 1836 5308 ct
1887 5260 2015 5308 rato
2056 5255 2276 5323 accepit.
2348 5253 2568 5323 (Roqet.

616 5340 676 5397 p.
821 5364 834 5378 .

2180 398 2711 475 EPIS'JROLAE
2758 406 3097 471 779—783
4500 408 4585 470 316

2684 590 2881 654 (Manu
2914 591 3173 661 scriptam
3206 591 3405 645 alicubi
3439 595 3653 646 exstare
3688 607 3797 645 non
3829 590 4160 645 rescivimus.
4231 591 4452 647 simleri
4485 592 4589 647 enm

2682 677 2715 712 a
2787 660 3035 729 graphon
3070 661 3190 715 Vol.
3226 658 3293 714 59
3329 660 3414 713 sui
3447 660 3690 713 thesauri
3722 661 3987 713 insertum
4024 659 4320 729 repetitum
4355 666 4443 716 est
4477 678 4528 715 ex
4545 662 4587 716 R

2739 729 2975 782 ommelii
3011 729 3405 783 Semicenturia
3432 728 3505 785 11.
3542 729 3629 798 Ep
3672 771 3683 781 .
3719 730 3891 783 celeb.
3929 729 4170 782 virorum
4205 728 4359 784 Sacc.
4392 730 4525 785 XVI.
4549 736 4590 784 et

2683 796 2865 851 XVII.
2907 796 3054 851 1780.
3090 798 3159 851 N.
3193 797 3339 852 xm.
3418 839 3428 849 .
3463 796 3549 851 39.
3669 798 3725 850 ui
3771 804 3954 851 tamen
4000 797 4088 850 vir
4133 796 4321 853 doctus
4368 799 4487 869 ipse
4511 800 4590 854 for·

2683 867 2844 919 tassis
2879 882 2947 920 ex
2966 867 3143 920 Besae
3180 814 3477 935 exempiisri
3512 884 3561 919 a.
3590 865 3727 920 1575
3759 883 3878 920 sum
3919 868 3991 920 sit
4026 866 4315 936 epistolam
4351 885 4507 936 quam
4534 869 4589 921 ibi

2684 934 2753 987 ad
2786 935 2987 989 calcem
3023 935 3313 991 voluminis
3361 953 3394 988 a
3442 942 3469 988 t
3547 950 3681 1000 ogra
3717 935 3789 989 ho
3904 936 4077 989 ditem
4127 937 4360 1006 reperiri
4394 937 4590 991 diximus

2682 1019 2848 1073 supra
2884 1004 2941 1058 iu
2975 1003 3226 1073 Prolegg.
3264 1002 3334 1057 X.
3371 1021 3423 1074 p.
3494 1044 3506 1056 .
3542 1021 3594 1074 p.
3632 1004 3662 1056 1
3702 1045 3714 1057 .
3786 1005 3996 1074 Angla:
4027 1004 4197 1059 habet
4231 1005 4293 1060 Τ.
4328 1006 4407 1060 11.
4444 1022 4494 1076 p.
4507 1003 4591 1073 25.)

2683 1187 3122 1256 ornatissimo
3207 1191 3348 1255 viro
3425 1190 3511 1256 D.
3592 1190 3750 1257 Vito
3826 1189 4166 1256 Theodoro
4250 1192 4594 1260 fidelissimo

2855 1274 3109 1342 Christi
3152 1276 3424 1341 Domini
3483 1277 3694 1343 nostri
3748 1277 4052 1343 ministro
4103 1278 4293 1344 fiatri
4337 1288 4410 1345 et
4452 1300 4593 1364 sym-

2854 1370 3108 1445 mystae
3144 1361 3366 1427 Norib.
3415 1360 3732 1428 Salutem.

2852 1498 3119 1564 Literae
3173 1508 3323 1563 tuae
3350 1502 3400 1581 ¹)
3456 1520 3532 1564 eo
3590 1498 3754 1563 mihi
3806 1499 4073 1564 fuerunt
4131 1502 4454 1585 gratiores
4499 1524 4596 1586 quo

2681 1582 2904 1648 minus
2947 1604 3058 1648 eas
3100 1604 3366 1667 sperare
3409 1605 3608 1652 ausus
3650 1586 3938 1653 fuissem.
4000 1586 4227 1652 Meum
4271 1589 4451 1653 enim
4489 1589 4597 1654 fue-

2683 1678 2789 1734 rat
2831 1669 3080 1752 priores
3123 1669 3445 1736 scribendi
3491 1684 3714 1754 partes
3747 1671 4127 1756 occupando
4161 1674 4339 1755 ipsas
4385 1674 4599 1740 elicere.

2684 1753 2878 1836 Quod
2940 1776 3098 1820 vero
3158 1776 3291 1820 non
3357 1766 3745 1838 provocatus
3808 1758 3982 1824 ultro
4037 1761 4496 1839 anteverteris,
4550 1758 4602 1825 id

2684 1840 2847 1906 mihi
2889 1841 3155 1907 maioris
3190 1840 3681 1908 benevolentiae
3724 1853 3825 1908 est
3864 1852 4345 1927 argumentum.
4416 1844 4488 1912 Si
4524 1855 4602 1911 ta-

2684 1947 2854 2002 men,
2891 1948 3011 1992 cur
3045 1948 3181 1993 non
3213 1927 3604 2012 scripserim,
3640 1949 3903 1994 causam
3940 1951 4133 1996 nosse
4170 1929 4350 2011 velis,
4389 1931 4605 2015 pudore

2683 2013 2892 2096 magis
2934 2033 3128 2096 quam
3173 2013 3347 2098 negli
3430 2014 3574 2079 ntia
3616 2014 3920 2081 abstinui.
4009 2015 4240 2081 Animi
4274 2017 4381 2081 tui
4423 2019 4603 2083 since·

2683 2098 2948 2162 ritatem
2993 2097 3217 2164 videor
3257 2098 3348 2164 mi
3402 2100 3424 2163 i
3470 2099 3710 2166 habere
3753 2110 4176 2183 perspectam.
4264 2102 4360 2169 Et
4395 2103 4606 2185 alioqui

2689 2183 2981 2265 Philippi
3046 2185 3486 2250 testimonium
3550 2188 3711 2253 satis
3771 2187 3971 2253 habet
4031 2186 4207 2271 apud
4270 2209 4381 2253 me
4457 2187 4602 2254 fidei.

2685 2267 2819 2335 Sed
2863 2269 2974 2334 ubi
3018 2291 3152 2335 non
3195 2291 3439 2355 magna
3482 2271 3889 2338 familiaritas
3945 2272 4320 2351 intercedit,
4381 2284 4606 2358 tempo-

2684 2376 2832 2421 rum
2876 2355 3192 2438 iniquitas
3246 2355 3581 2422 interdum
3636 2378 3742 2423 me
3785 2357 4002 2424 reddit
4056 2359 4382 2425 timidum.
4479 2358 4607 2440 Quo

2684 2441 2998 2507 maiorem
3040 2441 3158 2507 tibi
3201 2442 3484 2528 gratiam
3527 2443 3766 2523 haben,
3825 2445 3977 2527 quia
4034 2444 4202 2509 mihi
4243 2446 4610 2530 scrupulum

2682 2547 2942 2591 omnem
2990 2528 3327 2593 exemeris.
3414 2528 3746 2595 Libellum
3788 2532 3985 2595 etiam
4040 2552 4265 2597 meum
4306 2530 4391 2596 de
4434 2552 4611 2597 coena

2684 2610 2799 2676 tibi
2844 2633 2976 2678 non
3023 2612 3428 2697 displicuisse
3484 2614 3907 2682 vehementer
3960 2615 4234 2700 gaudeo.
4324 2616 4608 2700 Scriptus

2682 2697 2916 2781 gallice
2959 2700 3173 2764 fuerat
3215 2712 3370 2763 ante
3403 2721 3610 2765 annos
3646 2700 3954 2784 decem.²)
4024 2700 4250 2783 Quum
4274 2724 4382 2770 me
4424 2703 4609 2769 inscio

2682 2805 2723 2848 a
2767 2784 3019 2850 duobus
3054 2786 3184 2849 iam
3221 2784 3295 2849 in
3329 2785 3605 2851 latinam
3639 2786 3936 2871 linguam
3970 2809 4204 2854 versus
4245 2789 4436 2868 foret,
4478 2808 4609 2873 per-

2680 2869 2830 2934 misi
2874 2869 3140 2935 tandem
3185 2881 3260 2935 ut
3293 2870 3616 2949 ederetur,
3664 2875 3911 2941 veritus
3946 2874 4192 2940 scilicet
4222 2894 4311 2940 ne
4346 2873 4615 2939 deterior

2682 2954 2900 3038 aliqua
2922 2958 3155 3038 ‚versio
3199 2957 3410 3022 locum
3453 2967 3815 3042 occuparet.
3900 2959 4100 3025 Ratio
4154 2959 4429 3026 docendi
4472 2962 4611 3025 sim-

2681 3041 2831 3126 plex
2876 3050 2943 3107 et
2983 3042 3317 3127 popularis
3368 3042 3776 3128 indoctisque
3833 3045 4208 3113 hominibus
4263 3066 4611 3113 accommo-

2680 3128 2835 3193 data
2898 3128 3089 3211 quale
3152 3130 3352 3195 fuerit
3413 3131 3601 3196 initio
3664 3130 4009 3198 consilium
4071 3152 4295 3198 meum
4359 3132 4608 3198 indicat

2681 3213 3106 3280 Accurratius
3160 3216 3333 3281 euim
3387 3216 3611 3281 latinis
3665 3216 4034 3283 hominibus
4090 3217 4381 3285 scribere
4434 3218 4611 3284 soleo.

2681 3299 2920 3366 Studui
2981 3310 3205 3366 tamen
3262 3299 3436 3384 quod
3488 3303 3846 3368 sentiebam
3905 3324 4037 3368 non
4094 3302 4287 3369 modo
4342 3302 4614 3369 fideliter

2679 3385 3023 3470 complecti
3065 3394 3133 3452 et
3171 3388 3240 3451 in
3279 3387 3539 3454 brevem
3576 3409 3901 3454 summam
3933 3410 4006 3453 re
4057 3389 4070 3402 '
4159 3411 4248 3468 re,
4295 3389 4415 3457 sed
4459 3388 4613 3454 dilu-

2679 3472 2822 3539 cide
2874 3472 3072 3537 etiam
3129 3473 3457 3555 explicare
3513 3483 3579 3539 et
3633 3473 3876 3557 absque
3932 3475 4085 3540 inve
4112 3475 4307 3541 ucris.
4398 3476 4507 3541 Ab
4546 3492 4614 3538 eo

2677 3566 2815 3626 tem
2901 3579 2973 3624 re
3005 3558 3345 3623 Institutio
3389 3581 3430 3624 a
3465 3580 3572 3624 me
3613 3562 3949 3644 recognita
3990 3560 4230 3626 iterum
4273 3561 4526 3644 prodiit
4551 3560 4615 3624 in

2678 3644 2811 3728 pub
2838 3645 3032 3710 icum.
3115 3642 3250 3710 Ubi
3291 3643 3565 3710 eandem
3610 3644 3969 3712 doctrinam
4014 3646 4273 3712 diverso
4316 3643 4615 3731 loquendi

2681 3750 2917 3815 genere
2963 3736 3029 3793 et
3063 3729 3394 3813 aliquanto
3435 3730 3847 3810 luculentius,
3902 3731 4031 3798 nisi
4086 3732 4308 3812 fallor,
4371 3751 4615 3815 expono

2681 3826 2749 3880 et
2789 3815 3100 3882 confirmo
3142 3814 3430 3881 solidius.
3498 3816 3792 3882 'Pandem
3837 3817 4328 3883 Oatechismum
4374 3836 4617 3902 quoque

2682 3901 3032 3985 publicavi,
3089 3901 3201 3985 qui
3244 3901 3414 3967 fidus
3458 3910 3557 3968 est
3598 3923 3674 3967 ac
3717 3903 3989 3969 idoneus
4032 3904 4220 3970 testis
4256 3905 4440 3987 quali
4484 3903 4615 3968 doc-

2681 3989 2854 4052 trina
2896 3986 3079 4069 plebs
3122 4009 3163 4052 a
3203 4008 3311 4052 me
3352 3987 3700 4054 imbuatur.
3788 3990 4081 4068 Utinam,
4126 3999 4205 4054 ut
4246 3990 4435 4069 dicis,
4494 3989 4616 4055 vel-

2679 4073 2817 4138 lent
2860 4073 3161 4157 Tigurini
3219 4095 3290 4139 se
3349 4072 3431 4139 ad
3490 4075 3662 4140 hanc
3716 4074 4185 4143 confessionem
4244 4076 4613 4159 adiungere.

2678 4158 2828 4224 Non
2892 4159 3194 4224 existimo
3260 4171 3393 4224 tam
3458 4159 3696 4226 durum
3759 4182 3903 4227 esse
3956 4160 4394 4247 Lutherum‚⁸)
4470 4161 4616 4244 quin

2678 4244 2887 4311 facilis
2942 4246 3164 4309 futura
3221 4255 3393 4310 essct
3445 4247 3842 4328 compositio,
3941 4247 4169 4329 Neque
4226 4259 4461 4313 tamen
4502 4248 4612 4310 im·

2679 4330 2955 4413 probare
2998 4352 3145 4395 mea
3188 4330 3449 4396 audent.
3538 4330 3688 4412 Quo
3744 4333 3964 4397 minus
4022 4333 4241 4415 palam
4295 4332 4467 4397 mihi
4522 4353 4615 4397 as-

2679 4416 3062 4495 sentiantur,
3102 4417 3225 4482 hoc
3257 4416 3668 4498 potissimum
3704 4418 3917 4483 obstat
3944 4417 4119 4501 quod
4151 4427 4616 4501 praeconcepto

2677 4502 2898 4579 semel,
2945 4513 3009 4566 et
3051 4501 3312 4586 quidem
3356 4503 3486 4566 iam
3531 4501 3716 4582 olim,
3775 4525 3973 4570 sensu
4014 4506 4307 4587 occupati
4352 4505 4456 4569 ita
4496 4502 4615 4569 usi-

2676 4589 2832 4653 tatis
2873 4588 2996 4653 sibi
3032 4588 3257 4653 formis
3290 4588 3607 4653 insistunt
3639 4598 3715 4654 ut
3748 4589 3917 4654 nihil
3953 4588 4307 4655 admittant
4354 4609 4611 4655 novum.

2675 4674 2925 4738 Verum
2980 4672 3037 4738 si
3091 4671 3456 4740 consideres
3516 4696 3715 4758 quam
3780 4675 4125 4759 imperiose
4190 4697 4275 4742 ex
4343 4675 4616 4741 adversa

2673 4831 2775 4839 Q*

2879 4982 2939 5047 2)
2980 4982 3066 5037 De
3099 4985 3186 5036 his
3217 4982 3465 5037 omuibus
3511 4997 3611 5037 suo
3658 4983 3773 5037 loco
3819 4983 4226 5052 disputavimus
4266 4983 4331 5037 in
4374 4983 4610 5051 1⁹on-

2671 5053 2845 5107 mcm‘s
2874 5052 3212 5121 siuyulorum
3245 5058 3523 5106 tomorum.

2878 5121 2934 5180 3)
2974 5122 3142 5174 Cuius
3173 5136 3301 5189 erqo
3335 5127 3554 5175 monem
3589 5120 3829 5174 nondum
3861 5124 4167 5175 resciverat.
4240 5119 4525 5176 wam-
4553 5120 4609 5170 in

2671 5205 2735 5245 eo
2764 5192 3009 5257 profecto
3052 5195 3203 5243 errat
3246 5190 3393 5259 quod
3435 5191 3543 5245 sibi
3584 5189 3745 5257 finqit
3779 5190 4076 5244 Laeliorum
4108 5190 4340 5254 facilius
4374 5204 4508 5244 suae
4537 5189 4608 5257 ip-

2663 5261 2791 5396 tqius
2859 5261 3152 5313 sententiae
3213 5274 3375 5327 quam
3430 5257 3892 5327 Zwinqzianorum
3949 5259 4214 5314 calculum
4274 5258 4607 5314 aduenam·

2694 5341 2859 5382 mse.
