4825 6175
652 438 783 500 559

1561 648 1717 719 aso.

1188 769 1658 870 oALvmos
1703 798 2070 867 vlasro.

828 977 932 1044 De
1009 974 1266 1041 Roberti
1341 974 1672 1045 cuiusdam
1749 992 1945 1038 causa
2020 969 2474 1036 matrimoniali
2545 973 2603 1034 d

664 1062 890 1131 Gradi
928 1061 1205 1142 capitali.

805 1231 1140 1303 autographo
1177 1229 1306 1311 (3οάζ
1335 1228 1540 1282 Gener.
1579 1226 1693 1292 106,
1729 1228 1820 1280 fol.
1843 1225 1941 1279 191
1977 1228 2095 1280 coll.
2132 1242 2252 1279 cum
2271 1226 2399 1281 eod.
2430 1224 2567 1277 111⁸
2585 1265 2599 1291 ‚

682 1303 751 1356 ol.
789 1300 872 1355 13.
907 1302 1060 1356 Ionv.
1103 1329 1169 1338 -
1203 1298 1367 1351 Edita
1402 1303 1486 1350 est
1521 1314 1554 1348 a
1587 1298 1731 1349 Beza
1765 1295 1965 1350 Genev.
2002 1312 2052 1365 p.
2074 1292 2155 1360 73,
2191 1295 2349 1347 Laus.
2387 1311 2440 1364 p.
2480 1291 2597 1360 152,

660 1371 870 1425 Hanov.
905 1387 959 1439 p.
999 1367 1113 1435 171,
1161 1366 1370 1420 Ohouet
1404 1383 1456 1435 p.
1492 1363 1576 1429 97,
1628 1366 1801 1418 Amst.
1839 1381 1892 1433 p.
1928 1361 2013 1416 44.
2085 1363 2307 1432 Anglice
2346 1380 2504 1415 versa
2538 1362 2597 1415 Τ.

1032 1436 1100 1490 11.
1138 1452 1191 1503 p.
1233 1433 1332 1488 114
1364 1434 1461 1487 sed
1494 1440 1705 1486 tantum
1742 1440 2014 1501 postrema
2048 1433 2222 1501 pars.)

659 1626 924 1692 Eximio
980 1622 1252 1689 Domini
1321 1622 1527 1687 nostri
1592 1619 1745 1684 Iesu
1815 1617 2066 1684 Christi
2137 1639 2327 1684 servo
2398 1619 2600 1683 Petro

660 1711 892 1776 Vireto
912 1708 1432 1855 Iaausannensisi
1435 1705 2030 1876 ¹<1³togigz'srilaiemgastori
2074 1704 2262 1769 fratri
2295 1712 2364 1768 et
2394 1704 2602 1768 amico

832 1931 902 1997 S.
951 1927 1249 2011 Acceptis
1292 1930 1420 1993 tuis
1456 1926 1664 1992 literis
1699 1924 1929 1990 vocavi
1973 1923 2057 1990 ad
2098 1946 2204 1990 me
2238 1925 2598 1991 mulierem.

660 2018 764 2084 Ea
804 2014 1024 2082 audita
1067 2015 1352 2079 breviter
1393 2012 1617 2076 notavi
1675 2012 1743 2075 in
1801 2010 2036 2093 quibus
2078 2031 2228 2076 cum
2274 2010 2528 2076 Robem'
2552 2014 2599 2089 ¹)

659 2102 1008 2188 propositis
1050 2100 1269 2164 minus
1310 2096 1707 2180 congruebat
1745 2096 1884 2161 eius
1926 2098 2276 2177 responsio,
2364 2096 2459 2163 Ut
2501 2102 2602 2159 in·

659 2188 854 2273 genio
888 2196 990 2252 est
1021 2183 1370 2249 admodum
1403 2183 1600 2249 feroci
1635 2192 1828 2263 atque
1861 2181 2057 2246 etiam
2093 2192 2418 2264 protervo,
2454 2180 2602 2263 plus

658 2274 821 2340 satis
860 2272 933 2336 in
988 2289 1222 2336 causae
1263 2288 1421 2334 suae
1464 2266 1837 2333 defensione
1879 2288 1950 2331 se
1994 2267 2246 2331 extulit.
2314 2265 2602 2331 Ochibui

661 2368 885 2424 tamen
926 2357 1067 2423 eius
1108 2354 1559 2437 intemperiem
1604 2360 1679 2416 ut
1720 2352 1923 2436 potui.
1992 2348 2145 2429 Sed,
2191 2350 2602 2436 quemadmo-

661 2442 819 2509 dum
863 2441 1042 2517 dicis,
1084 2438 1273 2505 nobis
1314 2438 1602 2504 movebit
1643 2438 1827 2503 brevi
1863 2437 2140 2502 maiores
2184 2438 2428 2513 turbas,
2472 2436 2602 2501 nisi

661 2536 924 2612 recepta
961 2526 1176 2591 fuerit.
1264 2523 1550 2593 Proinde
1588 2522 1845 2589 Roberto
1887 2522 2150 2588 consulo
2194 2531 2270 2586 ut
2311 2521 2601 2607 periculo

660 2614 816 2679 huic
858 2622 1112 2677 mature
1153 2618 1468 2675 occurrat.
1534 2608 1704 2674 Nam
1741 2628 1941 2690 quum
1984 2608 2214 2672 furiosi
2256 2616 2414 2672 sunt
2457 2629 2600 2672 mu-

659 2698 895 2764 lierum
938 2699 1221 2780 impetus
1260 2697 1330 2760 in
1374 2692 1690 2761 eiusmodi
1725 2692 2019 2775 repulsis,
2066 2706 2206 2757 tum
2239 2713 2397 2758 vero
2433 2692 2604 2757 hanc

663 2781 1100 2849 animadverti
1153 2800 1287 2845 non
1340 2779 1572 2844 leviter
1628 2797 2025 2843 exarsuram.
2112 2776 2303 2859 Quod
2360 2776 2444 2843 ad
2496 2798 2604 2842 me

663 2871 915 2942 attinet,
961 2882 1035 2931 ut
1076 2865 1447 2949 coniugium
1492 2866 1616 2928 rite
1651 2874 2056 2928 contractum
2090 2884 2225 2927 non
2259 2863 2465 2933 video,
2511 2863 2606 2926 ita

666 2953 922 3019 Roberti
982 2952 1178 3017 fidem
1240 2948 1453 3016 iudico
1518 2951 1775 3031 penitus
1842 2948 2211 3031 obligatam.
2323 2948 2605 3012 Frustra

665 3040 846 3105 enim
880 3037 1163 3103 libertati
1196 3057 1353 3102 suae
1388 3056 1616 3102 cavere
1651 3034 1858 3099 voluit
1896 3036 1988 3099 sic
2022 3033 2291 3118 agendo.
2358 3034 2605 3099 Fateor

664 3145 823 3192 sane
867 3124 1241 3207 coniugium
1293 3142 1433 3186 rem
1488 3142 1628 3185 esse
1680 3120 1889 3203 magis
1931 3141 2214 3196 sacram,
2275 3141 2472 3201 quam
2529 3131 2604 3183 ut

663 3220 830 3277 nutu
878 3208 981 3273 vel
1025 3205 1346 3288 ambiguis
1398 3205 1734 3288 promissis
1789 3205 2227 3271 contrahatur.
2315 3204 2603 3269 Proinde

665 3317 800 3362 non
855 3301 1127 3376 apparet
1189 3293 1258 3355 in
1323 3313 1547 3356 eorum
1616 3289 2155 3355 conventionibus
2233 3310 2309 3354 ea
2371 3289 2603 3373 religio

664 3401 830 3465 quae
875 3376 1278 3461 coniugalem
1335 3377 1763 3441 reverentiam
1812 3374 2092 3440 decebat.
2183 3373 2315 3440 Sed
2360 3397 2445 3440 ex
2488 3373 2604 3438 ad-

664 3485 856 3534 verso
897 3484 1003 3528 res
1045 3462 1256 3546 magis
1300 3461 1471 3526 seria
1525 3467 1667 3526 erat
1719 3482 1913 3542 quam
1974 3470 2047 3524 ut
2101 3458 2369 3525 ludicris
2412 3459 2601 3542 polli-

665 3546 1082 3617 citationibus
1101 3546 1363 3614 eludere
1397 3545 1713 3624 debuerit,
1750 3557 1884 3611 tam
1920 3546 2373 3611 mulierculam
2406 3566 2605 3628 quam

667 3635 847 3702 alios.
935 3633 1046 3698 Ita
1102 3653 1239 3698 non
1301 3653 1569 3716 possum
1614 3630 1801 3696 aliter
1843 3638 2129 3696 statuere
2186 3633 2344 3714 quin
2404 3630 2603 3696 fidem

666 3742 855 3788 suam
889 3717 1265 3785 obstrictam
1311 3717 1566 3783 habeat.
1637 3715 1888 3781 Verum
1931 3725 2276 3801 antequam
2321 3715 2420 3780 illi
2454 3737 2602 3799 pro-

665 3805 957 3882 nuncies,
1002 3825 1165 3887 quae
1207 3804 1295 3868 sit
1337 3812 1563 3867 nostra
1604 3802 1939 3885 utriusque
1980 3803 2330 3889 sententia,
2384 3802 2603 3884 ipsum

666 3889 747 3957 de
787 3888 1108 3972 capitibus
1149 3889 1364 3953 adhuc
1399 3888 1829 3953 controversis
1870 3888 2259 3972 interrogari
2302 3886 2600 3970 optarim.

663 3975 840 4042 Nam
882 3975 1009 4040 erit
1048 3975 1214 4040 forte
1257 3972 1572 4038 eiusmodi
1617 3973 1951 4056 responsio
1995 3994 2158 4054 quae
2202 3974 2257 4037 si
2301 3972 2457 4056 quid
2499 3994 2600 4037 re-

663 4061 919 4144 liquum
964 4069 1065 4126 est
1105 4059 1528 4125 dubitationis
1567 4058 1773 4123 tollat.
1863 4056 2194 4142 Quidquid
2238 4068 2453 4123 tamen
2499 4081 2601 4123 re·

662 4143 1017 4230 sponderit,
1064 4145 1392 4210 hominem
1437 4165 1671 4228 urgeas
1722 4143 1803 4208 iis
1848 4143 2246 4227 argumentis
2289 4165 2453 4226 quac
2495 4164 2602 4210 res

663 4233 809 4316 ipsa
858 4228 1231 4314 suppeditat
1246 4280 1260 4307 ,
1304 4250 1388 4295 ne
1431 4251 1501 4295 se
1558 4238 1625 4294 et
1664 4228 1843 4294 illam
1888 4229 2126 4311 absque
2171 4229 2466 4312 profectu
2509 4229 2601 4294 fa-

664 4317 856 4383 bulae
897 4323 1196 4398 exponat.

835 4402 916 4464 In
960 4400 1153 4464 rebus
1197 4401 1435 4464 nostris
1470 4399 1634 4463 nihil
1672 4420 1932 4464 novum.
2007 4399 2230 4464 Grues·
2265 4400 2601 4483 negotium

662 4484 920 4570 syndici
962 4484 1353 4568 protrahunt
1395 4492 1623 4549 senatu
1670 4484 1896 4564 invito,
1942 4505 2061 4550 nec
2104 4495 2325 4549 tamen
2367 4493 2445 4548 ut
2488 4485 2599 4550 de-

661 4571 850 4637 cebat
892 4570 1305 4636 reclamante.
1395 4568 1540 4635 Scis
1584 4570 1761 4634 enim
1805 4590 2043 4653 paucos
2096 4592 2238 4635 esse
2281 4570 2595 4636 cordatos.

661 4657 808 4740 Ego
847 4656 920 4720 in
980 4655 1388 4738 exagitandis
1431 4654 1881 4720 communibus
1928 4654 2101 4721 vitiis
2144 4665 2210 4719 et
2250 4657 2601 4741 praecipue

660 4742 972 4806 iuvenum
1015 4741 1401 4823 corruptelis
1445 4741 1858 4805 severitatem
1881 4760 2098 4805 meam
2120 4761 2406 4806 exerceo.
2470 4743 2598 4807 Pe-

661 4826 869 4892 ricula
928 4847 1092 4910 quae
1155 4825 1319 4892 mihi
1361 4821 1536 4890 ‘boni
1603 4825 1728 4889 viri
1790 4845 1872 4889 ex
1939 4825 2376 4910 compluribus
2440 4827 2601 4894 locis

641 5187 650 5195 ἡ
698 5114 845 5168 980.
874 5115 934 5192 l)
956 5113 1109 5193 'Fuit
1142 5113 1223 5167 ol·
1256 5113 1342 5166 uis
1379 5110 1648 5168 Robertus
1683 5129 1851 5180 supra
1888 5113 1965 5168 N.
2004 5112 2120 5167 728.
2156 5113 2274 5169 731.
2311 5114 2430 5169 752.

660 5180 1197 5390 mmai&
1243 5249 1340 5304 sed
1385 5257 1561 5305 tamen
1611 5248 1841 5306 Calvmo
1886 5251 2065 5307 iudice

1281 5183 1393 5235 itur
1425 5181 1513 5237 ἧίο
1546 5181 1613 5236 de
1645 5183 1987 5251 sponsalibus
2021 5199 2132 5237 non
2240 5183 2381 5239 idem
2411 5116 2602 5310 mog?

2313 5269 2424 5309 m„
2577 5284 2598 5296 .

2192 410 2719 494 EPISTOLAE
2764 427 3098 492 930-931

4504 428 4601 492 560

2701 613 3024 679 nunciant
3065 611 3403 679 dissimulo
3417 663 3432 689 ,
3485 633 3570 677 ne
3610 611 3695 678 de
3734 633 3843 678 me
3884 611 4110 679 videar
4150 611 4426 678 nimium
4463 611 4610 679 solli-

2704 699 2889 764 citus.
2976 696 3163 764 Deus
3205 697 3724 782 qualemcunque
3757 698 3935 765 volet
3974 698 4231 764 exitum
4273 695 4466 764 dabit.
4505 697 4612 765 Fa-

2704 784 2857 850 rello
2896 792 2966 849 et
3005 782 3126 849 tibi
3167 784 3412 869 gratias
3468 782 3677 850 habeo
3717 792 3786 848 et
3827 804 3951 867 ago
3991 803 4155 867 quas
4199 782 4417 849 debeo.
4497 783 4611 850 Ad-

2705 878 2944 936 ventus
2988 876 3221 947 vester,
3265 869 3458 936 sicuti
3501 868 3670 934 nihil
3711 868 3966 936 obesset
4006 878 4074 935 et
4110 868 4361 954 aliquid
4402 868 4615 935 condu-

2704 962 2896 1034 ceret,
2940 956 3035 1020 ita
3077 975 3211 1021 non
3266 954 3527 1021 videtur
3580 975 3725 1021 esse
3779 962 3914 1020 tam
3958 954 4366 1021 necessarius
4407 954 4476 1019 in
4513 954 4615 1020 hec

2704 1061 2925 1106 rernm
2967 1047 3149 1106 statu
3162 1090 3178 1117 ,
3237 1047 3316 1105 ut
3372 1040 3558 1107 vobis
3615 1040 3816 1105 velim
3859 1060 4002 1106 esse
4040 1040 4371 1107 molestus.
4458 1039 4617 1119 Vale,

2702 1127 2905 1192 stater
2947 1140 3014 1192 et
3055 1126 3261 1191 amice
3303 1126 3754 1209 integerrime,
3812 1146 3947 1191 una
4001 1146 4153 1192 cum
4204 1146 4411 1191 uxore
4451 1132 4513 1190 et
4545 1125 4620 1190 b·

2704 1211 2900 1277 milia.
2979 1210 3308 1276 Dominus
3347 1210 3536 1278 Iesus
3579 1218 3892 1295 perpetuo
3935 1220 3999 1277 te
4042 1209 4367 1295 gubernet
4406 1210 4622 1294 tibique

2704 1297 2892 1363 adsit.
2982 1294 3282 1362 Salutem
3337 1296 3690 1380 plurimam
3744 1295 3920 1363 dices
3976 1296 4286 1363 fratribus
4349 1302 4421 1361 et
4459 1296 4623 1362 uxori

2703 1403 2848 1447 meo
2907 1381 3188 1448 nomine.
3276 1381 3466 1448 Uxor
3529 1390 3597 1446 te
3654 1389 3722 1448 et
3775 1382 4089 1448 familiam
4146 1391 4330 1449 tuam
4389 1381 4623 1448 salunt.

2704 1467 3019 1535 Genevae
3065 1471 3165 1532 24.
3210 1466 3372 1533 Iulii
3420 1472 3601 1533 1547.

3618 1602 3898 1670 Ioannes
3940 1603 4259 1669 Calvinus
4302 1609 4476 1670 tuus.

2882 1806 3261 1875 &willelmus
3315 1806 3662 1890 bibliopola
3714 1807 3785 1872 in
3838 1827 4037 1874 causa
4090 1808 4218 1873 fuit
4258 1830 4388 1893 quo
4431 1809 4627 1874 minus

2703 1891 2852 2042 ιε,
2871 1893 3333 2044 ”meaa
3369 1893 3975 2044 ιιιιΜι
3962 1894 4628 2053 ι...

2706 2063 2873 2129 Mira
2896 1999 3039 2128 Ii’uit
3078 2062 3150 2128 in
3192 2026 3459 2163 homine
3499 2063 3869 2143 conversio,
3924 2063 4095 2129 mira
4147 2062 4233 2130 ad
4278 2064 4629 2131 obeundam

2703 2158 2983 2215 mortem
3026 2157 3408 2215 constantia.

3599 2657 3748 2730 981.

2836 2810 3188 2878 OALVIN
3229 2809 3431 2879 AUX
3472 2798 3880 2879 FIDELES
3924 2813 4053 2879 DE
4098 2814 4495 2882 FRANCE.

2874 2982 3290 3047 Exhortation
3335 2983 3377 3046 ὰ
3432 2982 3494 3047 la
3550 2989 3864 3050 constance
3913 2984 4075 3052 dans
4125 2985 4349 3067 lasci,
4419 3007 4497 3051 en
4535 3006 4638 3051 oue

2704 3068 2813 3135 des
2853 3089 3056 3134 revers
3098 3068 3346 3152 essuyes
3368 3090 3500 3150 par
3543 3069 3610 3135 la
3639 3090 3823 3137 cause
3864 3070 3939 3136 de
3972 3069 4321 3156 l'Evanyile
4364 3094 4441 3139 en
4471 3071 4637 3139 Aao-

2703 3175 2937 3239 mamae.

2705 3324 2894 3393 (Oopie
2929 3324 3187 3378 ancienne
3224 3323 3439 3379 Geneve
3476 3326 3589 3379 MS.
3627 3323 3743 3391 107,
3778 3327 3814 3378 f.
3837 3325 3924 3380 20.
3962 3354 4025 3364 -
4062 3327 4261 3396 Oopies
4297 3328 4544 3383 recentes
4575 3327 4634 3381 de

2704 3393 2956 3446 Turretin
2993 3393 3104 3446 MS.
3143 3392 3258 3457 111,
3294 3394 3329 3446 f.
3367 3391 3468 3447 155
3503 3412 3550 3446 v.
3586 3407 3644 3446 et
3687 3393 3796 3460 108,
3834 3396 3869 3447 f.
3907 3391 4006 3449 187
4043 3412 4109 3449 en
4146 3396 4288 3450 deux
4324 3397 4635 3468 stagneum

2704 3479 2810 3514 aux
2843 3461 3106 3514 Archives
3141 3461 3208 3514 de
3245 3463 3419 3515 Berne
3452 3462 3538 3531 Ep
3584 3502 3593 3512 .
3631 3462 3759 3516 VII.
3795 3460 3927 3525 830;
3964 3464 4176 3518 Simler.
4214 3465 4284 3518 V.
4319 3463 4407 3519 64.
4446 3495 4514 3507 —
4547 3453 4638 3521 lid.

2705 3546 2771 3583 en
2804 3529 3037 3597 franceis
3070 3530 3237 3583 Buch.
3276 3531 3343 3581 V.
3380 3528 3499 3585 532.
3539 3480 3754 3585 fionnet
3786 3531 3829 3584 Ι.
3863 3531 3994 3599 213;
4030 3549 4096 3586 en
4132 3534 4266 3588 latin
4299 3534 4435 3589 Gen.
4472 3552 4525 3606 p.
4560 3534 4634 3602 76,

2705 3599 2864 3652 Laus.
2910 3614 2966 3667 p.
3016 3596 3142 3664 151,
3188 3598 3402 3653 Hanov.
3491 3638 3502 3649 .
3553 3598 3670 3664 169,
3719 3599 3944 3654 Ohouet.
4033 3642 4044 3653 .
4086 3600 4211 3669 101,
4258 3604 4439 3660 Amet.
4473 3621 4527 3674 p.
4557 3601 4634 3657 46.

3236 3683 3306 3720 en
3339 3684 3446 3737 ang
3498 3668 3560 3720 is.
3598 3668 3797 3722 Edinb.
3830 3667 3901 3723 II.
3937 3668 3970 3721 1
4006 3668 4085 3737 5.)

2704 3839 2769 3903 Α
2811 3858 2951 3902 mes
2993 3836 3316 3904 treachers
3408 3838 3421 3851 ⁰
3519 3859 3671 3904 eure
3728 3848 3795 3904 et
3847 3841 4052 3906 freres
4079 3843 4130 3924 ¹)
4188 3843 4301 3924 qui
4359 3842 4633 3909 desirent

2872 3922 3376 4074 ᾖξζὲιιὸῗιιῖίίἶι
3461 3945 3507 3988 u
3550 3924 3919 4008 Royaulme
3962 3924 4043 3991 de
4093 3935 4315 3994 nostre
4359 3926 4632 4014 Signeur

2874 4144 2979 4210 La
3020 4142 3329 4210 dilection
3372 4143 3453 4210 de
3502 4145 3676 4211 Dieu
3718 4155 3938 4213 nostre
3980 4147 4151 4213 Pere
4165 4195 4182 4226 ,
4237 4157 4305 4213 et
4345 4148 4413 4215 la

2705 4232 2787 4296 de
2830 4237 3049 4296 nostre
3103 4227 3391 4315 Signeur
3446 4230 3632 4297 Iesus
3677 4231 3906 4297 Ohrist
3957 4231 4267 4299 demeure
4322 4242 4631 4302 touslours

2705 4337 2819 4382 sur
2861 4336 3056 4392 vous,
3117 4336 3237 4398 par
3280 4316 3346 4380 la
3390 4318 3940 4383 communication
3987 4318 4075 4383 du
4118 4318 4355 4386 Sainct
4396 4320 4626 4404 Esprit.

2874 4401 3229 4468 'I'reschers
3252 4403 3552 4486 signeurs
3573 4411 3641 4468 et
3674 4403 3898 4480 freres,
3940 4405 4002 4470 ie
4045 4426 4132 4470 ne
4174 4404 4418 4472 doubts
4457 4407 4628 4489 point

2704 4507 2832 4570 que
2884 4507 3047 4551 vous
3114 4508 3317 4572 nayez
3375 4487 3874 4553 iournellement
3939 4491 4268 4573 beaucoup
4335 4491 4417 4558 de
4474 4511 4625 4558 nou-

2905 4774 2964 4842 2)
3011 4773 3782 4846 ρυδφιιιω26.1ιαᾶι“οαρᾱε
3814 4778 4111 4833 damam
4139 4781 4329 4851 fiseo-it,
4363 4783 4620 4850 Ῑιοοροα·

2701 4843 3427 4979 gqripwmatogoeab
3460 4849 3756 4916 eampum
3787 4846 4082 4903 Ionm’llaei
4112 4851 4311 4918 paucis
4342 4852 4621 4906 &utu-im

2736 4980 2870 5034 981.
2906 4979 2960 5044 1)
2995 4980 3282 5036 L'adrme
3314 4998 3353 5036 a
3384 4998 3491 5037 une
3518 4981 3704 5052 portio
3735 4988 3878 5039 toute
3916 4982 4184 5053 ρέηέναζσ.
4258 4987 4314 5045 11
4343 4991 4616 5055 estenput-

2702 5047 4616 5130 damma-difficiledesermdrecomptedelauawssndontk

2698 5118 3587 5187 latremaztparvenuedsa
3768 5121 3780 5133 “
3890 5123 3899 5134 ’
4017 5123 4613 5181 &mmmm-*n-

2694 5182 2913 5254 primde.
2986 5186 3309 5241 Nous'’
3478 5187 4612 5260 domdpeamqtoel'mavm‘tm

2701 5254 4611 5336 vaaempariaoem,curwutamaeiacamaeloemtenam

2691 5323 3054 5380 accedi-uteo.
