4825 6175
2059 344 2080 377 N

617 445 753 511 487

625 634 876 700 centies
919 629 1223 697 revolvas
1268 628 1433 694 tales
1472 628 1668 705 locos,
1713 627 1897 693 nulla
1939 633 2167 692 tamen
2211 625 2592 689 invenietur

627 717 842 803 magis
907 718 1142 783 dextra
1207 725 1324 780 aut
1387 712 1727 780 commoda
1789 714 2278 797 interpretatio:
2345 711 2588 787 Deum,

629 808 813 871 cuius
855 804 981 870 hoc
1025 810 1234 867 totum
1279 802 1616 885 proprium
1661 807 1794 878 est,
1851 820 2047 883 agere
2102 817 2224 882 per
2266 817 2422 863 suos
2462 796 2588 862 mi-

629 894 874 956 nistros
934 903 1248 971 tanquam
1313 908 1432 970 per
1494 904 1761 970 organa.
1865 885 2007 951 Cur
2073 884 2252 949 enim
2316 882 2592 949 ecclesia

628 988 841 1040 mater
885 975 1179 1041 omnium
1233 972 1493 1056 piorum
1545 978 1995 1054 nuncupatur,
2053 971 2181 1035 nisi
2239 970 2394 1052 quia
2449 970 2592 1034 eius

629 1061 997 1126 ministerio
1057 1060 1240 1124 Deus
1299 1080 1417 1122 nos
1471 1056 1863 1142 regenerat?
1953 1056 2095 1122 Cur
2130 1056 2433 1120 minister
2474 1076 2597 1139 pfl:

629 1155 799 1212 trem
846 1168 916 1211 se
961 1145 1271 1209 ecclesiae
1307 1144 1414 1208 cui
1448 1151 1711 1226 praeest
1743 1162 1978 1208 vocare
2014 1141 2228 1219 audet,
2274 1141 2402 1205 nisi
2439 1141 2593 1223 quia

630 1234 773 1297 eius
820 1252 1022 1313 opera
1083 1232 1294 1295 utitur
1340 1228 1574 1295 Deus?
1680 1229 1788 1292 An
1844 1237 2190 1312 suspectus
2246 1226 2592 1291 affectatae

705 1316 1000 1382 rannidis
1046 1318 1174 1380 erit
1216 1315 1402 1380 nobis
1457 1314 1714 1380 Paulus
1775 1315 1927 1398 quia
1970 1312 2321 1395 praedicat,
2368 1312 2590 1376 Timo-

631 1415 660 1467 t
710 1425 785 1468 eo
831 1402 1134 1469 collatam
1183 1402 1384 1465 fuisse
1424 1401 1700 1483 gratiam
1755 1420 1873 1484 per
1914 1399 2405 1483 impositionem
2450 1418 2591 1461 ma-

628 1511 834 1555 nuum
878 1486 1190 1554 suarum?
1261 1486 1391 1552 Hic
1426 1495 1602 1550 certe
1645 1505 1776 1549 non
1822 1487 2134 1549 transfert
2180 1483 2262 1550 ad
2307 1504 2377 1548 se
2412 1484 2590 1547 Pau-

628 1575 734 1640 lus
779 1574 950 1657 quod
996 1573 1141 1637 Deo
1186 1572 1518 1656 eripuerit.
1607 1571 1780 1635 Nam
1815 1570 2035 1637 Deum
2081 1571 2235 1636 facit
2277 1568 2436 1634 doni
2475 1590 2591 1633 au-

629 1671 859 1735 torem,
903 1681 971 1723 se
1017 1659 1341 1722 duntaxat
1382 1657 1781 1722 ministrum.

802 1743 996 1826 Quod
1041 1766 1251 1826 nuper
1293 1742 1586 1807 dicebam
1630 1743 1953 1807 ministris
1976 1742 2340 1808 Beruensis
2386 1739 2589 1806 eccle-

629 1834 763 1897 siae
807 1850 984 1894 nunc
1029 1830 1203 1913 apud
1261 1839 1329 1892 te
1373 1839 1627 1910 repeto,
1687 1829 1994 1911 spiritum
2056 1827 2352 1891 bifariam
2410 1826 2591 1909 loqui

629 1917 710 1982 de
767 1917 1109 1981 ministris.
1212 1915 1405 1980 Nunc
1460 1914 1636 1978 enim
1697 1913 2068 1979 considerat
2135 1912 2288 1996 quid
2345 1933 2465 1995 per
2521 1933 2592 1975 se

634 2003 913 2079 valeant,
960 2022 1036 2065 ac
1079 2011 1239 2065 tunc
1284 2000 1520 2082 spoliat
1563 2000 1742 2081 ipsos
1803 1998 1982 2064 omni
2038 2000 2317 2084 virtute..
2395 1997 2593 2063 Unde

629 2086 831 2152 illud:
898 2087 1033 2167 Qui
1088 2087 1344 2168 plantat
1407 2085 1575 2149 nihil
1636 2093 1735 2149 est
1791 2094 1913 2150 etc.
2015 2084 2324 2149 Minister
2388 2083 2593 2167 igitur

629 2194 926 2238 seorsum
983 2194 1022 2235 a
1079 2171 1226 2238 Deo
1296 2172 1423 2236 erit
1487 2169 1674 2234 nihil.
1765 2171 1959 2235 Nunc
2017 2191 2176 2235 vero
2233 2170 2590 2234 efficaciam

629 2280 817 2324 suam
864 2258 1208 2340 coniungit
1251 2259 1538 2341 ipsorum
1585 2255 1970 2332 ministeriO,
2019 2267 2213 2338 atque
2255 2256 2354 2320 ita
2397 2265 2594 2320 ornat

628 2366 739 2409 eos
785 2343 1139 2426 praeclaris
1184 2344 1442 2427 elogiis,
1501 2341 1736 2424 quibus
1790 2351 2010 2406 tamen
2073 2341 2410 2424 superbire
2457 2362 2591 2405 non

628 2430 820 2496 debet
863 2429 1187 2512 quispiam
1232 2450 1307 2494 ac
1350 2429 1405 2492 si
1451 2426 1693 2510 aliquid
1729 2439 1917 2493 esset.
2007 2427 2384 2509 Utrumque
2429 2449 2591 2491 enu-

628 2516 835 2582 cleate
879 2515 1275 2597 exprimitur
1331 2514 1526 2578 tertio
1585 2513 1800 2597 capite
1845 2511 2169 2578 secundae
2214 2512 2297 2577 ad
2355 2511 2590 2577 Corin-

626 2602 798 2666 thios
817 2652 830 2676 ‚
891 2600 1004 2665 ubi
1059 2601 1405 2683 magnifice
1462 2619 1654 2663 suum
1709 2597 2140 2681 apostolatum
2185 2598 2377 2663 effert
2422 2598 2595 2662 Pau·

627 2688 765 2763 lus,
823 2688 976 2769 quia
1018 2706 1157 2749 non
1214 2692 1477 2766 separat
1522 2704 1590 2749 se
1650 2705 1690 2748 a
1734 2684 1971 2768 spiritu
2015 2683 2163 2762 Dei,
2211 2683 2326 2747 sed
2370 2685 2593 2766 potius

629 2771 1206 2856 (quemadmodum
1252 2769 1410 2834 alibi
1453 2769 1772 2851 loquitur)
1814 2768 2148 2852 praedicat
2185 2770 2313 2834 Dei
2358 2777 2587 2852 poten-

627 2859 787 2922 tiam
852 2858 921 2922 in
981 2879 1050 2921 se
1107 2865 1172 2921 et
1226 2877 1346 2920 sua
1387 2854 1878 2938 praedicatione
1922 2856 2268 2919 efficacem.
2360 2855 2591 2935 Quan-

626 2964 840 3026 quam,
889 2941 999 3006 ubi
1046 2942 1266 3007 omnia
1309 2941 1552 3018 dixisti,
1595 2940 1728 3005 huc
1771 2939 2039 3005 tandem
2081 2939 2317 3006 recidis
2361 2948 2438 3005 ut
2471 2962 2587 3005 no-

627 3030 728 3095 bis
775 3049 1032 3112 quoque
1076 3025 1463 3093 subscribas.
1553 3026 1739 3092 Haec
1781 3026 1987 3092 verba
2030 3035 2145 3093 tua
2189 3035 2375 3092 sunt:
2440 3025 2589 3094 Uti-

629 3123 742 3181 tur
786 3115 972 3179 Deus
1014 3110 1199 3178 Petri
1244 3134 1441 3196 opera
1491 3114 1559 3176 in
1618 3113 2067 3178 convertendo
2114 3112 2455 3192 Cornelio,
2513 3122 2590 3178 ut

629 3202 816 3266 Petri
863 3221 1027 3282 opus
1070 3199 1200 3263 Dei
1243 3200 1442 3262 etiam
1488 3219 1654 3281 opus
1697 3199 1801 3263 sit.
1868 3199 1977 3263 Ita
2021 3198 2261 3264 Petrus
2305 3207 2405 3263 est
2442 3220 2589 3265 coo,-

629 3285 950 3370 perarius.
1040 3283 1234 3366 Quod
1283 3283 1365 3349 de
1407 3286 1835 3351 conversione
1890 3292 1967 3349 tu
2023 3285 2280 3361 fateris,
2338 3304 2461 3368 ego
2506 3284 2589 3348 ad

628 3373 757 3436 alia
800 3370 1023 3435 omnia
1068 3368 1367 3434 extendo.
1458 3368 1638 3451 Quid
1696 3391 1853 3454 ergo
1912 3370 2157 3434 frustra
2198 3369 2587 3454 litigamus?

629 3458 978 3537 Postquam
1026 3458 1335 3521 convenit
1378 3456 1590 3520 solum
1612 3456 1835 3521 Deum
1879 3466 1945 3519 et
1987 3455 2295 3522 inchoare
2339 3466 2406 3520 et
2439 3478 2590 3539 per-

629 3544 823 3607 ficere
890 3541 1168 3605 salutem
1236 3549 1562 3619 nostram,
1632 3539 1745 3607 sed
1810 3562 1929 3624 per
1984 3540 2315 3619 homines,
2384 3541 2592 3606 habeo

629 3627 799 3709 quod
844 3626 1176 3691 volebam:
1222 3634 1339 3691 tua
1381 3626 1585 3691 verba
1627 3627 1801 3692 idem
1844 3626 2186 3691 continent
2229 3649 2305 3692 ac
2348 3634 2594 3692 sonant

632 3712 802 3795 quod
850 3714 916 3774 in
963 3712 1152 3776 nobis
1196 3714 1562 3795 impugnas.

808 3797 1001 3878 Quod
1059 3796 1284 3862 obiicis
1343 3797 1424 3862 de
1479 3797 1851 3881 pharisaica
1907 3820 2180 3881 operum
2233 3798 2491 3875 fiducia,
2537 3798 2591 3861 si

631 3885 984 3966 recipimus
1051 3885 1480 3948 sacramentis
1538 3883 1829 3949 exhiberi
1899 3886 2216 3968 gratiam,
2276 3884 2593 3948 adversus

630 3992 752 4034 nos
794 3969 1006 4031 locum
1043 3991 1174 4032 non
1209 3968 1422 4033 habet.
1492 3969 1716 4052 Neque
1753 3970 1930 4033 enim
1966 3970 2232 4052 proprie
2266 3967 2593 4053 loquendo

632 4065 1044 4120 sacramenta
1100 4054 1440 4118 hominum
1516 4075 1712 4138 opera
1776 4056 2028 4120 censeri
2083 4053 2337 4120 debent.
2429 4056 2592 4138 E'g0,

632 4161 830 4224 quum
880 4140 962 4202 ad
1003 4161 1275 4204 coenam
1321 4141 1584 4218 accedo,
1642 4140 1807 4204 nihil
1864 4141 2065 4206 affero
2124 4140 2204 4205 de
2249 4162 2413 4219 meo,
2478 4138 2594 4205 sed

634 4225 903 4292 Christo
948 4246 1053 4289 me
1099 4228 1300 4288 offero
1345 4226 1760 4308 pascendum.
1829 4227 1935 4290 Ita
1977 4226 2086 4292 hic
2131 4226 2386 4291 nullum
2431 4247 2594 4309 opus

634 4313 706 4375 in
751 4311 1072 4375 rationem
1117 4311 1369 4387 veniet,
1430 4313 1586 4392 quia
1651 4310 1731 4376 de
1790 4311 1928 4376 sola
1987 4314 2239 4395 gratiae
2283 4312 2416 4376 Dei
2460 4311 2594 4376 dis-

633 4398 1015 4481 pensatione
1060 4397 1299 4479 agitur.

808 4479 1002 4562 Quod
1060 4484 1361 4563 superius
1422 4483 1610 4567 attigi
1666 4503 1930 4550 necesse
1997 4495 2099 4551 est
2166 4484 2274 4550 hic
2341 4504 2594 4568 quoque

635 4574 950 4651 repetere.
1042 4569 1324 4649 Saepius
1363 4570 1539 4633 enim
1576 4569 1658 4634 ad
1701 4570 1890 4636 illum
1939 4571 2448 4655 paralogismum
2491 4591 2595 4634 re·.

635 4654 895 4719 laberis».
968 4652 1040 4718 Si
1083 4655 1264 4717 Deus
1305 4655 1596 4719 insinuat
1639 4677 1709 4719 se
1744 4657 2045 4721 cordibus
2090 4658 2330 4721 nostris
2374 4664 2443 4722 et
2478 4676 2595 4719 ex-

638 4739 820 4804 hibet
866 4760 983 4821 per
1029 4740 1327 4821 spiritum
1378 4752 1443 4803 et
1487 4741 1714 4815 fidem,
1774 4764 1911 4807 non
1969 4744 2172 4823 igitur
2216 4764 2333 4823 per
2379 4761 2597 4807 sacra-

634 4834 878 4889 menta.
949 4824 1082 4887 Sed
1129 4827 1320 4893 unde.
1369 4848 1628 4907 quaese,
1674 4827 1884 4892 fides?
1959 4830 2195 4892 Nonne
2241 4850 2322 4890 ex
2369 4825 2598 4891 auditu

635 4910 831 4975 fidei?
934 4910 1130 4974 Unde
1217 4912 1526 4994 spiritus?
1631 4913 1868 4977 Nonne
1949 4935 2031 4977 ex
2109 4914 2598 4995 praedieatione

636 4996 1010 5079 evangelii?
1098 4996 1466 5079 Utrumque
1524 4999 1696 5061 enim
1754 5007 2035 5063 testatur
2089 5001 2356 5063 Paulus.
2451 4998 2596 5063 Scis

638 5084 813 5146 enim
865 5082 981 5145 hoc
1027 5086 1350 5164 posterius
1397 5092 1655 5148 exstare
1691 5084 1774 5147 ad
1821 5084 2116 5161 Galatas,
2163 5084 2328 5148 illud
2370 5106 2596 5168 sump-

640 5178 782 5229 tum
828 5170 968 5232 esse
1016 5189 1097 5230 ex
1144 5168 1393 5232 decimo
1439 5170 1519 5233 ad
1566 5171 1919 5234 Romanos,
2015 5171 2208 5234 Verbi
2270 5181 2489 5235 autem
2532 5179 2597 5235 et

641 5266 1196 5317 sacramentorum
1242 5255 1464 5317 eadem
1515 5256 1582 5317 in
1620 5256 1744 5319 hac
1789 5266 1974 5339 parte
2019 5259 2203 5322 ratio.
2297 5258 2592 5321 Verbum

639 5339 817 5403 enim
883 5339 1034 5403 fidei
1110 5341 1509 5421 insculptum
1579 5353 1678 5405 cst
1755 5348 2193 5409 sacramentis.
2309 5343 2596 5409 Proinde

2180 434 2710 504 EPISTOLAE
2756 436 3091 500 880—881

2691 622 2854 689 adeo
2890 644 3021 687 non
3057 627 3328 707 pugnat,
3368 620 3589 688 Deum
3630 643 3748 707 per
3782 628 4193 689 sacramenta
4225 622 4430 689 facere
4458 624 4604 707 quod

2690 709 2851 774 facit
2893 729 3012 792 per
3051 707 3283 788 fidem,
3342 719 3421 774 ut
3477 710 3761 774 alterum
3804 708 4024 791 potius
4067 718 4380 790 sequatur
4418 729 4490 772 ex
4527 709 4604 773 al·

2694 806 2851 860 tero.
2922 792 3295 878 Loquimur
3338 795 3514 860 enim
3561 795 3641 860 de
3684 795 4016 861 ordinaria
4057 794 4364 860 ecclesiae
4405 794 4608 878 guber-

2693 882 2977 946 natione.
3066 878 3260 961 Quod
3306 880 3388 944 ad
3432 880 4097 964 spiritum-pertinet,
4158 879 4365 943 nihilo
4420 881 4612 945 absur-

2696 968 2842 1032 dius
2885 974 2986 1031 est
3029 966 3248 1031 Deum
3293 987 3488 1051 agere
3529 987 3649 1049 per
3692 974 4101 1033 sacramenta
4143 965 4311 1048 quod
4357 986 4467 1048 per
4504 968 4612 1047 spi-

2694 1054 2896 1119 ritum
2943 1054 3109 1136 agit,
3166 1074 3362 1134 quam
3410 1053 3713 1134 spiritum
3761 1054 3979 1119 vocari
4020 1051 4306 1137 sigillum
4352 1051 4615 1115 haeredi-

2697 1140 2852 1204 tatis
2909 1146 3174 1204 nostrae
3190 1190 3205 1218 ‚
3269 1146 3335 1204 et
3398 1138 3574 1203 idem
3632 1158 3871 1203 nomen
3936 1138 4136 1203 tribui
4201 1138 4616 1203 sacramentis.

2695 1225 2804 1290 Da
2837 1224 3134 1289 veniam:
3181 1225 3344 1289 haec
3383 1224 3909 1290 hallucinationis
3941 1244 4137 1290 eausa
4172 1232 4271 1288 est
4307 1221 4475 1308 quod
4511 1243 4619 1287 non

2694 1319 2961 1394 reputas
2979 1363 2995 1390 ,
3062 1330 3231 1393 quae
3296 1310 3833 1376 subalternantur
3898 1331 4030 1374 non
4095 1330 4238 1374 esse
4302 1310 4620 1373 contraris.

2697 1395 2847 1478 Quo
2893 1397 2963 1460 in
3008 1395 3239 1460 ordine
3284 1406 3443 1462 sunt
3485 1396 3669 1462 labor
3711 1417 4024 1461 manuum
4071 1403 4137 1459 et
4176 1394 4305 1459 Dei
4349 1394 4623 1461 benedic·

2697 1484 2815 1558 tio,
2877 1482 3076 1547 etiam
3133 1480 3345 1564 quoad
3389 1484 3596 1546 vitam
3657 1482 4074 1566 corporalem.
4162 1481 4362 1546 Nunc
4406 1481 4459 1545 si
4501 1481 4625 1562 quis

2698 1576 2897 1651 neget
2938 1567 3158 1633 labore
3195 1589 3514 1633 manuum
3549 1568 3731 1652 pasci
3776 1568 4106 1632 hominem
4149 1568 4306 1654 quia
4348 1575 4629 1649 pascatur

2697 1656 2825 1720 Dei
2867 1652 3337 1732 benedictione,
3383 1674 3604 1719 nonne
3640 1653 3851 1720 facilis
3887 1654 4013 1718 erit
4054 1654 4412 1736 responsiO,
4454 1650 4629 1733 probe

2697 1740 3054 1805 convenire
3097 1741 3271 1804 inter
3327 1762 3397 1804 se
3453 1740 3613 1806 haec
3670 1740 3832 1817 duo,
3878 1739 4070 1803 modo
4114 1739 4240 1805 Dei
4289 1736 4631 1803 benedictio

2696 1827 2944 1908 primas
2978 1834 3219 1899 teneat,
3263 1826 3397 1890 imo
3430 1846 3636 1908 penes
3679 1827 3890 1908 ipsam
3945 1835 4209 1888 maneat
4251 1826 4322 1888 in
4368 1822 4631 1888 solidum

2698 1919 2835 1975 tota
2869 1911 3099 1988 virtus,
3136 1910 3320 1974 labor
3354 1932 3669 1976 manuum
3703 1930 3904 1977 causa
3936 1911 4467 1976 instrumentalis
4501 1930 4634 1976 cen-

2696 2004 2934 2062 seatur.
3004 1995 3279 2078 Quoties
3317 2018 3471 2080 ergo
3508 1998 3778 2079 spiritus
3820 1998 4220 2061 mentionem
4266 1997 4485 2076 facies,
4528 1996 4634 2059 hoc

2696 2083 2814 2147 tibi
2858 2104 3243 2165 responsum
3292 2085 3405 2161 sit,
3466 2104 3596 2147 non
3644 2082 3901 2148 obstare
3945 2081 4255 2166 quidquid
4302 2083 4405 2147 illi
4450 2082 4634 2165 scrip-

2697 2177 2847 2233 tura
2880 2166 3172 2233 vindicat
3205 2169 3553 2251 quominus
3589 2177 3999 2234 sacramenta
4035 2169 4169 2233 sint
4203 2169 4347 2233 eius
4384 2189 4636 2252 organa,

2695 2263 2956 2319 mortua
3001 2263 3224 2318 tamen
3266 2264 3333 2318 et
3375 2254 3654 2334 inutilia,
3701 2255 3826 2320 nisi
3870 2263 4191 2338 quatenus
4229 2275 4307 2318 ea
4341 2256 4636 2320 vivificat.

2868 2341 2972 2405 'I'u
3015 2338 3281 2422 quidem
3323 2340 3605 2404 multum
3648 2340 3719 2405 in
3764 2361 3841 2405 eo
3883 2341 4080 2404 sudas
4114 2362 4198 2405 ne
4232 2341 4525 2406 videaris
4556 2340 4637 2404 fa·

2696 2448 2840 2491 cere
2882 2427 3128 2503 inania,
3174 2425 3288 2491 sed
3332 2426 3652 2490 admoneo
3710 2435 3773 2491 te
3827 2428 4055 2492 multis
4100 2447 4230 2491 non
4277 2426 4639 2492 satisfactu-

2694 2534 2842 2577 rum
2888 2532 3171 2594 quorum
3216 2521 3287 2576 tu
3331 2512 3644 2577 iudicium
3689 2533 3822 2577 non
3872 2513 4253 2579 contemnis.

2867 2597 3121 2661 Eodem
3179 2597 3391 2679 capite
3456 2598 3631 2662 circa
3688 2600 3917 2674 finem,
3984 2619 4186 2681 quum
4244 2597 4641 2663 ratiocinaris

2695 2683 2948 2747 nullam
3007 2684 3143 2747 fore
3199 2682 3452 2748 Christi
3508 2685 4163 2750 communicationem
4224 2693 4383 2750 ante
4441 2702 4644 2749 sacra·

2694 2779 2940 2843 menta,
2987 2769 3046 2834 si
3088 2790 3206 2851 per
3246 2777 3658 2834 sacramenta
3700 2770 3888 2834 nobis
3924 2770 4288 2850 exhibetur,
4334 2769 4513 2834 mala
4556 2783 4643 2833 est

2694 2855 3189 2936 consequentia:
3235 2875 3449 2938 neque
3485 2855 3660 2919 enim
3698 2878 3767 2921 se
3812 2856 4002 2921 nobis
4045 2864 4253 2920 totum
4299 2856 4520 2939 primo
4555 2852 4648 2918 die

2694 2941 3004 3006 Christus
3047 2941 3503 3006 communicat.
3594 2942 3765 3006 Nam
3823 2943 3881 3007 si
3928 2942 4239 3007 Christus
4282 2942 4545 3007 habitat
4582 2939 4647 3002 in

2694 3025 2996 3093 cordibus
3030 3027 3273 3093 nostris
3308 3047 3426 3109 per
3461 3028 3677 3108 fidem,
3720 3048 3843 3111 pro
3878 3028 4032 3093 fidei
4067 3028 4443 3113 augmentis
4483 3046 4648 3094 cres-

2695 3115 2782 3178 cit
2839 3113 3038 3177 etiam
3107 3114 3248 3178 eius
3312 3115 3826 3180 communicatio.
3929 3113 4364 3181 Sacramenta
4427 3121 4646 3193 autem

2695 3198 2910 3265 scalae
2954 3207 3110 3262 sunt
3150 3198 3384 3281 quibus
3428 3200 3591 3264 fides
3634 3210 4074 3282 promovetur.

2866 3284 3088 3368 Negas
3132 3284 3476 3350 Christum
3535 3286 3933 3369 porrigendo
3985 3309 4217 3370 panem
4264 3286 4542 3352 iussisse
4582 3288 4649 3348 ut

2695 3390 2931 3453 corpus
2998 3391 3191 3434 suum
3258 3370 3548 3436 edamus.
3656 3372 3803 3454 Ego
3871 3380 4091 3436 autem
4157 3374 4337 3438 hunc
4401 3369 4648 3439 Christi

2677 3455 2912 3522 verbis
2948 3476 3214 3521 sensum
3257 3456 3561 3521 existimo
3599 3456 3879 3523 subesse.
3942 3460 4194 3523 Panem
4230 3478 4425 3541 quem
4461 3465 4649 3524 vocat

2696 3563 2929 3624 corpus
2995 3562 3191 3606 suum
3256 3543 3448 3606 edere
3515 3564 3631 3608 nos
3686 3542 3884 3609 iubet.
3973 3544 4210 3609 Nonne
4267 3543 4647 3609 histrionice

2696 3628 2823 3692 erit
2879 3628 3047 3693 actio
3105 3627 3235 3691 nisi
3291 3649 3523 3711 corpus
3581 3629 3895 3696 edamus?
3996 3632 4090 3695 At
4147 3638 4377 3713 tropus
4430 3638 4534 3695 est
4583 3629 4647 3692 in

2695 3713 3091 3797 loquutione.
3198 3713 3473 3778 Fateor:
3533 3714 3643 3779 sed
3703 3717 3797 3780 ita
3849 3724 3927 3780 ut
3984 3717 4254 3781 interior
4309 3717 4559 3782 veritas
4611 3734 4647 3777 a

2698 3799 2888 3883 signo
2932 3798 3176 3864 visibili
3214 3820 3347 3864 non
3382 3799 3772 3878 destruatur,
3820 3801 3933 3866 sed
3979 3802 4201 3886 potius
4244 3804 4503 3887 signum
4552 3800 4647 3867 vi-

2699 3885 2887 3950 sibile
2928 3885 3026 3947 rei
3071 3906 3270 3967 quam
3305 3887 3547 3969 figurat
3589 3908 3821 3951 verum
3867 3888 3954 3951 sit
3997 3890 4465 3953 testimonium.
4532 3891 4647 3953 At-

2700 3990 2825 4053 que
2881 3969 3044 4034 haec
3101 3970 3404 4054 analogia
3459 3984 3586 4048 est,
3656 3983 3730 4037 ut
3786 3983 4092 4039 vescatur
4147 3974 4396 4041 Christi
4455 3993 4647 4041 carne

2699 4057 2936 4131 anima,
2982 4056 3176 4121 sicuti
3218 4076 3451 4140 corpus
3494 4079 3680 4140 pane.

2871 4141 3099 4207 Habes
3144 4162 3310 4224 quae
3364 4145 3434 4208 in
3487 4144 3651 4211 libro
3712 4154 3823 4210 tuo
3884 4156 4173 4212 correcta
4232 4146 4517 4230 cupiam,
4574 4156 4645 4208 ut

2699 4229 2844 4292 sine
2909 4227 3293 4310 exceptione
3364 4230 3691 4311 probetur.
3783 4231 3936 4296 Non
3990 4254 4423 4298 commemoro
4483 4249 4645 4314 quae

2698 4312 3029 4378 laudanda
3073 4320 3248 4378 sunt.
3339 4315 3614 4380 Memini
3660 4318 3835 4382 enim
3882 4340 4047 4400 quas
4091 4318 4254 4383 mihi
4291 4326 4505 4401 partes
4544 4318 4643 4380 in-

2699 4399 3028 4476 iunxeris,
3094 4409 3170 4463 ut
3235 4398 3350 4465 tibi
3418 4415 3717 4465 notarem
3780 4425 3945 4486 quae
4012 4406 4230 4469 minus
4296 4404 4639 4487 placerent.

2700 4483 2892 4566 Quae
2931 4486 3138 4568 igitur
3173 4493 3241 4550 et
3274 4484 3530 4550 erudite
3567 4495 3847 4555 tractata
3880 4500 4054 4569 sunt,
4101 4501 4166 4555 et
4209 4491 4500 4575 apposite
4529 4486 4641 4551 ad-

2698 4569 2920 4650 ducta,
2978 4579 3043 4634 et
3096 4593 3213 4635 suo
3273 4571 3501 4635 ordine
3552 4574 3679 4637 rite
3728 4574 3791 4637 di
3840 4586 4009 4651 esta,
4065 4586 4134 4640 et
4169 4577 4501 4660 eleganter
4535 4594 4641 4638 or-

2702 4668 2980 4739 nateque
3016 4657 3327 4738 exposita,
3374 4679 3631 4723 mecum
3666 4597 3961 4739 lauffabo,
4005 4671 4199 4746 atque
4235 4664 4432 4728 etiam
4474 4656 4637 4743 apud

2701 4743 2863 4808 alios
2906 4763 3107 4824 quum
3167 4764 3333 4826 opus
3390 4744 3605 4808 fuerit.
3709 4747 3910 4830 Apud
3962 4758 4026 4812 te
4078 4748 4260 4813 volui

2701 4828 2873 4912 quod
2920 4848 3286 4910 rogaveras.
3379 4830 3571 4896 Nune
3618 4832 3771 4913 quia
3816 4833 4009 4897 amici
4053 4834 4266 4899 officio

4366 4757 4639 4814 raestare

4356 4836 4641 4899 efunctus

2702 4935 2869 4991 sum,
2919 4923 2985 4977 et
3025 4914 3142 4978 tibi
3168 4912 3597 4997 'obsequendo
3642 4926 3711 4980 et
3751 4919 3952 4983 libere
3997 4928 4060 4984 te
4107 4920 4459 4993 monendo,
4508 4936 4639 4980 res·

2702 5008 2798 5063 tat
2841 5010 2916 5063 ut
2959 5019 3170 5064 meam
3210 5000 3578 5066 libertatem
3624 5012 3765 5068 tum
3812 5004 4205 5089 obsequendi
4254 5006 4462 5071 studio
4501 5018 4633 5066 tum

2700 5085 3107 5169 simplicitati
3149 5084 3522 5152 adscribens
3568 5110 3710 5153 eam
3758 5089 3910 5154 boni
3945 5092 4265 5158 consulas.
4355 5088 4527 5173 Quod
4566 5094 4635 5148 te

2700 5172 3032 5237 facturum
3079 5172 3348 5237 confide.

2875 5259 3135 5323 Bernae
3192 5261 3405 5341 reperi
3462 5260 3635 5342 quod
3696 5282 3827 5326 non
3883 5262 4191 5345 putabas,
4263 5284 4380 5349 ego
4430 5269 4627 5329 autem

2702 5346 2972 5408 minime
2997 5344 3316 5422 volebam,
3356 5345 3727 5412 divinabam
3760 5356 4009 5413 tamen:
4048 5350 4099 5413 si
4144 5351 4305 5417 haec
4343 5342 4631 5414 divinatio

4496 438 4598 501 488
4686 423 4693 436 ’

4766 2043 4785 2348 μ--ιιᾼᾼ
4766 1957 4783 1990 0„
4782 1933 4783 1938 „
