<?xml version="1.0" encoding="UTF-8"?>
<!DOCTYPE html PUBLIC "-//W3C//DTD XHTML 1.0 Transitional//EN"
    "http://www.w3.org/TR/xhtml1/DTD/xhtml1-transitional.dtd">
<html xmlns="http://www.w3.org/1999/xhtml" xml:lang="en" lang="en">
 <head>
  <title>
</title>
<meta http-equiv="Content-Type" content="text/html;charset=utf-8" />
  <meta name='ocr-system' content='tesseract 3.04.00' />
  <meta name='ocr-capabilities' content='ocr_page ocr_carea ocr_par ocr_line ocrx_word'/>
</head>
<body>
  <div class='ocr_page' id='page_1' title='image "./ioanniscalvinio10unkngoog_0058.png"; bbox 0 0 4825 6175; ppageno 0'>
   <div class='ocr_carea' id='block_1_1' title="bbox 608 407 4599 481">
    <p class='ocr_par' dir='ltr' id='par_1_1' title="bbox 608 407 4599 481">
     <span class='ocr_line' id='line_1_1' title="bbox 608 407 4599 481; baseline -0.002 0"><span class='ocrx_word' id='word_1_1' title='bbox 608 419 687 481; x_wconf 87' lang='grc'>71</span> <span class='ocrx_word' id='word_1_2' title='bbox 2151 407 2680 477; x_wconf 82' lang='lat' dir='ltr'>EPIS&#39;I&#39;OLAE</span> <span class='ocrx_word' id='word_1_3' title='bbox 2725 409 3064 475; x_wconf 76' lang='lat'><strong>636-638</strong></span> <span class='ocrx_word' id='word_1_4' title='bbox 4527 411 4599 474; x_wconf 82' lang='lat'>72</span> 
     </span>
    </p>
   </div>
   <div class='ocr_carea' id='block_1_2' title="bbox 608 597 2562 673">
    <p class='ocr_par' dir='ltr' id='par_1_2' title="bbox 608 597 2562 673">
     <span class='ocr_line' id='line_1_2' title="bbox 608 597 2562 673; baseline -0.004 -15"><span class='ocrx_word' id='word_1_5' title='bbox 608 603 725 671; x_wconf 76' lang='lat' dir='ltr'>(Ex</span> <span class='ocrx_word' id='word_1_6' title='bbox 758 607 886 657; x_wconf 85' lang='lat' dir='ltr'>auto</span> <span class='ocrx_word' id='word_1_7' title='bbox 983 602 1094 673; x_wconf 85' lang='lat' dir='ltr'>pho</span> <span class='ocrx_word' id='word_1_8' title='bbox 1129 601 1273 656; x_wconf 89' lang='lat' dir='ltr'>Bibl.</span> <span class='ocrx_word' id='word_1_9' title='bbox 1321 605 1605 672; x_wconf 86' lang='lat' dir='ltr'>pastorum</span> <span class='ocrx_word' id='word_1_10' title='bbox 1648 598 2115 653; x_wconf 84' lang='lat' dir='ltr'>Neocomensium.</span> <span class='ocrx_word' id='word_1_11' title='bbox 2174 627 2215 633; x_wconf 75' lang='lat'>—</span> <span class='ocrx_word' id='word_1_12' title='bbox 2270 597 2562 667; x_wconf 87' lang='lat' dir='ltr'>Inscriptio</span> 
     </span>
    </p>
   </div>
   <div class='ocr_carea' id='block_1_3' title="bbox 605 666 2561 1144">
    <p class='ocr_par' dir='ltr' id='par_1_3' title="bbox 609 666 2555 739">
     <span class='ocr_line' id='line_1_3' title="bbox 609 666 2555 739; baseline -0.004 -12"><span class='ocrx_word' id='word_1_13' title='bbox 609 673 765 727; x_wconf 80' lang='lat' dir='ltr'>adest</span> <span class='ocrx_word' id='word_1_14' title='bbox 799 673 893 725; x_wconf 89' lang='lat' dir='ltr'>nul</span> <span class='ocrx_word' id='word_1_15' title='bbox 915 690 963 727; x_wconf 87' lang='lat' dir='ltr'>a.</span> <span class='ocrx_word' id='word_1_16' title='bbox 1033 671 1140 726; x_wconf 89' lang='lat' dir='ltr'>Sed</span> <span class='ocrx_word' id='word_1_17' title='bbox 1178 670 1309 739; x_wconf 91' lang='lat' dir='ltr'>quin</span> <span class='ocrx_word' id='word_1_18' title='bbox 1346 669 1626 724; x_wconf 72' lang='lat' dir='ltr'>Liberteto</span> <span class='ocrx_word' id='word_1_19' title='bbox 1662 667 1894 736; x_wconf 86' lang='lat' dir='ltr'>epistola</span> <span class='ocrx_word' id='word_1_20' title='bbox 1928 668 2136 736; x_wconf 82' lang='lat' dir='ltr'>scripta</span> <span class='ocrx_word' id='word_1_21' title='bbox 2156 667 2230 720; x_wconf 93' lang='lat' dir='ltr'>sit</span> <span class='ocrx_word' id='word_1_22' title='bbox 2264 667 2423 721; x_wconf 88' lang='lat' dir='ltr'>nobis</span> <span class='ocrx_word' id='word_1_23' title='bbox 2458 666 2555 720; x_wconf 88' lang='lat' dir='ltr'>du·</span> 
     </span>
    </p>

    <p class='ocr_par' dir='ltr' id='par_1_4' title="bbox 605 735 2560 799">
     <span class='ocr_line' id='line_1_4' title="bbox 605 735 2560 799; baseline -0.005 -3"><span class='ocrx_word' id='word_1_24' title='bbox 605 743 753 796; x_wconf 87' lang='lat' dir='ltr'>bium</span> <span class='ocrx_word' id='word_1_25' title='bbox 788 757 895 794; x_wconf 90' lang='lat' dir='ltr'>non</span> <span class='ocrx_word' id='word_1_26' title='bbox 934 746 1031 793; x_wconf 86' lang='lat' dir='ltr'>est.</span> <span class='ocrx_word' id='word_1_27' title='bbox 1104 739 1244 793; x_wconf 85' lang='lat' dir='ltr'>Nam</span> <span class='ocrx_word' id='word_1_28' title='bbox 1282 743 1440 792; x_wconf 86' lang='lat' dir='ltr'>autor</span> <span class='ocrx_word' id='word_1_29' title='bbox 1474 737 1609 790; x_wconf 88' lang='lat' dir='ltr'>dicit</span> <span class='ocrx_word' id='word_1_30' title='bbox 1642 752 1701 790; x_wconf 88' lang='lat' dir='ltr'>se</span> <span class='ocrx_word' id='word_1_31' title='bbox 1736 754 1762 789; x_wconf 91' lang='lat' dir='ltr'>s</span> <span class='ocrx_word' id='word_1_32' title='bbox 1804 752 2000 799; x_wconf 82' lang='lat' dir='ltr'>erasse,</span> <span class='ocrx_word' id='word_1_33' title='bbox 2038 736 2282 797; x_wconf 84' lang='lat' dir='ltr'>amicum,</span> <span class='ocrx_word' id='word_1_34' title='bbox 2319 738 2376 788; x_wconf 91' lang='lat' dir='ltr'>in</span> <span class='ocrx_word' id='word_1_35' title='bbox 2409 735 2560 788; x_wconf 86' lang='lat' dir='ltr'>cuius</span> 
     </span>
    </p>

    <p class='ocr_par' dir='ltr' id='par_1_5' title="bbox 611 804 2559 869">
     <span class='ocr_line' id='line_1_5' title="bbox 611 804 2559 869; baseline -0.005 -5"><span class='ocrx_word' id='word_1_36' title='bbox 611 810 773 864; x_wconf 89' lang='lat' dir='ltr'>domo</span> <span class='ocrx_word' id='word_1_37' title='bbox 811 809 1086 862; x_wconf 85' lang='lat' dir='ltr'>scribebat</span> <span class='ocrx_word' id='word_1_38' title='bbox 1122 808 1382 867; x_wconf 82' lang='lat' dir='ltr'>absentis,</span> <span class='ocrx_word' id='word_1_39' title='bbox 1430 823 1540 859; x_wconf 81' lang='lat' dir='ltr'>una</span> <span class='ocrx_word' id='word_1_40' title='bbox 1572 822 1694 857; x_wconf 86' lang='lat' dir='ltr'>cum</span> <span class='ocrx_word' id='word_1_41' title='bbox 1787 806 1927 859; x_wconf 89' lang='lat' dir='ltr'>ireto</span> <span class='ocrx_word' id='word_1_42' title='bbox 1963 805 2332 869; x_wconf 86' lang='lat' dir='ltr'>traiecturum,</span> <span class='ocrx_word' id='word_1_43' title='bbox 2367 804 2559 856; x_wconf 79' lang='lat' dir='ltr'>Lema-</span> 
     </span>
    </p>

    <p class='ocr_par' dir='ltr' id='par_1_6' title="bbox 609 873 2561 946">
     <span class='ocr_line' id='line_1_6' title="bbox 609 873 2561 946; baseline -0.005 -13"><span class='ocrx_word' id='word_1_44' title='bbox 609 896 739 934; x_wconf 88' lang='lat' dir='ltr'>num</span> <span class='ocrx_word' id='word_1_45' title='bbox 813 886 924 942; x_wconf 81' lang='lat' dir='ltr'>uta,</span> <span class='ocrx_word' id='word_1_46' title='bbox 969 877 1025 931; x_wconf 89' lang='lat' dir='ltr'>in</span> <span class='ocrx_word' id='word_1_47' title='bbox 1065 893 1172 946; x_wconf 90' lang='lat' dir='ltr'>quo</span> <span class='ocrx_word' id='word_1_48' title='bbox 1206 884 1393 929; x_wconf 86' lang='lat' dir='ltr'>tamen</span> <span class='ocrx_word' id='word_1_49' title='bbox 1439 875 1769 943; x_wconf 82' lang='lat' dir='ltr'>perficiendo</span> <span class='ocrx_word' id='word_1_50' title='bbox 1812 875 2039 937; x_wconf 86' lang='lat' dir='ltr'>itinere,</span> <span class='ocrx_word' id='word_1_51' title='bbox 2090 873 2333 926; x_wconf 83' lang='lat' dir='ltr'>adversis</span> <span class='ocrx_word' id='word_1_52' title='bbox 2386 873 2561 925; x_wconf 78' lang='lat' dir='ltr'>ventis</span> 
     </span>
    </p>

    <p class='ocr_par' dir='ltr' id='par_1_7' title="bbox 608 895 2560 1018">
     <span class='ocr_line' id='line_1_7' title="bbox 608 895 2560 1018; baseline -0.004 -18"><span class='ocrx_word' id='word_1_53' title='bbox 608 895 919 1018; x_wconf 66' lang='lat' dir='ltr'>impeditus,</span> <span class='ocrx_word' id='word_1_54' title='bbox 955 945 1239 1015; x_wconf 76' lang='lat' dir='ltr'>promissis</span> <span class='ocrx_word' id='word_1_55' title='bbox 1274 945 1367 997; x_wconf 88' lang='lat' dir='ltr'>ille</span> <span class='ocrx_word' id='word_1_56' title='bbox 1403 951 1549 997; x_wconf 86' lang='lat' dir='ltr'>stare</span> <span class='ocrx_word' id='word_1_57' title='bbox 1584 961 1694 997; x_wconf 91' lang='lat' dir='ltr'>non</span> <span class='ocrx_word' id='word_1_58' title='bbox 1726 943 1923 1011; x_wconf 84' lang='lat' dir='ltr'>potuit.</span> <span class='ocrx_word' id='word_1_59' title='bbox 1992 942 2144 996; x_wconf 86' lang='lat' dir='ltr'>Haeo</span> <span class='ocrx_word' id='word_1_60' title='bbox 2193 941 2414 994; x_wconf 87' lang='lat' dir='ltr'>minime</span> <span class='ocrx_word' id='word_1_61' title='bbox 2466 942 2560 994; x_wconf 91' lang='lat' dir='ltr'>ob·</span> 
     </span>
    </p>

    <p class='ocr_par' dir='ltr' id='par_1_8' title="bbox 607 1009 2559 1144">
     <span class='ocr_line' id='line_1_8' title="bbox 607 1009 2559 1144; baseline -0.004 -75"><span class='ocrx_word' id='word_1_62' title='bbox 607 1032 763 1070; x_wconf 85' lang='lat' dir='ltr'>scure</span> <span class='ocrx_word' id='word_1_63' title='bbox 798 1016 973 1085; x_wconf 81' lang='lat' dir='ltr'><strong>ripam</strong></span> <span class='ocrx_word' id='word_1_64' title='bbox 1024 1014 1380 1069; x_wconf 75' lang='lat' dir='ltr'>sabaudicam</span> <span class='ocrx_word' id='word_1_65' title='bbox 1418 1018 1513 1133; x_wconf 55' lang='lat' dir='ltr'>eth</span> <span class='ocrx_word' id='word_1_66' title='bbox 1529 1011 1745 1144; x_wconf 60' lang='lat' dir='ltr'>dom13m</span> <span class='ocrx_word' id='word_1_67' title='bbox 1790 1011 2025 1064; x_wconf 86' lang='lat' dir='ltr'>ministri</span> <span class='ocrx_word' id='word_1_68' title='bbox 2072 1009 2429 1065; x_wconf 87' lang='lat' dir='ltr'>Tononiensis</span> <span class='ocrx_word' id='word_1_69' title='bbox 2477 1009 2559 1061; x_wconf 91' lang='lat' dir='ltr'>in-</span> 
     </span>
     <span class='ocr_line' id='line_1_9' title="bbox 1499 1079 1659 1133; baseline 0 0"><span class='ocrx_word' id='word_1_70' title='bbox 1499 1079 1659 1133; x_wconf 61' lang='lat' dir='ltr'>&#39;cana</span> 
     </span>
    </p>
   </div>
   <div class='ocr_carea' id='block_1_4' title="bbox 573 1246 2558 5018">
    <p class='ocr_par' dir='ltr' id='par_1_9' title="bbox 596 1246 2558 2706">
     <span class='ocr_line' id='line_1_10' title="bbox 774 1246 2557 1319; baseline -0.004 0"><span class='ocrx_word' id='word_1_71' title='bbox 774 1253 955 1319; x_wconf 87' lang='lat' dir='ltr'>Male</span> <span class='ocrx_word' id='word_1_72' title='bbox 1011 1274 1117 1318; x_wconf 94' lang='lat' dir='ltr'>me</span> <span class='ocrx_word' id='word_1_73' title='bbox 1177 1261 1243 1317; x_wconf 85' lang='lat' dir='ltr'>et</span> <span class='ocrx_word' id='word_1_74' title='bbox 1304 1252 1575 1317; x_wconf 76' lang='lat' dir='ltr'>comites</span> <span class='ocrx_word' id='word_1_75' title='bbox 1648 1271 1828 1315; x_wconf 91' lang='lat' dir='ltr'>meos</span> <span class='ocrx_word' id='word_1_76' title='bbox 1882 1249 2114 1315; x_wconf 87' lang='lat' dir='ltr'>habuit</span> <span class='ocrx_word' id='word_1_77' title='bbox 2169 1249 2416 1313; x_wconf 89' lang='lat' dir='ltr'>multas</span> <span class='ocrx_word' id='word_1_78' title='bbox 2474 1246 2557 1312; x_wconf 90' lang='lat' dir='ltr'>ob</span> 
     </span>
     <span class='ocr_line' id='line_1_11' title="bbox 604 1334 2556 1424; baseline -0.005 -18"><span class='ocrx_word' id='word_1_79' title='bbox 604 1360 835 1407; x_wconf 90' lang='lat' dir='ltr'>causas</span> <span class='ocrx_word' id='word_1_80' title='bbox 880 1338 1053 1424; x_wconf 90' lang='lat' dir='ltr'>quod</span> <span class='ocrx_word' id='word_1_81' title='bbox 1111 1346 1173 1402; x_wconf 91' lang='lat' dir='ltr'>te</span> <span class='ocrx_word' id='word_1_82' title='bbox 1219 1334 1393 1403; x_wconf 92' lang='lat' dir='ltr'>domi</span> <span class='ocrx_word' id='word_1_83' title='bbox 1447 1358 1581 1401; x_wconf 94' lang='lat' dir='ltr'>non</span> <span class='ocrx_word' id='word_1_84' title='bbox 1635 1336 2102 1400; x_wconf 79' lang='lat' dir='ltr'><strong>invenerimus.</strong></span> <span class='ocrx_word' id='word_1_85' title='bbox 2191 1334 2556 1417; x_wconf 80' lang='lat' dir='ltr'>Praecipua</span> 
     </span>
     <span class='ocr_line' id='line_1_12' title="bbox 601 1418 2555 1510; baseline -0.004 -19"><span class='ocrx_word' id='word_1_86' title='bbox 601 1427 732 1491; x_wconf 82' lang='lat' dir='ltr'>fuit</span> <span class='ocrx_word' id='word_1_87' title='bbox 782 1425 950 1510; x_wconf 88' lang='lat' dir='ltr'>quod</span> <span class='ocrx_word' id='word_1_88' title='bbox 1015 1437 1225 1490; x_wconf 89' lang='lat' dir='ltr'>tecum</span> <span class='ocrx_word' id='word_1_89' title='bbox 1280 1421 1359 1487; x_wconf 92' lang='lat' dir='ltr'>de</span> <span class='ocrx_word' id='word_1_90' title='bbox 1415 1422 1612 1488; x_wconf 90' lang='lat' dir='ltr'>rebus</span> <span class='ocrx_word' id='word_1_91' title='bbox 1654 1421 1857 1486; x_wconf 83' lang='lat' dir='ltr'>variis</span> <span class='ocrx_word' id='word_1_92' title='bbox 1916 1420 2192 1503; x_wconf 77' lang='lat' dir='ltr'>colloqui</span> <span class='ocrx_word' id='word_1_93' title='bbox 2250 1418 2555 1503; x_wconf 90' lang='lat' dir='ltr'>cupieba-</span> 
     </span>
     <span class='ocr_line' id='line_1_13' title="bbox 603 1504 2555 1591; baseline -0.003 -15"><span class='ocrx_word' id='word_1_94' title='bbox 603 1533 769 1578; x_wconf 89' lang='lat' dir='ltr'>mus.</span> <span class='ocrx_word' id='word_1_95' title='bbox 838 1508 973 1577; x_wconf 92' lang='lat' dir='ltr'>Sed</span> <span class='ocrx_word' id='word_1_96' title='bbox 1020 1511 1179 1574; x_wconf 89' lang='lat' dir='ltr'>haec</span> <span class='ocrx_word' id='word_1_97' title='bbox 1215 1529 1471 1591; x_wconf 86' lang='lat' dir='ltr'>quoque</span> <span class='ocrx_word' id='word_1_98' title='bbox 1507 1508 1778 1574; x_wconf 85' lang='lat' dir='ltr'>accessit</span> <span class='ocrx_word' id='word_1_99' title='bbox 1821 1528 1973 1582; x_wconf 89' lang='lat' dir='ltr'>una,</span> <span class='ocrx_word' id='word_1_100' title='bbox 2020 1504 2190 1588; x_wconf 90' lang='lat' dir='ltr'>quod</span> <span class='ocrx_word' id='word_1_101' title='bbox 2226 1505 2308 1570; x_wconf 90' lang='lat' dir='ltr'>ab</span> <span class='ocrx_word' id='word_1_102' title='bbox 2348 1526 2555 1571; x_wconf 83' lang='lat' dir='ltr'>uxore</span> 
     </span>
     <span class='ocr_line' id='line_1_14' title="bbox 599 1590 2557 1679; baseline -0.003 -17"><span class='ocrx_word' id='word_1_103' title='bbox 599 1605 719 1662; x_wconf 87' lang='lat' dir='ltr'>tua</span> <span class='ocrx_word' id='word_1_104' title='bbox 762 1598 1118 1679; x_wconf 87' lang='lat' dir='ltr'>impetrare</span> <span class='ocrx_word' id='word_1_105' title='bbox 1161 1614 1497 1677; x_wconf 88' lang='lat' dir='ltr'>nunquam</span> <span class='ocrx_word' id='word_1_106' title='bbox 1518 1593 1852 1678; x_wconf 90' lang='lat' dir='ltr'>potuimus</span> <span class='ocrx_word' id='word_1_107' title='bbox 1895 1599 1971 1656; x_wconf 89' lang='lat' dir='ltr'>ut</span> <span class='ocrx_word' id='word_1_108' title='bbox 2010 1613 2131 1657; x_wconf 90' lang='lat' dir='ltr'>nos</span> <span class='ocrx_word' id='word_1_109' title='bbox 2172 1590 2557 1656; x_wconf 85' lang='lat' dir='ltr'>familiarius</span> 
     </span>
     <span class='ocr_line' id='line_1_15' title="bbox 604 1676 2555 1762; baseline -0.005 -14"><span class='ocrx_word' id='word_1_110' title='bbox 604 1691 934 1748; x_wconf 77' lang='lat' dir='ltr'>tractaret.</span> <span class='ocrx_word' id='word_1_111' title='bbox 1024 1679 1212 1746; x_wconf 86' lang='lat' dir='ltr'>Adeo</span> <span class='ocrx_word' id='word_1_112' title='bbox 1260 1681 1434 1744; x_wconf 90' lang='lat' dir='ltr'>enim</span> <span class='ocrx_word' id='word_1_113' title='bbox 1494 1679 1757 1762; x_wconf 85' lang='lat' dir='ltr'>profusa</span> <span class='ocrx_word' id='word_1_114' title='bbox 1800 1678 1929 1741; x_wconf 85' lang='lat' dir='ltr'>fuit</span> <span class='ocrx_word' id='word_1_115' title='bbox 1971 1689 2044 1741; x_wconf 86' lang='lat' dir='ltr'>ut</span> <span class='ocrx_word' id='word_1_116' title='bbox 2086 1676 2346 1742; x_wconf 81' lang='lat' dir='ltr'>viderer</span> <span class='ocrx_word' id='word_1_117' title='bbox 2388 1676 2555 1741; x_wconf 89' lang='lat' dir='ltr'>mihi</span> 
     </span>
     <span class='ocr_line' id='line_1_16' title="bbox 604 1762 2554 1851; baseline -0.004 -16"><span class='ocrx_word' id='word_1_118' title='bbox 604 1789 746 1834; x_wconf 89' lang='lat' dir='ltr'>esse</span> <span class='ocrx_word' id='word_1_119' title='bbox 788 1765 959 1851; x_wconf 86' lang='lat' dir='ltr'>apud</span> <span class='ocrx_word' id='word_1_120' title='bbox 1005 1768 1334 1832; x_wconf 89' lang='lat' dir='ltr'>hominem</span> <span class='ocrx_word' id='word_1_121' title='bbox 1380 1766 1698 1850; x_wconf 88' lang='lat' dir='ltr'>ignotum.</span> <span class='ocrx_word' id='word_1_122' title='bbox 1789 1763 2174 1828; x_wconf 87' lang='lat' dir='ltr'>Patiebatur</span> <span class='ocrx_word' id='word_1_123' title='bbox 2217 1785 2288 1828; x_wconf 89' lang='lat' dir='ltr'>se</span> <span class='ocrx_word' id='word_1_124' title='bbox 2334 1762 2554 1827; x_wconf 89' lang='lat' dir='ltr'>admo-</span> 
     </span>
     <span class='ocr_line' id='line_1_17' title="bbox 603 1846 2558 1937; baseline -0.004 -18"><span class='ocrx_word' id='word_1_125' title='bbox 603 1855 769 1919; x_wconf 86' lang='lat' dir='ltr'>neri.</span> <span class='ocrx_word' id='word_1_126' title='bbox 857 1853 1160 1937; x_wconf 83' lang='lat' dir='ltr'>Rogabat</span> <span class='ocrx_word' id='word_1_127' title='bbox 1203 1871 1399 1933; x_wconf 81' lang='lat' dir='ltr'>saepe</span> <span class='ocrx_word' id='word_1_128' title='bbox 1446 1859 1517 1914; x_wconf 91' lang='lat' dir='ltr'>ut</span> <span class='ocrx_word' id='word_1_129' title='bbox 1562 1870 1707 1915; x_wconf 92' lang='lat' dir='ltr'>meo</span> <span class='ocrx_word' id='word_1_130' title='bbox 1752 1848 1894 1913; x_wconf 90' lang='lat' dir='ltr'>iure</span> <span class='ocrx_word' id='word_1_131' title='bbox 1938 1850 2325 1931; x_wconf 80' lang='lat' dir='ltr'>imperarem</span> <span class='ocrx_word' id='word_1_132' title='bbox 2374 1846 2558 1932; x_wconf 86' lang='lat' dir='ltr'>quid-</span> 
     </span>
     <span class='ocr_line' id='line_1_18' title="bbox 604 1934 2552 2023; baseline -0.003 -20"><span class='ocrx_word' id='word_1_133' title='bbox 604 1938 759 2023; x_wconf 89' lang='lat' dir='ltr'>quid</span> <span class='ocrx_word' id='word_1_134' title='bbox 813 1939 1061 2004; x_wconf 88' lang='lat' dir='ltr'>liberet.</span> <span class='ocrx_word' id='word_1_135' title='bbox 1167 1937 1251 2001; x_wconf 94' lang='lat' dir='ltr'>In</span> <span class='ocrx_word' id='word_1_136' title='bbox 1308 1936 1583 2001; x_wconf 89' lang='lat' dir='ltr'>caeteris</span> <span class='ocrx_word' id='word_1_137' title='bbox 1641 1934 2000 2017; x_wconf 87' lang='lat' dir='ltr'>obsequuta</span> <span class='ocrx_word' id='word_1_138' title='bbox 2059 1945 2159 1998; x_wconf 88' lang='lat' dir='ltr'>est</span> <span class='ocrx_word' id='word_1_139' title='bbox 2219 1934 2416 1998; x_wconf 91' lang='lat' dir='ltr'>mihi:</span> <span class='ocrx_word' id='word_1_140' title='bbox 2485 1934 2552 1996; x_wconf 91' lang='lat' dir='ltr'>in</span> 
     </span>
     <span class='ocr_line' id='line_1_19' title="bbox 599 2019 2555 2103; baseline -0.002 -15"><span class='ocrx_word' id='word_1_141' title='bbox 599 2024 723 2091; x_wconf 90' lang='lat' dir='ltr'>hoc</span> <span class='ocrx_word' id='word_1_142' title='bbox 783 2045 913 2090; x_wconf 89' lang='lat' dir='ltr'>uno</span> <span class='ocrx_word' id='word_1_143' title='bbox 969 2045 1086 2089; x_wconf 89' lang='lat' dir='ltr'>suo</span> <span class='ocrx_word' id='word_1_144' title='bbox 1145 2022 1386 2087; x_wconf 87' lang='lat' dir='ltr'>iudicio</span> <span class='ocrx_word' id='word_1_145' title='bbox 1442 2023 1624 2086; x_wconf 85' lang='lat' dir='ltr'>stetit</span> <span class='ocrx_word' id='word_1_146' title='bbox 1680 2019 1854 2103; x_wconf 90' lang='lat' dir='ltr'>quod</span> <span class='ocrx_word' id='word_1_147' title='bbox 1913 2021 2113 2085; x_wconf 88' lang='lat' dir='ltr'>nimis</span> <span class='ocrx_word' id='word_1_148' title='bbox 2173 2027 2555 2102; x_wconf 78' lang='lat' dir='ltr'>sumptuose</span> 
     </span>
     <span class='ocr_line' id='line_1_20' title="bbox 601 2106 2557 2192; baseline -0.003 -19"><span class='ocrx_word' id='word_1_149' title='bbox 601 2131 720 2174; x_wconf 90' lang='lat' dir='ltr'>nos</span> <span class='ocrx_word' id='word_1_150' title='bbox 764 2110 1038 2192; x_wconf 83' lang='lat' dir='ltr'>excepit.</span> <span class='ocrx_word' id='word_1_151' title='bbox 1136 2107 1358 2190; x_wconf 89' lang='lat' dir='ltr'>Duplo</span> <span class='ocrx_word' id='word_1_152' title='bbox 1415 2109 1591 2171; x_wconf 88' lang='lat' dir='ltr'>enim</span> <span class='ocrx_word' id='word_1_153' title='bbox 1648 2107 1796 2189; x_wconf 89' lang='lat' dir='ltr'>plus</span> <span class='ocrx_word' id='word_1_154' title='bbox 1853 2106 1980 2172; x_wconf 90' lang='lat' dir='ltr'>cibi</span> <span class='ocrx_word' id='word_1_155' title='bbox 2023 2127 2217 2189; x_wconf 91' lang='lat' dir='ltr'>quam</span> <span class='ocrx_word' id='word_1_156' title='bbox 2264 2106 2557 2189; x_wconf 84' lang='lat' dir='ltr'>oportuit</span> 
     </span>
     <span class='ocr_line' id='line_1_21' title="bbox 600 2190 2554 2279; baseline -0.002 -19"><span class='ocrx_word' id='word_1_157' title='bbox 600 2217 858 2279; x_wconf 81' lang='lat' dir='ltr'>semper</span> <span class='ocrx_word' id='word_1_158' title='bbox 902 2196 1026 2259; x_wconf 86' lang='lat' dir='ltr'>fuit</span> <span class='ocrx_word' id='word_1_159' title='bbox 1070 2202 1392 2278; x_wconf 87' lang='lat' dir='ltr'>paratum.</span> <span class='ocrx_word' id='word_1_160' title='bbox 1460 2193 1607 2257; x_wconf 90' lang='lat' dir='ltr'>Hoc</span> <span class='ocrx_word' id='word_1_161' title='bbox 1643 2203 1863 2256; x_wconf 86' lang='lat' dir='ltr'>tamen</span> <span class='ocrx_word' id='word_1_162' title='bbox 1909 2213 2321 2274; x_wconf 88' lang='lat' dir='ltr'>nequaquam</span> <span class='ocrx_word' id='word_1_163' title='bbox 2366 2190 2554 2256; x_wconf 86' lang='lat' dir='ltr'>nobis</span> 
     </span>
     <span class='ocr_line' id='line_1_22' title="bbox 596 2278 2553 2362; baseline -0.002 -16"><span class='ocrx_word' id='word_1_164' title='bbox 596 2281 878 2354; x_wconf 87' lang='lat' dir='ltr'>obstitit,</span> <span class='ocrx_word' id='word_1_165' title='bbox 942 2279 1291 2362; x_wconf 89' lang='lat' dir='ltr'>quominus</span> <span class='ocrx_word' id='word_1_166' title='bbox 1346 2278 1628 2361; x_wconf 91' lang='lat' dir='ltr'>hospitio</span> <span class='ocrx_word' id='word_1_167' title='bbox 1690 2287 1801 2343; x_wconf 90' lang='lat' dir='ltr'>tuo</span> <span class='ocrx_word' id='word_1_168' title='bbox 1864 2278 2277 2341; x_wconf 76' lang='lat' dir='ltr'>familiariter</span> <span class='ocrx_word' id='word_1_169' title='bbox 2335 2285 2553 2342; x_wconf 87' lang='lat' dir='ltr'>utere-</span> 
     </span>
     <span class='ocr_line' id='line_1_23' title="bbox 597 2361 2554 2443; baseline -0.003 -12"><span class='ocrx_word' id='word_1_170' title='bbox 597 2388 764 2432; x_wconf 87' lang='lat' dir='ltr'>mur.</span> <span class='ocrx_word' id='word_1_171' title='bbox 855 2364 1143 2430; x_wconf 89' lang='lat' dir='ltr'>Perinde</span> <span class='ocrx_word' id='word_1_172' title='bbox 1187 2366 1428 2429; x_wconf 89' lang='lat' dir='ltr'>fuimus</span> <span class='ocrx_word' id='word_1_173' title='bbox 1471 2365 1681 2429; x_wconf 88' lang='lat' dir='ltr'>securi</span> <span class='ocrx_word' id='word_1_174' title='bbox 1728 2384 1804 2430; x_wconf 88' lang='lat' dir='ltr'>ac</span> <span class='ocrx_word' id='word_1_175' title='bbox 1848 2363 1905 2427; x_wconf 89' lang='lat' dir='ltr'>si</span> <span class='ocrx_word' id='word_1_176' title='bbox 1951 2364 2285 2427; x_wconf 86' lang='lat' dir='ltr'>adfuisses.</span> <span class='ocrx_word' id='word_1_177' title='bbox 2376 2361 2554 2443; x_wconf 78' lang='lat' dir='ltr'>Quia</span> 
     </span>
     <span class='ocr_line' id='line_1_24' title="bbox 611 2449 2550 2532; baseline -0.002 -16"><span class='ocrx_word' id='word_1_178' title='bbox 611 2453 823 2517; x_wconf 80' lang='lat' dir='ltr'>Vireto</span> <span class='ocrx_word' id='word_1_179' title='bbox 865 2450 1306 2516; x_wconf 86' lang='lat' dir='ltr'>indicaveram</span> <span class='ocrx_word' id='word_1_180' title='bbox 1354 2471 1482 2532; x_wconf 90' lang='lat' dir='ltr'>quo</span> <span class='ocrx_word' id='word_1_181' title='bbox 1527 2449 1630 2514; x_wconf 90' lang='lat' dir='ltr'>die</span> <span class='ocrx_word' id='word_1_182' title='bbox 1678 2450 1783 2515; x_wconf 90' lang='lat' dir='ltr'>hic</span> <span class='ocrx_word' id='word_1_183' title='bbox 1826 2450 2086 2514; x_wconf 82' lang='lat' dir='ltr'>futurus</span> <span class='ocrx_word' id='word_1_184' title='bbox 2127 2470 2357 2527; x_wconf 88' lang='lat' dir='ltr'>essem,</span> <span class='ocrx_word' id='word_1_185' title='bbox 2404 2469 2550 2531; x_wconf 90' lang='lat' dir='ltr'>spe-</span> 
     </span>
     <span class='ocr_line' id='line_1_25' title="bbox 596 2533 2551 2620; baseline -0.002 -18"><span class='ocrx_word' id='word_1_186' title='bbox 596 2538 821 2602; x_wconf 87' lang='lat' dir='ltr'>rabam</span> <span class='ocrx_word' id='word_1_187' title='bbox 886 2548 1234 2620; x_wconf 85' lang='lat' dir='ltr'>utrumque</span> <span class='ocrx_word' id='word_1_188' title='bbox 1300 2535 1496 2600; x_wconf 81' lang='lat' dir='ltr'>simul</span> <span class='ocrx_word' id='word_1_189' title='bbox 1567 2536 2014 2600; x_wconf 87' lang='lat' dir='ltr'>traiecturum.</span> <span class='ocrx_word' id='word_1_190' title='bbox 2119 2533 2252 2599; x_wconf 91' lang='lat' dir='ltr'>Sed</span> <span class='ocrx_word' id='word_1_191' title='bbox 2311 2545 2551 2599; x_wconf 85' lang='lat' dir='ltr'>ventus</span> 
     </span>
     <span class='ocr_line' id='line_1_26' title="bbox 597 2619 1986 2706; baseline -0.004 -18"><span class='ocrx_word' id='word_1_192' title='bbox 597 2644 854 2706; x_wconf 89' lang='lat' dir='ltr'>semper</span> <span class='ocrx_word' id='word_1_193' title='bbox 898 2622 1280 2688; x_wconf 84' lang='lat' dir='ltr'>adversatus</span> <span class='ocrx_word' id='word_1_194' title='bbox 1321 2623 1570 2685; x_wconf 89' lang='lat' dir='ltr'>interea</span> <span class='ocrx_word' id='word_1_195' title='bbox 1612 2621 1798 2686; x_wconf 84' lang='lat' dir='ltr'>vobis</span> <span class='ocrx_word' id='word_1_196' title='bbox 1842 2619 1986 2684; x_wconf 88' lang='lat' dir='ltr'>fuit.</span> 
     </span>
    </p>

    <p class='ocr_par' dir='ltr' id='par_1_10' title="bbox 573 2705 2549 4590">
     <span class='ocr_line' id='line_1_27' title="bbox 768 2705 2549 2785; baseline -0.002 -12"><span class='ocrx_word' id='word_1_197' title='bbox 768 2709 961 2774; x_wconf 91' lang='lat' dir='ltr'>Nunc</span> <span class='ocrx_word' id='word_1_198' title='bbox 1004 2729 1182 2785; x_wconf 83' lang='lat' dir='ltr'>vero,</span> <span class='ocrx_word' id='word_1_199' title='bbox 1247 2728 1328 2771; x_wconf 91' lang='lat' dir='ltr'>ne</span> <span class='ocrx_word' id='word_1_200' title='bbox 1372 2706 1711 2771; x_wconf 79' lang='lat' dir='ltr'>exinanita</span> <span class='ocrx_word' id='word_1_201' title='bbox 1755 2705 1946 2770; x_wconf 89' lang='lat' dir='ltr'>domo</span> <span class='ocrx_word' id='word_1_202' title='bbox 1994 2721 2105 2769; x_wconf 90' lang='lat' dir='ltr'>tua</span> <span class='ocrx_word' id='word_1_203' title='bbox 2152 2726 2436 2771; x_wconf 86' lang='lat' dir='ltr'>vacuum</span> <span class='ocrx_word' id='word_1_204' title='bbox 2485 2713 2549 2770; x_wconf 91' lang='lat' dir='ltr'>te</span> 
     </span>
     <span class='ocr_line' id='line_1_28' title="bbox 595 2791 2544 2875; baseline -0.002 -16"><span class='ocrx_word' id='word_1_205' title='bbox 595 2815 634 2859; x_wconf 90' lang='lat' dir='ltr'>a</span> <span class='ocrx_word' id='word_1_206' title='bbox 690 2794 883 2859; x_wconf 89' lang='lat' dir='ltr'>rebus</span> <span class='ocrx_word' id='word_1_207' title='bbox 940 2794 1130 2858; x_wconf 86' lang='lat' dir='ltr'>novis</span> <span class='ocrx_word' id='word_1_208' title='bbox 1196 2791 1593 2874; x_wconf 85' lang='lat' dir='ltr'>relinquam,</span> <span class='ocrx_word' id='word_1_209' title='bbox 1660 2792 1848 2858; x_wconf 81' lang='lat' dir='ltr'>brevi</span> <span class='ocrx_word' id='word_1_210' title='bbox 1915 2791 2235 2875; x_wconf 84' lang='lat' dir='ltr'>quaedam</span> <span class='ocrx_word' id='word_1_211' title='bbox 2302 2793 2544 2874; x_wconf 83' lang='lat' dir='ltr'>accipe.</span> 
     </span>
     <span class='ocr_line' id='line_1_29' title="bbox 594 2877 2545 2961; baseline -0.002 -17"><span class='ocrx_word' id='word_1_212' title='bbox 594 2878 908 2944; x_wconf 84' lang='lat' dir='ltr'>Claudius</span> <span class='ocrx_word' id='word_1_213' title='bbox 951 2899 1137 2943; x_wconf 89' lang='lat' dir='ltr'>meus</span> <span class='ocrx_word' id='word_1_214' title='bbox 1186 2877 1609 2944; x_wconf 77' lang='lat' dir='ltr'>Senarczensis</span> <span class='ocrx_word' id='word_1_215' title='bbox 1631 2877 2019 2961; x_wconf 87' lang='lat' dir='ltr'>Witebcrga</span> <span class='ocrx_word' id='word_1_216' title='bbox 2052 2877 2218 2942; x_wconf 90' lang='lat' dir='ltr'>mihi</span> <span class='ocrx_word' id='word_1_217' title='bbox 2263 2877 2545 2961; x_wconf 80' lang='lat' dir='ltr'>scripsit,</span> 
     </span>
     <span class='ocr_line' id='line_1_30' title="bbox 592 2962 2543 3046; baseline -0.001 -17"><span class='ocrx_word' id='word_1_218' title='bbox 592 2972 801 3029; x_wconf 88' lang='lat' dir='ltr'>totam</span> <span class='ocrx_word' id='word_1_219' title='bbox 845 2964 1026 3029; x_wconf 90' lang='lat' dir='ltr'>illam</span> <span class='ocrx_word' id='word_1_220' title='bbox 1053 2964 1452 3030; x_wconf 83' lang='lat' dir='ltr'>Germaniae</span> <span class='ocrx_word' id='word_1_221' title='bbox 1499 2972 1751 3046; x_wconf 89' lang='lat' dir='ltr'>partem</span> <span class='ocrx_word' id='word_1_222' title='bbox 1799 2964 1962 3027; x_wconf 90' lang='lat' dir='ltr'>miro</span> <span class='ocrx_word' id='word_1_223' title='bbox 2007 2962 2337 3027; x_wconf 86' lang='lat' dir='ltr'>turbatam</span> <span class='ocrx_word' id='word_1_224' title='bbox 2383 2984 2543 3041; x_wconf 84' lang='lat' dir='ltr'>esse,</span> 
     </span>
     <span class='ocr_line' id='line_1_31' title="bbox 573 3048 2544 3134; baseline -0.001 -18"><span class='ocrx_word' id='word_1_225' title='bbox 573 3048 951 3116; x_wconf 81' lang='lat' dir='ltr'>-Saxoniam</span> <span class='ocrx_word' id='word_1_226' title='bbox 994 3050 1223 3117; x_wconf 80' lang='lat' dir='ltr'>vexari</span> <span class='ocrx_word' id='word_1_227' title='bbox 1266 3069 1307 3115; x_wconf 89' lang='lat' dir='ltr'>a</span> <span class='ocrx_word' id='word_1_228' title='bbox 1351 3049 1637 3133; x_wconf 85' lang='lat' dir='ltr'>quinque</span> <span class='ocrx_word' id='word_1_229' title='bbox 1693 3049 2021 3123; x_wconf 82' lang='lat' dir='ltr'>hostibus,</span> <span class='ocrx_word' id='word_1_230' title='bbox 2076 3070 2205 3114; x_wconf 92' lang='lat' dir='ltr'>non</span> <span class='ocrx_word' id='word_1_231' title='bbox 2266 3069 2544 3134; x_wconf 86' lang='lat' dir='ltr'>magnae</span> 
     </span>
     <span class='ocr_line' id='line_1_32' title="bbox 633 3132 2542 3220; baseline -0.001 -18"><span class='ocrx_word' id='word_1_232' title='bbox 633 3135 852 3202; x_wconf 90' lang='lat' dir='ltr'>uidem</span> <span class='ocrx_word' id='word_1_233' title='bbox 899 3137 1249 3220; x_wconf 88' lang='lat' dir='ltr'>potentiae,</span> <span class='ocrx_word' id='word_1_234' title='bbox 1296 3135 1411 3201; x_wconf 91' lang='lat' dir='ltr'>sed</span> <span class='ocrx_word' id='word_1_235' title='bbox 1457 3135 1569 3218; x_wconf 89' lang='lat' dir='ltr'>qui</span> <span class='ocrx_word' id='word_1_236' title='bbox 1627 3137 1921 3200; x_wconf 91' lang='lat' dir='ltr'>nocendo</span> <span class='ocrx_word' id='word_1_237' title='bbox 1965 3132 2210 3219; x_wconf 89' lang='lat' dir='ltr'>aliquid</span> <span class='ocrx_word' id='word_1_238' title='bbox 2256 3134 2542 3200; x_wconf 86' lang='lat' dir='ltr'>valeant.</span> 
     </span>
     <span class='ocr_line' id='line_1_33' title="bbox 626 3220 2543 3305; baseline -0.001 -17"><span class='ocrx_word' id='word_1_239' title='bbox 626 3243 743 3305; x_wconf 91' lang='lat' dir='ltr'>pse</span> <span class='ocrx_word' id='word_1_240' title='bbox 786 3224 851 3287; x_wconf 90' lang='lat' dir='ltr'>in</span> <span class='ocrx_word' id='word_1_241' title='bbox 899 3223 1136 3287; x_wconf 89' lang='lat' dir='ltr'>itinere</span> <span class='ocrx_word' id='word_1_242' title='bbox 1179 3241 1219 3286; x_wconf 89' lang='lat' dir='ltr'>a</span> <span class='ocrx_word' id='word_1_243' title='bbox 1263 3221 1699 3304; x_wconf 87' lang='lat' dir='ltr'>praedonibus</span> <span class='ocrx_word' id='word_1_244' title='bbox 1736 3222 2049 3304; x_wconf 89' lang='lat' dir='ltr'>spoliatus</span> <span class='ocrx_word' id='word_1_245' title='bbox 2094 3222 2235 3285; x_wconf 79' lang='lat' dir='ltr'>fuit.</span> <span class='ocrx_word' id='word_1_246' title='bbox 2324 3220 2543 3286; x_wconf 87' lang='lat' dir='ltr'>Bene-</span> 
     </span>
     <span class='ocr_line' id='line_1_34' title="bbox 590 3307 2541 3390; baseline -0.001 -19"><span class='ocrx_word' id='word_1_247' title='bbox 590 3307 801 3375; x_wconf 89' lang='lat' dir='ltr'>dictus</span> <span class='ocrx_word' id='word_1_248' title='bbox 844 3309 1192 3385; x_wconf 88' lang='lat' dir='ltr'>Dominus,</span> <span class='ocrx_word' id='word_1_249' title='bbox 1238 3308 1350 3390; x_wconf 89' lang='lat' dir='ltr'>qui</span> <span class='ocrx_word' id='word_1_250' title='bbox 1391 3307 1583 3372; x_wconf 89' lang='lat' dir='ltr'>illum</span> <span class='ocrx_word' id='word_1_251' title='bbox 1628 3307 1868 3390; x_wconf 86' lang='lat' dir='ltr'>eripuit</span> <span class='ocrx_word' id='word_1_252' title='bbox 1912 3328 1951 3371; x_wconf 89' lang='lat' dir='ltr'>a</span> <span class='ocrx_word' id='word_1_253' title='bbox 1996 3307 2322 3389; x_wconf 83' lang='lat' dir='ltr'>praesenti</span> <span class='ocrx_word' id='word_1_254' title='bbox 2367 3328 2541 3372; x_wconf 90' lang='lat' dir='ltr'>mor·</span> 
     </span>
     <span class='ocr_line' id='line_1_35' title="bbox 588 3392 2541 3478; baseline -0.001 -20"><span class='ocrx_word' id='word_1_255' title='bbox 588 3394 674 3459; x_wconf 87' lang='lat' dir='ltr'>tis</span> <span class='ocrx_word' id='word_1_256' title='bbox 732 3393 1036 3478; x_wconf 81' lang='lat' dir='ltr'>periculo,</span> <span class='ocrx_word' id='word_1_257' title='bbox 1139 3393 1508 3476; x_wconf 87' lang='lat' dir='ltr'>Imperator</span> <span class='ocrx_word' id='word_1_258' title='bbox 1571 3393 1760 3458; x_wconf 89' lang='lat' dir='ltr'>solito</span> <span class='ocrx_word' id='word_1_259' title='bbox 1818 3392 2144 3458; x_wconf 87' lang='lat' dir='ltr'>crudelius</span> <span class='ocrx_word' id='word_1_260' title='bbox 2202 3393 2419 3457; x_wconf 86' lang='lat' dir='ltr'>saevit</span> <span class='ocrx_word' id='word_1_261' title='bbox 2473 3393 2541 3457; x_wconf 92' lang='lat' dir='ltr'>in</span> 
     </span>
     <span class='ocr_line' id='line_1_36' title="bbox 586 3477 2542 3565; baseline -0.001 -21"><span class='ocrx_word' id='word_1_262' title='bbox 586 3479 833 3565; x_wconf 84' lang='lat' dir='ltr'>Belgis.</span> <span class='ocrx_word' id='word_1_263' title='bbox 922 3479 1146 3545; x_wconf 88' lang='lat' dir='ltr'>Unum</span> <span class='ocrx_word' id='word_1_264' title='bbox 1193 3487 1293 3542; x_wconf 85' lang='lat' dir='ltr'>est</span> <span class='ocrx_word' id='word_1_265' title='bbox 1337 3477 1507 3562; x_wconf 89' lang='lat' dir='ltr'>quod</span> <span class='ocrx_word' id='word_1_266' title='bbox 1550 3478 1623 3543; x_wconf 88' lang='lat' dir='ltr'>in</span> <span class='ocrx_word' id='word_1_267' title='bbox 1666 3480 1871 3544; x_wconf 89' lang='lat' dir='ltr'>tantis</span> <span class='ocrx_word' id='word_1_268' title='bbox 1914 3477 2392 3544; x_wconf 88' lang='lat' dir='ltr'>calamitatibus</span> <span class='ocrx_word' id='word_1_269' title='bbox 2438 3500 2542 3543; x_wconf 90' lang='lat' dir='ltr'>so-</span> 
     </span>
     <span class='ocr_line' id='line_1_37' title="bbox 585 3562 2541 3647; baseline 0 -18"><span class='ocrx_word' id='word_1_270' title='bbox 585 3564 712 3629; x_wconf 89' lang='lat' dir='ltr'>lari</span> <span class='ocrx_word' id='word_1_271' title='bbox 757 3586 878 3630; x_wconf 84' lang='lat' dir='ltr'>nos</span> <span class='ocrx_word' id='word_1_272' title='bbox 923 3563 1133 3634; x_wconf 85' lang='lat' dir='ltr'>debet.</span> <span class='ocrx_word' id='word_1_273' title='bbox 1181 3585 1380 3647; x_wconf 91' lang='lat' dir='ltr'>quum</span> <span class='ocrx_word' id='word_1_274' title='bbox 1426 3562 1725 3630; x_wconf 81' lang='lat' dir='ltr'>videmus</span> <span class='ocrx_word' id='word_1_275' title='bbox 1768 3573 1956 3629; x_wconf 88' lang='lat' dir='ltr'>tanta</span> <span class='ocrx_word' id='word_1_276' title='bbox 1996 3565 2366 3630; x_wconf 86' lang='lat' dir='ltr'>constantia</span> <span class='ocrx_word' id='word_1_277' title='bbox 2408 3564 2541 3629; x_wconf 85' lang='lat' dir='ltr'>fra·</span> 
     </span>
     <span class='ocr_line' id='line_1_38' title="bbox 586 3648 2541 3733; baseline 0 -18"><span class='ocrx_word' id='word_1_278' title='bbox 586 3658 722 3716; x_wconf 87' lang='lat' dir='ltr'>tres</span> <span class='ocrx_word' id='word_1_279' title='bbox 767 3648 849 3715; x_wconf 92' lang='lat' dir='ltr'>ad</span> <span class='ocrx_word' id='word_1_280' title='bbox 894 3658 1175 3715; x_wconf 89' lang='lat' dir='ltr'>mortem</span> <span class='ocrx_word' id='word_1_281' title='bbox 1236 3650 1482 3715; x_wconf 87' lang='lat' dir='ltr'>alacres</span> <span class='ocrx_word' id='word_1_282' title='bbox 1538 3670 1830 3733; x_wconf 83' lang='lat' dir='ltr'>pergere.</span> <span class='ocrx_word' id='word_1_283' title='bbox 1923 3651 2070 3715; x_wconf 91' lang='lat' dir='ltr'>Non</span> <span class='ocrx_word' id='word_1_284' title='bbox 2116 3648 2340 3714; x_wconf 89' lang='lat' dir='ltr'>dubito</span> <span class='ocrx_word' id='word_1_285' title='bbox 2382 3652 2541 3732; x_wconf 89' lang='lat' dir='ltr'>quin</span> 
     </span>
     <span class='ocr_line' id='line_1_39' title="bbox 584 3734 2538 3818; baseline 0.001 -19"><span class='ocrx_word' id='word_1_286' title='bbox 584 3736 706 3801; x_wconf 89' lang='lat' dir='ltr'>tibi</span> <span class='ocrx_word' id='word_1_287' title='bbox 751 3747 817 3801; x_wconf 87' lang='lat' dir='ltr'>et</span> <span class='ocrx_word' id='word_1_288' title='bbox 864 3736 1095 3801; x_wconf 79' lang='lat' dir='ltr'>Ioanni</span> <span class='ocrx_word' id='word_1_289' title='bbox 1139 3736 1382 3818; x_wconf 89' lang='lat' dir='ltr'>aliquid</span> <span class='ocrx_word' id='word_1_290' title='bbox 1429 3736 1765 3801; x_wconf 85' lang='lat' dir='ltr'>scribatur.</span> <span class='ocrx_word' id='word_1_291' title='bbox 1834 3734 1912 3801; x_wconf 91' lang='lat' dir='ltr'>Si</span> <span class='ocrx_word' id='word_1_292' title='bbox 1949 3735 2288 3801; x_wconf 83' lang='lat' dir='ltr'>Genevam</span> <span class='ocrx_word' id='word_1_293' title='bbox 2335 3735 2538 3816; x_wconf 84' lang='lat' dir='ltr'>brevi,</span> 
     </span>
     <span class='ocr_line' id='line_1_40' title="bbox 584 3818 2542 3905; baseline 0 -18"><span class='ocrx_word' id='word_1_294' title='bbox 584 3821 761 3905; x_wconf 89' lang='lat' dir='ltr'>quod</span> <span class='ocrx_word' id='word_1_295' title='bbox 817 3823 955 3887; x_wconf 86' lang='lat' dir='ltr'>fore</span> <span class='ocrx_word' id='word_1_296' title='bbox 1000 3821 1287 3901; x_wconf 89' lang='lat' dir='ltr'>confido,</span> <span class='ocrx_word' id='word_1_297' title='bbox 1346 3823 1643 3900; x_wconf 83' lang='lat' dir='ltr'>veneris,</span> <span class='ocrx_word' id='word_1_298' title='bbox 1703 3822 1894 3905; x_wconf 86' lang='lat' dir='ltr'>plura</span> <span class='ocrx_word' id='word_1_299' title='bbox 1950 3821 2187 3887; x_wconf 89' lang='lat' dir='ltr'>audies.</span> <span class='ocrx_word' id='word_1_300' title='bbox 2305 3818 2542 3887; x_wconf 80' lang='lat' dir='ltr'>Caesar</span> 
     </span>
     <span class='ocr_line' id='line_1_41' title="bbox 583 3906 2539 3973; baseline 0 -1"><span class='ocrx_word' id='word_1_301' title='bbox 583 3906 851 3972; x_wconf 87' lang='lat' dir='ltr'>tandem</span> <span class='ocrx_word' id='word_1_302' title='bbox 897 3930 933 3972; x_wconf 92' lang='lat' dir='ltr'>e</span> <span class='ocrx_word' id='word_1_303' title='bbox 975 3907 1144 3973; x_wconf 88' lang='lat' dir='ltr'>lecto</span> <span class='ocrx_word' id='word_1_304' title='bbox 1185 3908 1476 3971; x_wconf 83' lang='lat' dir='ltr'>surrexit</span> <span class='ocrx_word' id='word_1_305' title='bbox 1535 3921 1610 3971; x_wconf 90' lang='lat' dir='ltr'>ut</span> <span class='ocrx_word' id='word_1_306' title='bbox 1662 3906 1744 3972; x_wconf 88' lang='lat' dir='ltr'>ad</span> <span class='ocrx_word' id='word_1_307' title='bbox 1789 3914 2184 3972; x_wconf 81' lang='lat' dir='ltr'>conventum</span> <span class='ocrx_word' id='word_1_308' title='bbox 2229 3907 2539 3972; x_wconf 90' lang='lat' dir='ltr'>Worma·</span> 
     </span>
     <span class='ocr_line' id='line_1_42' title="bbox 588 3991 2536 4059; baseline -0.001 0"><span class='ocrx_word' id='word_1_309' title='bbox 588 3993 873 4059; x_wconf 86' lang='lat' dir='ltr'>ciensem</span> <span class='ocrx_word' id='word_1_310' title='bbox 935 3993 1176 4057; x_wconf 85' lang='lat' dir='ltr'>veniat.</span> <span class='ocrx_word' id='word_1_311' title='bbox 1282 3993 1547 4058; x_wconf 86' lang='lat' dir='ltr'>Interea</span> <span class='ocrx_word' id='word_1_312' title='bbox 1603 3992 1738 4057; x_wconf 82' lang='lat' dir='ltr'>dux</span> <span class='ocrx_word' id='word_1_313' title='bbox 1791 3993 2191 4058; x_wconf 74' lang='lat' dir='ltr'>Aureliensis</span> <span class='ocrx_word' id='word_1_314' title='bbox 2247 3991 2327 4057; x_wconf 92' lang='lat' dir='ltr'>ad</span> <span class='ocrx_word' id='word_1_315' title='bbox 2388 4014 2536 4057; x_wconf 91' lang='lat' dir='ltr'>eum</span> 
     </span>
     <span class='ocr_line' id='line_1_43' title="bbox 591 4077 2541 4162; baseline 0.001 -19"><span class='ocrx_word' id='word_1_316' title='bbox 591 4088 743 4143; x_wconf 89' lang='lat' dir='ltr'>ante</span> <span class='ocrx_word' id='word_1_317' title='bbox 788 4077 926 4143; x_wconf 89' lang='lat' dir='ltr'>dies</span> <span class='ocrx_word' id='word_1_318' title='bbox 970 4078 1339 4161; x_wconf 90' lang='lat' dir='ltr'>quindecim</span> <span class='ocrx_word' id='word_1_319' title='bbox 1378 4078 1709 4161; x_wconf 89' lang='lat' dir='ltr'>profectus</span> <span class='ocrx_word' id='word_1_320' title='bbox 1750 4086 1868 4155; x_wconf 88' lang='lat' dir='ltr'>est,</span> <span class='ocrx_word' id='word_1_321' title='bbox 1915 4079 2178 4162; x_wconf 88' lang='lat' dir='ltr'>nuptias</span> <span class='ocrx_word' id='word_1_322' title='bbox 2214 4098 2361 4142; x_wconf 91' lang='lat' dir='ltr'>cum</span> <span class='ocrx_word' id='word_1_323' title='bbox 2400 4080 2541 4144; x_wconf 91' lang='lat' dir='ltr'>eius</span> 
     </span>
     <span class='ocr_line' id='line_1_44' title="bbox 588 4163 2540 4247; baseline 0.001 -19"><span class='ocrx_word' id='word_1_324' title='bbox 588 4174 787 4247; x_wconf 91' lang='lat' dir='ltr'>nepte</span> <span class='ocrx_word' id='word_1_325' title='bbox 834 4163 1231 4230; x_wconf 78' lang='lat' dir='ltr'>Ferdinandi</span> <span class='ocrx_word' id='word_1_326' title='bbox 1274 4164 1413 4228; x_wconf 89' lang='lat' dir='ltr'>filia</span> <span class='ocrx_word' id='word_1_327' title='bbox 1452 4164 1919 4229; x_wconf 80' lang='lat' dir='ltr'>celebraturus,</span> <span class='ocrx_word' id='word_1_328' title='bbox 1953 4164 2001 4247; x_wconf 83' lang='lat'>¹)</span> <span class='ocrx_word' id='word_1_329' title='bbox 2090 4164 2540 4230; x_wconf 85' lang='lat' dir='ltr'>Provinciales</span> 
     </span>
     <span class='ocr_line' id='line_1_45' title="bbox 588 4249 2544 4332; baseline 0 -17"><span class='ocrx_word' id='word_1_330' title='bbox 588 4250 788 4315; x_wconf 89' lang='lat' dir='ltr'>etiam</span> <span class='ocrx_word' id='word_1_331' title='bbox 823 4249 1275 4314; x_wconf 87' lang='lat' dir='ltr'>inhumaniter</span> <span class='ocrx_word' id='word_1_332' title='bbox 1308 4257 1693 4315; x_wconf 85' lang='lat' dir='ltr'>tractantur.</span> <span class='ocrx_word' id='word_1_333' title='bbox 1752 4250 1990 4315; x_wconf 81' lang='lat' dir='ltr'>Exusti</span> <span class='ocrx_word' id='word_1_334' title='bbox 2028 4270 2240 4332; x_wconf 90' lang='lat' dir='ltr'>nuper</span> <span class='ocrx_word' id='word_1_335' title='bbox 2273 4250 2544 4315; x_wconf 87' lang='lat' dir='ltr'>fuerunt</span> 
     </span>
     <span class='ocr_line' id='line_1_46' title="bbox 588 4334 2538 4419; baseline 0.001 -19"><span class='ocrx_word' id='word_1_336' title='bbox 588 4345 721 4400; x_wconf 90' lang='lat' dir='ltr'>tres</span> <span class='ocrx_word' id='word_1_337' title='bbox 765 4337 937 4419; x_wconf 86' lang='lat' dir='ltr'>pagi.</span> <span class='ocrx_word' id='word_1_338' title='bbox 1026 4336 1264 4399; x_wconf 81' lang='lat' dir='ltr'>Exusti</span> <span class='ocrx_word' id='word_1_339' title='bbox 1321 4335 1571 4419; x_wconf 88' lang='lat' dir='ltr'>aliquot</span> <span class='ocrx_word' id='word_1_340' title='bbox 1622 4336 1799 4400; x_wconf 86' lang='lat' dir='ltr'>intra</span> <span class='ocrx_word' id='word_1_341' title='bbox 1843 4334 2053 4416; x_wconf 87' lang='lat' dir='ltr'>aedes,</span> <span class='ocrx_word' id='word_1_342' title='bbox 2097 4336 2293 4418; x_wconf 90' lang='lat' dir='ltr'>pauci</span> <span class='ocrx_word' id='word_1_343' title='bbox 2337 4337 2538 4401; x_wconf 92' lang='lat' dir='ltr'>truci-</span> 
     </span>
     <span class='ocr_line' id='line_1_47' title="bbox 588 4419 2538 4505; baseline 0.001 -20"><span class='ocrx_word' id='word_1_344' title='bbox 588 4420 753 4497; x_wconf 87' lang='lat' dir='ltr'>dati,</span> <span class='ocrx_word' id='word_1_345' title='bbox 813 4421 925 4485; x_wconf 89' lang='lat' dir='ltr'>alii</span> <span class='ocrx_word' id='word_1_346' title='bbox 982 4420 1065 4485; x_wconf 87' lang='lat' dir='ltr'>ad</span> <span class='ocrx_word' id='word_1_347' title='bbox 1118 4442 1331 4485; x_wconf 86' lang='lat' dir='ltr'>remos</span> <span class='ocrx_word' id='word_1_348' title='bbox 1388 4421 1671 4486; x_wconf 83' lang='lat' dir='ltr'>abducti.</span> <span class='ocrx_word' id='word_1_349' title='bbox 1778 4419 2074 4486; x_wconf 81' lang='lat' dir='ltr'>Necdum</span> <span class='ocrx_word' id='word_1_350' title='bbox 2131 4431 2538 4505; x_wconf 87' lang='lat' dir='ltr'>compertum</span> 
     </span>
     <span class='ocr_line' id='line_1_48' title="bbox 584 4505 2469 4590; baseline 0.001 -20"><span class='ocrx_word' id='word_1_351' title='bbox 584 4505 903 4571; x_wconf 87' lang='lat' dir='ltr'>habemus</span> <span class='ocrx_word' id='word_1_352' title='bbox 948 4527 1141 4590; x_wconf 89' lang='lat' dir='ltr'>quem</span> <span class='ocrx_word' id='word_1_353' title='bbox 1186 4505 1622 4573; x_wconf 88' lang='lat' dir='ltr'>latrocinandi</span> <span class='ocrx_word' id='word_1_354' title='bbox 1666 4507 1864 4570; x_wconf 87' lang='lat' dir='ltr'>finem</span> <span class='ocrx_word' id='word_1_355' title='bbox 1912 4507 2134 4572; x_wconf 88' lang='lat' dir='ltr'>hostes</span> <span class='ocrx_word' id='word_1_356' title='bbox 2178 4507 2469 4573; x_wconf 87' lang='lat' dir='ltr'>fecerint.</span> 
     </span>
    </p>

    <p class='ocr_par' dir='ltr' id='par_1_11' title="bbox 577 4591 2539 5018">
     <span class='ocr_line' id='line_1_49' title="bbox 755 4591 2538 4674; baseline 0.001 -19"><span class='ocrx_word' id='word_1_357' title='bbox 755 4592 908 4656; x_wconf 93' lang='lat' dir='ltr'>Non</span> <span class='ocrx_word' id='word_1_358' title='bbox 954 4591 1165 4656; x_wconf 83' lang='lat' dir='ltr'>scribo</span> <span class='ocrx_word' id='word_1_359' title='bbox 1209 4591 1430 4674; x_wconf 89' lang='lat' dir='ltr'>plura,</span> <span class='ocrx_word' id='word_1_360' title='bbox 1494 4613 1578 4656; x_wconf 92' lang='lat' dir='ltr'>ne</span> <span class='ocrx_word' id='word_1_361' title='bbox 1634 4601 1820 4656; x_wconf 89' lang='lat' dir='ltr'>tuum</span> <span class='ocrx_word' id='word_1_362' title='bbox 1874 4591 1955 4656; x_wconf 87' lang='lat' dir='ltr'>ad</span> <span class='ocrx_word' id='word_1_363' title='bbox 2010 4611 2132 4655; x_wconf 89' lang='lat' dir='ltr'>nos</span> <span class='ocrx_word' id='word_1_364' title='bbox 2177 4591 2538 4658; x_wconf 80' lang='lat' dir='ltr'>adventum</span> 
     </span>
     <span class='ocr_line' id='line_1_50' title="bbox 584 4676 2537 4743; baseline 0.001 -2"><span class='ocrx_word' id='word_1_365' title='bbox 584 4698 889 4743; x_wconf 87' lang='lat' dir='ltr'>remorer.</span> <span class='ocrx_word' id='word_1_366' title='bbox 982 4677 1089 4741; x_wconf 84' lang='lat' dir='ltr'>Ex</span> <span class='ocrx_word' id='word_1_367' title='bbox 1134 4680 1509 4742; x_wconf 87' lang='lat' dir='ltr'>commatris</span> <span class='ocrx_word' id='word_1_368' title='bbox 1568 4697 1752 4742; x_wconf 87' lang='lat' dir='ltr'>meae</span> <span class='ocrx_word' id='word_1_369' title='bbox 1802 4676 2149 4742; x_wconf 87' lang='lat' dir='ltr'>sedulitate</span> <span class='ocrx_word' id='word_1_370' title='bbox 2206 4677 2537 4743; x_wconf 83' lang='lat' dir='ltr'>intellexi-</span> 
     </span>
     <span class='ocr_line' id='line_1_51' title="bbox 581 4761 2537 4846; baseline 0.001 -18"><span class='ocrx_word' id='word_1_371' title='bbox 581 4784 731 4828; x_wconf 87' lang='lat' dir='ltr'>mus</span> <span class='ocrx_word' id='word_1_372' title='bbox 771 4785 965 4846; x_wconf 89' lang='lat' dir='ltr'>quam</span> <span class='ocrx_word' id='word_1_373' title='bbox 1025 4784 1145 4827; x_wconf 90' lang='lat' dir='ltr'>nos</span> <span class='ocrx_word' id='word_1_374' title='bbox 1201 4761 1439 4828; x_wconf 86' lang='lat' dir='ltr'>habeas</span> <span class='ocrx_word' id='word_1_375' title='bbox 1495 4762 2004 4828; x_wconf 83' lang='lat' dir='ltr'>commendatos.</span> <span class='ocrx_word' id='word_1_376' title='bbox 2106 4762 2241 4828; x_wconf 85' lang='lat' dir='ltr'>Sed</span> <span class='ocrx_word' id='word_1_377' title='bbox 2287 4762 2537 4829; x_wconf 91' lang='lat' dir='ltr'>denun-</span> 
     </span>
     <span class='ocr_line' id='line_1_52' title="bbox 581 4848 2539 4932; baseline 0.001 -18"><span class='ocrx_word' id='word_1_378' title='bbox 581 4849 860 4925; x_wconf 90' lang='lat' dir='ltr'>ciamus,</span> <span class='ocrx_word' id='word_1_379' title='bbox 921 4869 1039 4914; x_wconf 89' lang='lat' dir='ltr'>nos</span> <span class='ocrx_word' id='word_1_380' title='bbox 1098 4848 1227 4915; x_wconf 87' lang='lat' dir='ltr'>huc</span> <span class='ocrx_word' id='word_1_381' title='bbox 1284 4869 1621 4930; x_wconf 89' lang='lat' dir='ltr'>nunquam</span> <span class='ocrx_word' id='word_1_382' title='bbox 1674 4860 1987 4915; x_wconf 84' lang='lat' dir='ltr'>venturos</span> <span class='ocrx_word' id='word_1_383' title='bbox 2045 4849 2349 4932; x_wconf 87' lang='lat' dir='ltr'>posthac,</span> <span class='ocrx_word' id='word_1_384' title='bbox 2409 4850 2539 4916; x_wconf 91' lang='lat' dir='ltr'>nisi</span> 
     </span>
     <span class='ocr_line' id='line_1_53' title="bbox 577 4934 2539 5018; baseline 0.002 -20"><span class='ocrx_word' id='word_1_385' title='bbox 577 4935 879 5018; x_wconf 91' lang='lat' dir='ltr'>pactione</span> <span class='ocrx_word' id='word_1_386' title='bbox 922 4934 1095 4999; x_wconf 88' lang='lat' dir='ltr'>inter</span> <span class='ocrx_word' id='word_1_387' title='bbox 1153 4955 1275 4999; x_wconf 91' lang='lat' dir='ltr'>nos</span> <span class='ocrx_word' id='word_1_388' title='bbox 1320 4937 1702 5000; x_wconf 86' lang='lat' dir='ltr'>constituta.</span> <span class='ocrx_word' id='word_1_389' title='bbox 1794 4934 1960 5000; x_wconf 85' lang='lat' dir='ltr'>Vale</span> <span class='ocrx_word' id='word_1_390' title='bbox 2013 4935 2277 5018; x_wconf 89' lang='lat' dir='ltr'>optime,</span> <span class='ocrx_word' id='word_1_391' title='bbox 2333 4936 2539 5002; x_wconf 87' lang='lat' dir='ltr'>frater</span> 
     </span>
    </p>
   </div>
   <div class='ocr_carea' id='block_1_5' title="bbox 584 5092 969 5099">
    <p class='ocr_par' dir='ltr' id='par_1_12' title="bbox 584 5092 969 5099">
     <span class='ocr_line' id='line_1_54' title="bbox 584 5092 969 5099; baseline -0.005 0"><span class='ocrx_word' id='word_1_392' title='bbox 584 5093 631 5099; x_wconf 79' lang='lat'>--</span> <span class='ocrx_word' id='word_1_393' title='bbox 652 5092 789 5099; x_wconf 55' lang='lat' dir='ltr'>m————</span> <span class='ocrx_word' id='word_1_394' title='bbox 840 5092 969 5098; x_wconf 43' lang='grc' dir='ltr'>-..ῳ-Ἰ..</span> 
     </span>
    </p>
   </div>
   <div class='ocr_carea' id='block_1_6' title="bbox 572 5188 2542 5396">
    <p class='ocr_par' dir='ltr' id='par_1_13' title="bbox 572 5188 2542 5396">
     <span class='ocr_line' id='line_1_55' title="bbox 605 5188 2542 5260; baseline 0.003 -18"><span class='ocrx_word' id='word_1_395' title='bbox 605 5188 748 5242; x_wconf 80' lang='grc'><strong>686.</strong></span> <span class='ocrx_word' id='word_1_396' title='bbox 787 5191 844 5253; x_wconf 90' lang='grc'>1)</span> <span class='ocrx_word' id='word_1_397' title='bbox 891 5188 1041 5259; x_wconf 75' lang='lat' dir='ltr'>Quae</span> <span class='ocrx_word' id='word_1_398' title='bbox 1075 5193 1302 5259; x_wconf 77' lang='lat' dir='ltr'>nuptiae</span> <span class='ocrx_word' id='word_1_399' title='bbox 1348 5208 1631 5260; x_wconf 80' lang='lat' dir='ltr'>nunquam</span> <span class='ocrx_word' id='word_1_400' title='bbox 1677 5192 1978 5248; x_wconf 74' lang='lat' dir='ltr'>celebratae</span> <span class='ocrx_word' id='word_1_401' title='bbox 2018 5192 2260 5259; x_wconf 62' lang='lat' dir='ltr'>ficerunt.</span> <span class='ocrx_word' id='word_1_402' title='bbox 2338 5191 2542 5248; x_wconf 61' lang='lat' dir='ltr'>stater</span> 
     </span>
     <span class='ocr_line' id='line_1_56' title="bbox 572 5257 2540 5396; baseline 0.002 -83"><span class='ocrx_word' id='word_1_403' title='bbox 572 5257 935 5396; x_wconf 38' lang='grc' dir='ltr'>ῧήῖιὸἕέ.</span> <span class='ocrx_word' id='word_1_404' title='bbox 969 5267 1107 5314; x_wconf 79' lang='lat' dir='ltr'>natu</span> <span class='ocrx_word' id='word_1_405' title='bbox 1141 5263 1321 5315; x_wconf 73' lang='lat' dir='ltr'>minor</span> <span class='ocrx_word' id='word_1_406' title='bbox 1363 5267 1493 5315; x_wconf 75' lang='lat' dir='ltr'>ante</span> <span class='ocrx_word' id='word_1_407' title='bbox 1535 5268 1748 5329; x_wconf 77' lang='lat' dir='ltr'>patrem</span> <span class='ocrx_word' id='word_1_408' title='bbox 1815 5261 1956 5315; x_wconf 74' lang='lat' dir='ltr'>diem</span> <span class='ocrx_word' id='word_1_409' title='bbox 2001 5276 2160 5315; x_wconf 73' lang='lat' dir='ltr'>suum</span> <span class='ocrx_word' id='word_1_410' title='bbox 2193 5262 2351 5328; x_wconf 81' lang='lat' dir='ltr'>obiit,</span> <span class='ocrx_word' id='word_1_411' title='bbox 2400 5263 2454 5317; x_wconf 80' lang='lat' dir='ltr'>d.</span> <span class='ocrx_word' id='word_1_412' title='bbox 2489 5262 2540 5318; x_wconf 88' lang='lat'>8.</span> 
     </span>
    </p>
   </div>
   <div class='ocr_carea' id='block_1_7' title="bbox 2592 620 2619 5388">
    <p class='ocr_par' dir='ltr' id='par_1_14' title="bbox 2592 620 2619 5388">
     <span class='ocr_line' id='line_1_57' title="bbox 2592 620 2619 5388; baseline 0 0"><span class='ocrx_word' id='word_1_413' title='bbox 2592 620 2619 5388; x_wconf 95' lang='lat' dir='ltr'> </span> 
     </span>
    </p>
   </div>
   <div class='ocr_carea' id='block_1_8' title="bbox 2664 597 4605 1010">
    <p class='ocr_par' dir='ltr' id='par_1_15' title="bbox 2664 597 4605 1010">
     <span class='ocr_line' id='line_1_58' title="bbox 2664 597 4604 683; baseline -0.001 -18"><span class='ocrx_word' id='word_1_414' title='bbox 2664 609 2735 665; x_wconf 90' lang='lat' dir='ltr'>et</span> <span class='ocrx_word' id='word_1_415' title='bbox 2775 598 2983 665; x_wconf 90' lang='lat' dir='ltr'>amice</span> <span class='ocrx_word' id='word_1_416' title='bbox 3024 600 3379 666; x_wconf 85' lang='lat' dir='ltr'>carissime.</span> <span class='ocrx_word' id='word_1_417' title='bbox 3469 598 3740 666; x_wconf 80' lang='lat' dir='ltr'>Gratias</span> <span class='ocrx_word' id='word_1_418' title='bbox 3794 597 3916 665; x_wconf 84' lang='lat' dir='ltr'>tibi</span> <span class='ocrx_word' id='word_1_419' title='bbox 3970 599 4272 683; x_wconf 80' lang='lat' dir='ltr'>ingentes</span> <span class='ocrx_word' id='word_1_420' title='bbox 4325 619 4442 681; x_wconf 89' lang='lat' dir='ltr'>pro</span> <span class='ocrx_word' id='word_1_421' title='bbox 4487 598 4604 663; x_wconf 88' lang='lat' dir='ltr'>hu·</span> 
     </span>
     <span class='ocr_line' id='line_1_59' title="bbox 2664 684 4605 769; baseline -0.001 -19"><span class='ocrx_word' id='word_1_422' title='bbox 2664 686 2982 751; x_wconf 86' lang='lat' dir='ltr'>manitate</span> <span class='ocrx_word' id='word_1_423' title='bbox 3023 684 3211 768; x_wconf 79' lang='lat' dir='ltr'>nobis</span> <span class='ocrx_word' id='word_1_424' title='bbox 3250 684 3548 751; x_wconf 82' lang='lat' dir='ltr'>exhibita</span> <span class='ocrx_word' id='word_1_425' title='bbox 3590 685 3847 769; x_wconf 80' lang='lat' dir='ltr'>agimus</span> <span class='ocrx_word' id='word_1_426' title='bbox 3886 704 4131 750; x_wconf 88' lang='lat' dir='ltr'>omnes.</span> <span class='ocrx_word' id='word_1_427' title='bbox 4220 684 4416 749; x_wconf 88' lang='lat' dir='ltr'>Domi</span> <span class='ocrx_word' id='word_1_428' title='bbox 4461 693 4605 759; x_wconf 76' lang='lat' dir='ltr'>tuae</span> 
     </span>
     <span class='ocr_line' id='line_1_60' title="bbox 2665 770 3281 857; baseline 0.002 -22"><span class='ocrx_word' id='word_1_429' title='bbox 2665 771 2786 837; x_wconf 90' lang='lat' dir='ltr'>sub</span> <span class='ocrx_word' id='word_1_430' title='bbox 2832 770 3205 838; x_wconf 87' lang='lat' dir='ltr'>discessum.</span> <span class='ocrx_word' id='word_1_431' title='bbox 3223 771 3281 857; x_wconf 75' lang='grc'>2)</span> 
     </span>
     <span class='ocr_line' id='line_1_61' title="bbox 3657 855 4306 923; baseline -0.002 -2"><span class='ocrx_word' id='word_1_432' title='bbox 3657 857 3942 923; x_wconf 85' lang='lat' dir='ltr'>Ioannes</span> <span class='ocrx_word' id='word_1_433' title='bbox 3986 855 4306 923; x_wconf 81' lang='lat' dir='ltr'>Calvinus</span> 
     </span>
     <span class='ocr_line' id='line_1_62' title="bbox 3505 941 4440 1010; baseline 0 -4"><span class='ocrx_word' id='word_1_434' title='bbox 3505 963 3652 1010; x_wconf 83' lang='lat' dir='ltr'>meo</span> <span class='ocrx_word' id='word_1_435' title='bbox 3694 955 3763 1010; x_wconf 91' lang='lat' dir='ltr'>et</span> <span class='ocrx_word' id='word_1_436' title='bbox 3804 943 4113 1010; x_wconf 85' lang='lat' dir='ltr'>comitum</span> <span class='ocrx_word' id='word_1_437' title='bbox 4159 941 4440 1007; x_wconf 91' lang='lat' dir='ltr'>nomine.</span> 
     </span>
    </p>
   </div>
   <div class='ocr_carea' id='block_1_9' title="bbox 3201 1455 4076 1660">
    <p class='ocr_par' dir='ltr' id='par_1_16' title="bbox 3201 1455 4076 1660">
     <span class='ocr_line' id='line_1_63' title="bbox 3562 1455 3714 1527; baseline 0.007 -2"><span class='ocrx_word' id='word_1_438' title='bbox 3562 1455 3714 1527; x_wconf 74' lang='lat'>637.</span> 
     </span>
     <span class='ocr_line' id='line_1_64' title="bbox 3201 1590 4076 1660; baseline -0.001 -3"><span class='ocrx_word' id='word_1_439' title='bbox 3201 1591 3592 1660; x_wconf 79' lang='lat' dir='ltr'>CRISPUS</span> <span class='ocrx_word' id='word_1_440' title='bbox 3641 1590 4076 1658; x_wconf 81' lang='lat' dir='ltr'>OALVINO.</span> 
     </span>
    </p>
   </div>
   <div class='ocr_carea' id='block_1_10' title="bbox 2659 1760 4703 2106">
    <p class='ocr_par' dir='ltr' id='par_1_17' title="bbox 2659 1760 4703 2106">
     <span class='ocr_line' id='line_1_65' title="bbox 2838 1760 4613 1843; baseline -0.001 -14"><span class='ocrx_word' id='word_1_441' title='bbox 2838 1764 3152 1830; x_wconf 79' lang='lat' dir='ltr'>Senarclei</span> <span class='ocrx_word' id='word_1_442' title='bbox 3209 1769 3264 1829; x_wconf 81' lang='lat' dir='ltr'>et</span> <span class='ocrx_word' id='word_1_443' title='bbox 3312 1763 3580 1831; x_wconf 78' lang='lat' dir='ltr'>Fallesii</span> <span class='ocrx_word' id='word_1_444' title='bbox 3637 1765 3970 1830; x_wconf 75' lang='lat' dir='ltr'>adventum</span> <span class='ocrx_word' id='word_1_445' title='bbox 4030 1764 4311 1840; x_wconf 75' lang='lat' dir='ltr'>nunciat,</span> <span class='ocrx_word' id='word_1_446' title='bbox 4375 1760 4613 1843; x_wconf 78' lang='lat' dir='ltr'>Capnio</span> 
     </span>
     <span class='ocr_line' id='line_1_66' title="bbox 2662 1842 4703 1933; baseline -0.001 -17"><span class='ocrx_word' id='word_1_447' title='bbox 2662 1851 3077 1916; x_wconf 80' lang='lat' dir='ltr'>commendari</span> <span class='ocrx_word' id='word_1_448' title='bbox 3120 1852 3307 1933; x_wconf 78' lang='lat' dir='ltr'>cupit,</span> <span class='ocrx_word' id='word_1_449' title='bbox 3357 1849 3688 1915; x_wconf 78' lang='lat' dir='ltr'>Calvinum</span> <span class='ocrx_word' id='word_1_450' title='bbox 3730 1855 4116 1931; x_wconf 78' lang='lat' dir='ltr'>caeterosque</span> <span class='ocrx_word' id='word_1_451' title='bbox 4150 1848 4613 1931; x_wconf 75' lang='lat' dir='ltr'>reformationis</span> <span class='ocrx_word' id='word_1_452' title='bbox 4695 1842 4703 1858; x_wconf 86' lang='lat'>&#39;</span> 
     </span>
     <span class='ocr_line' id='line_1_67' title="bbox 2662 1934 4611 2019; baseline -0.002 -17"><span class='ocrx_word' id='word_1_453' title='bbox 2662 1936 3101 2002; x_wconf 79' lang='lat' dir='ltr'>ecclesiasticae</span> <span class='ocrx_word' id='word_1_454' title='bbox 3184 1936 3620 2019; x_wconf 69' lang='lat' dir='ltr'>antesiqnanos</span> <span class='ocrx_word' id='word_1_455' title='bbox 3696 1935 3845 2002; x_wconf 77' lang='lat' dir='ltr'>bono</span> <span class='ocrx_word' id='word_1_456' title='bbox 3935 1937 4145 2001; x_wconf 80' lang='lat' dir='ltr'>animo</span> <span class='ocrx_word' id='word_1_457' title='bbox 4221 1955 4353 1998; x_wconf 79' lang='lat' dir='ltr'>esse</span> <span class='ocrx_word' id='word_1_458' title='bbox 4429 1934 4611 2013; x_wconf 74' lang='lat' dir='ltr'>iubet,</span> 
     </span>
     <span class='ocr_line' id='line_1_68' title="bbox 2659 2021 3767 2106; baseline -0.001 -19"><span class='ocrx_word' id='word_1_459' title='bbox 2659 2022 2969 2106; x_wconf 77' lang='lat' dir='ltr'>quidquid</span> <span class='ocrx_word' id='word_1_460' title='bbox 3010 2021 3348 2087; x_wconf 83' lang='lat' dir='ltr'>moliantur</span> <span class='ocrx_word' id='word_1_461' title='bbox 3390 2022 3767 2088; x_wconf 82' lang='lat' dir='ltr'>adversarii.</span> 
     </span>
    </p>
   </div>
   <div class='ocr_carea' id='block_1_11' title="bbox 2658 2190 4611 2331">
    <p class='ocr_par' dir='ltr' id='par_1_18' title="bbox 2658 2190 4611 2331">
     <span class='ocr_line' id='line_1_69' title="bbox 2662 2190 4611 2263; baseline -0.002 -16"><span class='ocrx_word' id='word_1_462' title='bbox 2662 2194 2768 2260; x_wconf 82' lang='lat' dir='ltr'>(Ex</span> <span class='ocrx_word' id='word_1_463' title='bbox 2827 2193 3161 2263; x_wconf 80' lang='lat' dir='ltr'>autographo</span> <span class='ocrx_word' id='word_1_464' title='bbox 3216 2193 3346 2246; x_wconf 87' lang='lat' dir='ltr'>Cod.</span> <span class='ocrx_word' id='word_1_465' title='bbox 3382 2191 3588 2246; x_wconf 85' lang='lat' dir='ltr'>Genev.</span> <span class='ocrx_word' id='word_1_466' title='bbox 3632 2191 3744 2259; x_wconf 83' lang='lat'>113,</span> <span class='ocrx_word' id='word_1_467' title='bbox 3796 2192 3892 2246; x_wconf 84' lang='lat' dir='ltr'>fol.</span> <span class='ocrx_word' id='word_1_468' title='bbox 3940 2190 4006 2245; x_wconf 77' lang='lat'>74</span> <span class='ocrx_word' id='word_1_469' title='bbox 4052 2192 4138 2245; x_wconf 88' lang='lat' dir='ltr'>cui</span> <span class='ocrx_word' id='word_1_470' title='bbox 4186 2191 4404 2261; x_wconf 88' lang='lat' dir='ltr'>quidem</span> <span class='ocrx_word' id='word_1_471' title='bbox 4450 2197 4611 2245; x_wconf 86' lang='lat' dir='ltr'>autor</span> 
     </span>
     <span class='ocr_line' id='line_1_70' title="bbox 2658 2255 4610 2331; baseline -0.001 -16"><span class='ocrx_word' id='word_1_472' title='bbox 2658 2280 2821 2315; x_wconf 86' lang='lat' dir='ltr'>manu</span> <span class='ocrx_word' id='word_1_473' title='bbox 2855 2262 3081 2331; x_wconf 86' lang='lat' dir='ltr'>propria</span> <span class='ocrx_word' id='word_1_474' title='bbox 3116 2262 3460 2330; x_wconf 84' lang='lat' dir='ltr'>subscripsit:</span> <span class='ocrx_word' id='word_1_475' title='bbox 3498 2261 3733 2329; x_wconf 83' lang='lat' dir='ltr'>epistola</span> <span class='ocrx_word' id='word_1_476' title='bbox 3759 2262 3880 2330; x_wconf 85' lang='lat' dir='ltr'>ipsa</span> <span class='ocrx_word' id='word_1_477' title='bbox 3909 2262 4016 2314; x_wconf 84' lang='lat' dir='ltr'>alia</span> <span class='ocrx_word' id='word_1_478' title='bbox 4038 2278 4199 2313; x_wconf 90' lang='lat' dir='ltr'>manu</span> <span class='ocrx_word' id='word_1_479' title='bbox 4231 2267 4456 2313; x_wconf 84' lang='lat' dir='ltr'>exarata</span> <span class='ocrx_word' id='word_1_480' title='bbox 4486 2255 4610 2325; x_wconf 56' lang='grc' dir='ltr'>θεῶ)</span> 
     </span>
    </p>
   </div>
   <div class='ocr_carea' id='block_1_12' title="bbox 2659 2449 4609 2622">
    <p class='ocr_par' dir='ltr' id='par_1_19' title="bbox 2659 2449 4609 2622">
     <span class='ocr_line' id='line_1_71' title="bbox 2659 2449 4609 2517; baseline 0 0"><span class='ocrx_word' id='word_1_481' title='bbox 2659 2449 3101 2517; x_wconf 89' lang='lat' dir='ltr'>Ornatissimo</span> <span class='ocrx_word' id='word_1_482' title='bbox 3149 2450 3290 2517; x_wconf 85' lang='lat' dir='ltr'>viro</span> <span class='ocrx_word' id='word_1_483' title='bbox 3337 2451 3420 2516; x_wconf 92' lang='lat' dir='ltr'>D.</span> <span class='ocrx_word' id='word_1_484' title='bbox 3458 2449 3690 2514; x_wconf 88' lang='lat' dir='ltr'>Ioanni</span> <span class='ocrx_word' id='word_1_485' title='bbox 3731 2449 4005 2516; x_wconf 82' lang='lat' dir='ltr'>Calvino</span> <span class='ocrx_word' id='word_1_486' title='bbox 4042 2449 4348 2517; x_wconf 89' lang='lat' dir='ltr'>ecclesiae</span> <span class='ocrx_word' id='word_1_487' title='bbox 4385 2451 4609 2517; x_wconf 90' lang='lat' dir='ltr'>Gene-</span> 
     </span>
     <span class='ocr_line' id='line_1_72' title="bbox 3376 2536 3902 2622; baseline -0.002 -21"><span class='ocrx_word' id='word_1_488' title='bbox 3376 2536 3593 2601; x_wconf 86' lang='lat' dir='ltr'>vensis</span> <span class='ocrx_word' id='word_1_489' title='bbox 3640 2536 3902 2622; x_wconf 88' lang='lat' dir='ltr'>pastori.</span> 
     </span>
    </p>
   </div>
   <div class='ocr_carea' id='block_1_13' title="bbox 2643 2671 4609 4219">
    <p class='ocr_par' dir='ltr' id='par_1_20' title="bbox 2643 2671 4609 4219">
     <span class='ocr_line' id='line_1_73' title="bbox 2828 2671 4609 2756; baseline 0.002 -22"><span class='ocrx_word' id='word_1_490' title='bbox 2828 2672 3119 2738; x_wconf 84' lang='lat' dir='ltr'>Tandem</span> <span class='ocrx_word' id='word_1_491' title='bbox 3163 2672 3293 2738; x_wconf 93' lang='lat' dir='ltr'>huc</span> <span class='ocrx_word' id='word_1_492' title='bbox 3317 2674 3367 2752; x_wconf 89' lang='lat'>¹)</span> <span class='ocrx_word' id='word_1_493' title='bbox 3414 2673 3673 2756; x_wconf 87' lang='lat' dir='ltr'>appulit</span> <span class='ocrx_word' id='word_1_494' title='bbox 3714 2685 3866 2737; x_wconf 83' lang='lat' dir='ltr'>tuus</span> <span class='ocrx_word' id='word_1_495' title='bbox 3902 2671 4012 2737; x_wconf 88' lang='lat' dir='ltr'>ille</span> <span class='ocrx_word' id='word_1_496' title='bbox 4051 2671 4453 2752; x_wconf 74' lang='lat' dir='ltr'>Claudius²)‚</span> <span class='ocrx_word' id='word_1_497' title='bbox 4503 2676 4609 2738; x_wconf 86' lang='lat' dir='ltr'>vir</span> 
     </span>
     <span class='ocr_line' id='line_1_74' title="bbox 2652 2756 4604 2843; baseline 0.001 -19"><span class='ocrx_word' id='word_1_498' title='bbox 2652 2758 3085 2835; x_wconf 87' lang='lat' dir='ltr'>ornatissime,</span> <span class='ocrx_word' id='word_1_499' title='bbox 3131 2779 3207 2822; x_wconf 93' lang='lat' dir='ltr'>eo</span> <span class='ocrx_word' id='word_1_500' title='bbox 3242 2756 3711 2840; x_wconf 86' lang='lat' dir='ltr'>propemodum</span> <span class='ocrx_word' id='word_1_501' title='bbox 3749 2760 4063 2841; x_wconf 89' lang='lat' dir='ltr'>temporis</span> <span class='ocrx_word' id='word_1_502' title='bbox 4097 2771 4429 2824; x_wconf 91' lang='lat' dir='ltr'>momento</span> <span class='ocrx_word' id='word_1_503' title='bbox 4474 2781 4604 2843; x_wconf 92' lang='lat' dir='ltr'>quo</span> 
     </span>
     <span class='ocr_line' id='line_1_75' title="bbox 2654 2841 4605 2911; baseline 0.001 -2"><span class='ocrx_word' id='word_1_504' title='bbox 2654 2857 2884 2910; x_wconf 86' lang='lat' dir='ltr'>nactus</span> <span class='ocrx_word' id='word_1_505' title='bbox 2942 2841 3313 2910; x_wconf 90' lang='lat' dir='ltr'>commodos</span> <span class='ocrx_word' id='word_1_506' title='bbox 3367 2844 3622 2909; x_wconf 87' lang='lat' dir='ltr'>itineris</span> <span class='ocrx_word' id='word_1_507' title='bbox 3678 2845 3750 2908; x_wconf 91' lang='lat' dir='ltr'>in</span> <span class='ocrx_word' id='word_1_508' title='bbox 3804 2844 4095 2910; x_wconf 80' lang='lat' dir='ltr'>Galliam</span> <span class='ocrx_word' id='word_1_509' title='bbox 4152 2848 4419 2911; x_wconf 89' lang='lat' dir='ltr'>comites</span> <span class='ocrx_word' id='word_1_510' title='bbox 4471 2847 4605 2911; x_wconf 90' lang='lat' dir='ltr'>dis-</span> 
     </span>
     <span class='ocr_line' id='line_1_76' title="bbox 2650 2930 4605 3015; baseline 0 -18"><span class='ocrx_word' id='word_1_511' title='bbox 2650 2951 2905 2997; x_wconf 87' lang='lat' dir='ltr'>cessum</span> <span class='ocrx_word' id='word_1_512' title='bbox 2960 2931 3290 3014; x_wconf 86' lang='lat' dir='ltr'>parabam.</span> <span class='ocrx_word' id='word_1_513' title='bbox 3395 2930 3538 3012; x_wconf 85' lang='lat' dir='ltr'>Ego</span> <span class='ocrx_word' id='word_1_514' title='bbox 3601 2943 3823 2995; x_wconf 85' lang='lat' dir='ltr'>tamen</span> <span class='ocrx_word' id='word_1_515' title='bbox 3889 2933 4316 3012; x_wconf 83' lang='lat' dir='ltr'>quantumvis</span> <span class='ocrx_word' id='word_1_516' title='bbox 4371 2933 4605 3015; x_wconf 85' lang='lat' dir='ltr'>spatiis</span> 
     </span>
     <span class='ocr_line' id='line_1_77' title="bbox 2650 3015 4603 3100; baseline 0.002 -20"><span class='ocrx_word' id='word_1_517' title='bbox 2650 3015 2973 3082; x_wconf 88' lang='lat' dir='ltr'>disclusus</span> <span class='ocrx_word' id='word_1_518' title='bbox 3030 3017 3290 3098; x_wconf 91' lang='lat' dir='ltr'>iniquis,</span> <span class='ocrx_word' id='word_1_519' title='bbox 3360 3036 3491 3080; x_wconf 91' lang='lat' dir='ltr'>non</span> <span class='ocrx_word' id='word_1_520' title='bbox 3550 3017 3731 3097; x_wconf 88' lang='lat' dir='ltr'>potui</span> <span class='ocrx_word' id='word_1_521' title='bbox 3790 3017 3950 3098; x_wconf 90' lang='lat' dir='ltr'>quin</span> <span class='ocrx_word' id='word_1_522' title='bbox 4010 3015 4094 3080; x_wconf 89' lang='lat' dir='ltr'>ad</span> <span class='ocrx_word' id='word_1_523' title='bbox 4150 3028 4218 3082; x_wconf 86' lang='lat' dir='ltr'>te</span> <span class='ocrx_word' id='word_1_524' title='bbox 4272 3037 4391 3100; x_wconf 88' lang='lat' dir='ltr'>per</span> <span class='ocrx_word' id='word_1_525' title='bbox 4448 3039 4603 3083; x_wconf 89' lang='lat' dir='ltr'>eum</span> 
     </span>
     <span class='ocr_line' id='line_1_78' title="bbox 2648 3101 4603 3188; baseline 0.001 -20"><span class='ocrx_word' id='word_1_526' title='bbox 2648 3104 2953 3169; x_wconf 88' lang='lat' dir='ltr'>brevibus</span> <span class='ocrx_word' id='word_1_527' title='bbox 2998 3101 3366 3168; x_wconf 88' lang='lat' dir='ltr'>scriberem.</span> <span class='ocrx_word' id='word_1_528' title='bbox 3458 3101 3679 3183; x_wconf 76' lang='lat' dir='ltr'>Quum</span> <span class='ocrx_word' id='word_1_529' title='bbox 3724 3104 3901 3167; x_wconf 91' lang='lat' dir='ltr'>enim</span> <span class='ocrx_word' id='word_1_530' title='bbox 3957 3104 4266 3168; x_wconf 85' lang='lat' dir='ltr'>hesterno</span> <span class='ocrx_word' id='word_1_531' title='bbox 4309 3104 4414 3169; x_wconf 91' lang='lat' dir='ltr'>die</span> <span class='ocrx_word' id='word_1_532' title='bbox 4457 3105 4603 3188; x_wconf 86' lang='lat' dir='ltr'>ipse</span> 
     </span>
     <span class='ocr_line' id='line_1_79' title="bbox 2648 3187 4603 3273; baseline 0.001 -19"><span class='ocrx_word' id='word_1_533' title='bbox 2648 3188 2814 3254; x_wconf 85' lang='lat' dir='ltr'>mihi</span> <span class='ocrx_word' id='word_1_534' title='bbox 2850 3188 3065 3254; x_wconf 89' lang='lat' dir='ltr'>obitae</span> <span class='ocrx_word' id='word_1_535' title='bbox 3099 3187 3443 3272; x_wconf 85' lang='lat' dir='ltr'>legationis</span> <span class='ocrx_word' id='word_1_536' title='bbox 3479 3188 3668 3252; x_wconf 87' lang='lat' dir='ltr'>initia</span> <span class='ocrx_word' id='word_1_537' title='bbox 3703 3198 3962 3253; x_wconf 85' lang='lat' dir='ltr'>tantum</span> <span class='ocrx_word' id='word_1_538' title='bbox 3997 3200 4347 3268; x_wconf 87' lang='lat' dir='ltr'>narrasset,</span> <span class='ocrx_word' id='word_1_539' title='bbox 4386 3211 4603 3273; x_wconf 88' lang='lat' dir='ltr'>neque</span> 
     </span>
     <span class='ocr_line' id='line_1_80' title="bbox 2648 3271 4602 3357; baseline 0.001 -17"><span class='ocrx_word' id='word_1_540' title='bbox 2648 3282 3023 3357; x_wconf 88' lang='lat' dir='ltr'>superesset</span> <span class='ocrx_word' id='word_1_541' title='bbox 3064 3280 3324 3357; x_wconf 88' lang='lat' dir='ltr'>tempus</span> <span class='ocrx_word' id='word_1_542' title='bbox 3369 3271 3628 3357; x_wconf 86' lang='lat' dir='ltr'>legendi</span> <span class='ocrx_word' id='word_1_543' title='bbox 3676 3295 3754 3338; x_wconf 90' lang='lat' dir='ltr'>ea</span> <span class='ocrx_word' id='word_1_544' title='bbox 3805 3295 3970 3357; x_wconf 84' lang='lat' dir='ltr'>quae</span> <span class='ocrx_word' id='word_1_545' title='bbox 4016 3298 4055 3339; x_wconf 88' lang='lat' dir='ltr'>a</span> <span class='ocrx_word' id='word_1_546' title='bbox 4097 3272 4389 3339; x_wconf 82' lang='lat' dir='ltr'>Domino</span> <span class='ocrx_word' id='word_1_547' title='bbox 4437 3276 4602 3342; x_wconf 72' lang='lat' dir='ltr'>Pla·-</span> 
     </span>
     <span class='ocr_line' id='line_1_81' title="bbox 2648 3359 4600 3442; baseline 0.002 -19"><span class='ocrx_word' id='word_1_548' title='bbox 2648 3360 2817 3442; x_wconf 73' lang='lat' dir='ltr'>lippo</span> <span class='ocrx_word' id='word_1_549' title='bbox 2876 3359 3203 3437; x_wconf 87' lang='lat' dir='ltr'>attulerat,</span> <span class='ocrx_word' id='word_1_550' title='bbox 3264 3361 3374 3424; x_wconf 81' lang='lat' dir='ltr'>vix</span> <span class='ocrx_word' id='word_1_551' title='bbox 3433 3360 3634 3423; x_wconf 89' lang='lat' dir='ltr'>etiam</span> <span class='ocrx_word' id='word_1_552' title='bbox 3693 3360 4004 3424; x_wconf 89' lang='lat' dir='ltr'>audiendi</span> <span class='ocrx_word' id='word_1_553' title='bbox 4060 3380 4321 3425; x_wconf 91' lang='lat' dir='ltr'>summa</span> <span class='ocrx_word' id='word_1_554' title='bbox 4373 3382 4600 3427; x_wconf 88' lang='lat' dir='ltr'>rerum</span> 
     </span>
     <span class='ocr_line' id='line_1_82' title="bbox 2646 3444 4600 3529; baseline 0.001 -17"><span class='ocrx_word' id='word_1_555' title='bbox 2646 3446 2877 3529; x_wconf 86' lang='lat' dir='ltr'>capita,</span> <span class='ocrx_word' id='word_1_556' title='bbox 2925 3446 3107 3511; x_wconf 86' lang='lat' dir='ltr'>venit</span> <span class='ocrx_word' id='word_1_557' title='bbox 3150 3447 3218 3509; x_wconf 90' lang='lat' dir='ltr'>in</span> <span class='ocrx_word' id='word_1_558' title='bbox 3262 3451 3550 3509; x_wconf 86' lang='lat' dir='ltr'>mentem</span> <span class='ocrx_word' id='word_1_559' title='bbox 3592 3444 3776 3523; x_wconf 90' lang='lat' dir='ltr'>mihi,</span> <span class='ocrx_word' id='word_1_560' title='bbox 3829 3466 4031 3527; x_wconf 91' lang='lat' dir='ltr'>quum</span> <span class='ocrx_word' id='word_1_561' title='bbox 4075 3446 4370 3511; x_wconf 84' lang='lat' dir='ltr'>viderem</span> <span class='ocrx_word' id='word_1_562' title='bbox 4413 3468 4600 3515; x_wconf 89' lang='lat' dir='ltr'>meos</span> 
     </span>
     <span class='ocr_line' id='line_1_83' title="bbox 2645 3531 4598 3609; baseline 0.001 -11"><span class='ocrx_word' id='word_1_563' title='bbox 2645 3533 2914 3598; x_wconf 88' lang='lat' dir='ltr'>comites</span> <span class='ocrx_word' id='word_1_564' title='bbox 2957 3531 3178 3595; x_wconf 88' lang='lat' dir='ltr'>itineri</span> <span class='ocrx_word' id='word_1_565' title='bbox 3219 3532 3352 3596; x_wconf 90' lang='lat' dir='ltr'>iam</span> <span class='ocrx_word' id='word_1_566' title='bbox 3388 3531 3730 3609; x_wconf 88' lang='lat' dir='ltr'>accinctos,</span> <span class='ocrx_word' id='word_1_567' title='bbox 3773 3531 4010 3596; x_wconf 89' lang='lat' dir='ltr'>saltem</span> <span class='ocrx_word' id='word_1_568' title='bbox 4045 3533 4236 3597; x_wconf 88' lang='lat' dir='ltr'>unico</span> <span class='ocrx_word' id='word_1_569' title='bbox 4271 3531 4470 3599; x_wconf 84' lang='lat' dir='ltr'>verbo</span> <span class='ocrx_word' id='word_1_570' title='bbox 4515 3533 4598 3600; x_wconf 88' lang='lat' dir='ltr'>ad</span> 
     </span>
     <span class='ocr_line' id='line_1_84' title="bbox 2645 3615 4597 3701; baseline 0.002 -19"><span class='ocrx_word' id='word_1_571' title='bbox 2645 3624 2714 3682; x_wconf 92' lang='lat' dir='ltr'>te</span> <span class='ocrx_word' id='word_1_572' title='bbox 2756 3617 3038 3683; x_wconf 90' lang='lat' dir='ltr'>scribere</span> <span class='ocrx_word' id='word_1_573' title='bbox 3082 3625 3150 3681; x_wconf 88' lang='lat' dir='ltr'>et</span> <span class='ocrx_word' id='word_1_574' title='bbox 3190 3637 3422 3701; x_wconf 87' lang='lat' dir='ltr'>rogare</span> <span class='ocrx_word' id='word_1_575' title='bbox 3467 3624 3560 3692; x_wconf 88' lang='lat' dir='ltr'>nt,</span> <span class='ocrx_word' id='word_1_576' title='bbox 3619 3617 3673 3680; x_wconf 90' lang='lat' dir='ltr'>si</span> <span class='ocrx_word' id='word_1_577' title='bbox 3719 3615 3800 3679; x_wconf 90' lang='lat' dir='ltr'>ad</span> <span class='ocrx_word' id='word_1_578' title='bbox 3847 3618 3927 3682; x_wconf 94' lang='lat' dir='ltr'>D.</span> <span class='ocrx_word' id='word_1_579' title='bbox 3979 3615 4293 3699; x_wconf 62' lang='lat' dir='ltr'>Capitium</span> <span class='ocrx_word' id='word_1_580' title='bbox 4335 3638 4415 3682; x_wconf 90' lang='lat' dir='ltr'>ea</span> <span class='ocrx_word' id='word_1_581' title='bbox 4455 3640 4597 3686; x_wconf 91' lang='lat' dir='ltr'>om-</span> 
     </span>
     <span class='ocr_line' id='line_1_85' title="bbox 2645 3701 4598 3786; baseline 0.002 -18"><span class='ocrx_word' id='word_1_582' title='bbox 2645 3703 2759 3768; x_wconf 91' lang='lat' dir='ltr'>nia</span> <span class='ocrx_word' id='word_1_583' title='bbox 2792 3704 3038 3782; x_wconf 87' lang='lat' dir='ltr'>mittas,</span> <span class='ocrx_word' id='word_1_584' title='bbox 3075 3701 3358 3785; x_wconf 89' lang='lat' dir='ltr'>aliquam</span> <span class='ocrx_word' id='word_1_585' title='bbox 3408 3702 3681 3766; x_wconf 90' lang='lat' dir='ltr'>Ioannis</span> <span class='ocrx_word' id='word_1_586' title='bbox 3717 3701 4065 3785; x_wconf 58' lang='lat' dir='ltr'>Bur-,quadi</span> <span class='ocrx_word' id='word_1_587' title='bbox 4101 3703 4222 3786; x_wconf 87' lang='lat' dir='ltr'>(ita</span> <span class='ocrx_word' id='word_1_588' title='bbox 4256 3705 4431 3769; x_wconf 90' lang='lat' dir='ltr'>enim</span> <span class='ocrx_word' id='word_1_589' title='bbox 4470 3727 4598 3786; x_wconf 88' lang='lat' dir='ltr'>me,</span> 
     </span>
     <span class='ocr_line' id='line_1_86' title="bbox 2645 3787 4601 3868; baseline 0.001 -13"><span class='ocrx_word' id='word_1_590' title='bbox 2645 3790 2702 3855; x_wconf 90' lang='lat' dir='ltr'>si</span> <span class='ocrx_word' id='word_1_591' title='bbox 2759 3789 2971 3868; x_wconf 84' lang='lat' dir='ltr'>voles,</span> <span class='ocrx_word' id='word_1_592' title='bbox 3030 3788 3098 3852; x_wconf 91' lang='lat' dir='ltr'>in</span> <span class='ocrx_word' id='word_1_593' title='bbox 3145 3787 3358 3853; x_wconf 89' lang='lat' dir='ltr'>literis</span> <span class='ocrx_word' id='word_1_594' title='bbox 3403 3788 3536 3852; x_wconf 89' lang='lat' dir='ltr'>tuis</span> <span class='ocrx_word' id='word_1_595' title='bbox 3595 3788 3997 3867; x_wconf 89' lang='lat' dir='ltr'>nominabis)</span> <span class='ocrx_word' id='word_1_596' title='bbox 4051 3791 4458 3856; x_wconf 89' lang='lat' dir='ltr'>mentionem</span> <span class='ocrx_word' id='word_1_597' title='bbox 4503 3793 4601 3859; x_wconf 84' lang='lat' dir='ltr'>fa-</span> 
     </span>
     <span class='ocr_line' id='line_1_87' title="bbox 2646 3872 4600 3958; baseline 0.002 -19"><span class='ocrx_word' id='word_1_598' title='bbox 2646 3876 2799 3954; x_wconf 88' lang='lat' dir='ltr'>cias,</span> <span class='ocrx_word' id='word_1_599' title='bbox 2857 3881 2934 3940; x_wconf 92' lang='lat' dir='ltr'>ut</span> <span class='ocrx_word' id='word_1_600' title='bbox 2989 3893 3217 3939; x_wconf 90' lang='lat' dir='ltr'>eorum</span> <span class='ocrx_word' id='word_1_601' title='bbox 3271 3893 3440 3956; x_wconf 90' lang='lat' dir='ltr'>quae</span> <span class='ocrx_word' id='word_1_602' title='bbox 3498 3872 3581 3937; x_wconf 91' lang='lat' dir='ltr'>ad</span> <span class='ocrx_word' id='word_1_603' title='bbox 3625 3895 3776 3938; x_wconf 87' lang='lat' dir='ltr'>eum</span> <span class='ocrx_word' id='word_1_604' title='bbox 3820 3874 4045 3939; x_wconf 87' lang='lat' dir='ltr'>mittes</span> <span class='ocrx_word' id='word_1_605' title='bbox 4090 3895 4210 3958; x_wconf 84' lang='lat' dir='ltr'>ego</span> <span class='ocrx_word' id='word_1_606' title='bbox 4256 3884 4454 3958; x_wconf 82' lang='lat' dir='ltr'>atque</span> <span class='ocrx_word' id='word_1_607' title='bbox 4497 3879 4600 3942; x_wconf 91' lang='lat' dir='ltr'>in-</span> 
     </span>
     <span class='ocr_line' id='line_1_88' title="bbox 2644 3959 4601 4045; baseline 0.002 -21"><span class='ocrx_word' id='word_1_608' title='bbox 2644 3960 2874 4044; x_wconf 89' lang='lat' dir='ltr'>primis</span> <span class='ocrx_word' id='word_1_609' title='bbox 2940 3961 3131 4026; x_wconf 88' lang='lat' dir='ltr'>amici</span> <span class='ocrx_word' id='word_1_610' title='bbox 3198 3959 3447 4042; x_wconf 87' lang='lat' dir='ltr'>aliquot</span> <span class='ocrx_word' id='word_1_611' title='bbox 3503 3960 3708 4024; x_wconf 88' lang='lat' dir='ltr'>nostri</span> <span class='ocrx_word' id='word_1_612' title='bbox 3775 3961 3973 4024; x_wconf 89' lang='lat' dir='ltr'>etiam</span> <span class='ocrx_word' id='word_1_613' title='bbox 4039 3961 4387 4045; x_wconf 88' lang='lat' dir='ltr'>participes</span> <span class='ocrx_word' id='word_1_614' title='bbox 4451 3965 4601 4028; x_wconf 84' lang='lat' dir='ltr'>fieri</span> 
     </span>
     <span class='ocr_line' id='line_1_89' title="bbox 2643 4044 4601 4129; baseline 0.001 -17"><span class='ocrx_word' id='word_1_615' title='bbox 2643 4047 2985 4129; x_wconf 88' lang='lat' dir='ltr'>possimus.</span> <span class='ocrx_word' id='word_1_616' title='bbox 3077 4044 3399 4126; x_wconf 76' lang='lat' dir='ltr'>Quocirca</span> <span class='ocrx_word' id='word_1_617' title='bbox 3451 4054 3526 4109; x_wconf 89' lang='lat' dir='ltr'>ut</span> <span class='ocrx_word' id='word_1_618' title='bbox 3567 4053 3643 4110; x_wconf 91' lang='lat' dir='ltr'>tu</span> <span class='ocrx_word' id='word_1_619' title='bbox 3689 4067 3793 4111; x_wconf 88' lang='lat' dir='ltr'>me</span> <span class='ocrx_word' id='word_1_620' title='bbox 3836 4047 3971 4111; x_wconf 86' lang='lat' dir='ltr'>tuis</span> <span class='ocrx_word' id='word_1_621' title='bbox 4014 4046 4222 4112; x_wconf 85' lang='lat' dir='ltr'>literis</span> <span class='ocrx_word' id='word_1_622' title='bbox 4264 4067 4601 4114; x_wconf 90' lang='lat' dir='ltr'>commen-</span> 
     </span>
     <span class='ocr_line' id='line_1_90' title="bbox 2645 4131 4601 4219; baseline 0.002 -22"><span class='ocrx_word' id='word_1_623' title='bbox 2645 4132 2759 4197; x_wconf 88' lang='lat' dir='ltr'>des</span> <span class='ocrx_word' id='word_1_624' title='bbox 2800 4134 2995 4196; x_wconf 91' lang='lat' dir='ltr'>etiam</span> <span class='ocrx_word' id='word_1_625' title='bbox 3050 4143 3241 4213; x_wconf 85' lang='lat' dir='ltr'>atque</span> <span class='ocrx_word' id='word_1_626' title='bbox 3295 4134 3489 4196; x_wconf 86' lang='lat' dir='ltr'>etiam</span> <span class='ocrx_word' id='word_1_627' title='bbox 3550 4150 3726 4214; x_wconf 84' lang='lat' dir='ltr'>r0g0.</span> <span class='ocrx_word' id='word_1_628' title='bbox 3815 4131 4128 4197; x_wconf 86' lang='lat' dir='ltr'>Pluribus</span> <span class='ocrx_word' id='word_1_629' title='bbox 4181 4131 4251 4197; x_wconf 90' lang='lat' dir='ltr'>id</span> <span class='ocrx_word' id='word_1_630' title='bbox 4308 4155 4428 4219; x_wconf 80' lang='lat' dir='ltr'>ego</span> <span class='ocrx_word' id='word_1_631' title='bbox 4482 4137 4601 4201; x_wconf 87' lang='lat' dir='ltr'>abs</span> 
     </span>
    </p>
   </div>
   <div class='ocr_carea' id='block_1_14' title="bbox 2647 4291 2878 4299">
    <p class='ocr_par' dir='ltr' id='par_1_21' title="bbox 2647 4291 2878 4299">
     <span class='ocr_line' id='line_1_91' title="bbox 2647 4291 2878 4299; baseline 0 1876"><span class='ocrx_word' id='word_1_632' title='bbox 2647 4291 2878 4299; x_wconf 95' lang='lat' dir='ltr'> </span> 
     </span>
    </p>
   </div>
   <div class='ocr_carea' id='block_1_15' title="bbox 2642 4369 4601 5403">
    <p class='ocr_par' dir='ltr' id='par_1_22' title="bbox 2642 4369 4601 5125">
     <span class='ocr_line' id='line_1_92' title="bbox 2851 4369 4601 4441; baseline 0.003 -18"><span class='ocrx_word' id='word_1_633' title='bbox 2851 4370 2910 4434; x_wconf 82' lang='lat'>2)</span> <span class='ocrx_word' id='word_1_634' title='bbox 2948 4369 3038 4424; x_wconf 86' lang='lat' dir='ltr'>De</span> <span class='ocrx_word' id='word_1_635' title='bbox 3081 4371 3384 4435; x_wconf 68' lang='lat' dir='ltr'>definiendo</span> <span class='ocrx_word' id='word_1_636' title='bbox 3444 4377 3676 4438; x_wconf 79' lang='lat' dir='ltr'>tempore</span> <span class='ocrx_word' id='word_1_637' title='bbox 3723 4373 3959 4438; x_wconf 78' lang='lat' dir='ltr'>scriptae</span> <span class='ocrx_word' id='word_1_638' title='bbox 4003 4372 4169 4426; x_wconf 73' lang='lat' dir='ltr'>huius</span> <span class='ocrx_word' id='word_1_639' title='bbox 4215 4373 4474 4441; x_wconf 77' lang='lat' dir='ltr'>epistolae</span> <span class='ocrx_word' id='word_1_640' title='bbox 4521 4376 4601 4427; x_wconf 84' lang='lat' dir='ltr'>sic</span> 
     </span>
     <span class='ocr_line' id='line_1_93' title="bbox 2643 4440 4595 4511; baseline 0.002 -17"><span class='ocrx_word' id='word_1_641' title='bbox 2643 4441 2800 4495; x_wconf 78' lang='lat' dir='ltr'>habe.-</span> <span class='ocrx_word' id='word_1_642' title='bbox 2840 4440 2909 4493; x_wconf 76' lang='lat' dir='ltr'>ln</span> <span class='ocrx_word' id='word_1_643' title='bbox 2944 4441 3243 4494; x_wconf 72' lang='lat' dir='ltr'>Provincia</span> <span class='ocrx_word' id='word_1_644' title='bbox 3279 4445 3390 4493; x_wconf 77' lang='lat' dir='ltr'>tres</span> <span class='ocrx_word' id='word_1_645' title='bbox 3428 4443 3570 4507; x_wconf 73' lang='lat' dir='ltr'>payi</span> <span class='ocrx_word' id='word_1_646' title='bbox 3611 4443 3789 4493; x_wconf 73' lang='lat' dir='ltr'>exusti</span> <span class='ocrx_word' id='word_1_647' title='bbox 3835 4448 3964 4494; x_wconf 80' lang='lat' dir='ltr'>sunt</span> <span class='ocrx_word' id='word_1_648' title='bbox 4008 4441 4060 4494; x_wconf 77' lang='grc' dir='ltr'>α’.</span> <span class='ocrx_word' id='word_1_649' title='bbox 4098 4440 4180 4494; x_wconf 76' lang='grc'>20.</span> <span class='ocrx_word' id='word_1_650' title='bbox 4217 4443 4400 4511; x_wconf 78' lang='lat' dir='ltr'>April.</span> <span class='ocrx_word' id='word_1_651' title='bbox 4440 4441 4595 4497; x_wconf 82' lang='lat'>1545.</span> 
     </span>
     <span class='ocr_line' id='line_1_94' title="bbox 2650 4506 4598 4577; baseline 0.002 -16"><span class='ocrx_word' id='word_1_652' title='bbox 2650 4507 2854 4562; x_wconf 74' lang='lat' dir='ltr'>Caesar</span> <span class='ocrx_word' id='word_1_653' title='bbox 2899 4507 3255 4562; x_wconf 74' lang='lat' dir='ltr'>Wormatiam</span> <span class='ocrx_word' id='word_1_654' title='bbox 3292 4509 3508 4577; x_wconf 76' lang='lat' dir='ltr'>appulit</span> <span class='ocrx_word' id='word_1_655' title='bbox 3542 4509 3594 4562; x_wconf 80' lang='lat' dir='ltr'>d.</span> <span class='ocrx_word' id='word_1_656' title='bbox 3632 4506 3711 4561; x_wconf 89' lang='grc'>16.</span> <span class='ocrx_word' id='word_1_657' title='bbox 3738 4509 3889 4562; x_wconf 84' lang='lat' dir='ltr'>Maii</span> <span class='ocrx_word' id='word_1_658' title='bbox 3923 4509 4026 4575; x_wconf 90' lang='lat' dir='ltr'>(N.</span> <span class='ocrx_word' id='word_1_659' title='bbox 4063 4509 4169 4563; x_wconf 82' lang='lat'>620</span> <span class='ocrx_word' id='word_1_660' title='bbox 4202 4528 4257 4563; x_wconf 77' lang='lat' dir='ltr'>n.</span> <span class='ocrx_word' id='word_1_661' title='bbox 4300 4511 4363 4563; x_wconf 90' lang='lat'>11</span> <span class='ocrx_word' id='word_1_662' title='bbox 4396 4551 4408 4564; x_wconf 96' lang='lat'>.</span> <span class='ocrx_word' id='word_1_663' title='bbox 4474 4511 4598 4565; x_wconf 84' lang='lat' dir='ltr'>Iam</span> 
     </span>
     <span class='ocr_line' id='line_1_95' title="bbox 2644 4576 4596 4646; baseline 0.003 -17"><span class='ocrx_word' id='word_1_664' title='bbox 2644 4592 2769 4630; x_wconf 87' lang='lat' dir='ltr'>vero</span> <span class='ocrx_word' id='word_1_665' title='bbox 2806 4579 3008 4632; x_wconf 78' lang='lat' dir='ltr'>nuncio</span> <span class='ocrx_word' id='word_1_666' title='bbox 3043 4577 3135 4631; x_wconf 68' lang='lat' dir='ltr'>tuo</span> <span class='ocrx_word' id='word_1_667' title='bbox 3182 4577 3249 4631; x_wconf 82' lang='lat' dir='ltr'>de</span> <span class='ocrx_word' id='word_1_668' title='bbox 3295 4577 3507 4631; x_wconf 76' lang='lat' dir='ltr'>excidio</span> <span class='ocrx_word' id='word_1_669' title='bbox 3555 4576 3926 4631; x_wconf 80' lang='lat' dir='ltr'>Waldensium</span> <span class='ocrx_word' id='word_1_670' title='bbox 3974 4579 4292 4646; x_wconf 74' lang='lat' dir='ltr'>confirmato</span> <span class='ocrx_word' id='word_1_671' title='bbox 4413 4581 4596 4634; x_wconf 68' lang='lat' dir='ltr'>leina-s</span> 
     </span>
     <span class='ocr_line' id='line_1_96' title="bbox 2644 4646 4592 4727; baseline 0.002 -28"><span class='ocrx_word' id='word_1_672' title='bbox 2644 4648 2761 4699; x_wconf 79' lang='lat' dir='ltr'>sine</span> <span class='ocrx_word' id='word_1_673' title='bbox 2796 4662 2948 4699; x_wconf 83' lang='lat' dir='ltr'>mora</span> <span class='ocrx_word' id='word_1_674' title='bbox 2982 4648 3145 4701; x_wconf 76' lang='lat' dir='ltr'>nonis</span> <span class='ocrx_word' id='word_1_675' title='bbox 3167 4646 3408 4699; x_wconf 83' lang='lat' dir='ltr'>Maiisle</span> <span class='ocrx_word' id='word_1_676' title='bbox 3444 4647 3676 4727; x_wconf 67' lang='lat' dir='ltr'>attonem</span> <span class='ocrx_word' id='word_1_677' title='bbox 3714 4647 3792 4699; x_wconf 79' lang='lat' dir='ltr'>ad</span> <span class='ocrx_word' id='word_1_678' title='bbox 3811 4649 4054 4700; x_wconf 76' lang='lat' dir='ltr'>civitates</span> <span class='ocrx_word' id='word_1_679' title='bbox 4077 4651 4312 4716; x_wconf 80' lang='lat' dir='ltr'>suscepit</span> <span class='ocrx_word' id='word_1_680' title='bbox 4351 4648 4442 4714; x_wconf 86' lang='lat' dir='ltr'>(N.</span> <span class='ocrx_word' id='word_1_681' title='bbox 4462 4648 4592 4715; x_wconf 75' lang='lat'>640)</span> 
     </span>
     <span class='ocr_line' id='line_1_97' title="bbox 2642 4714 4594 4865; baseline 0.004 -29"><span class='ocrx_word' id='word_1_682' title='bbox 2642 4721 2777 4836; x_wconf 51' lang='lat' dir='ltr'>idn?</span> <span class='ocrx_word' id='word_1_683' title='bbox 2874 4785 2985 4838; x_wconf 81' lang='lat' dir='ltr'>&#39;mis</span> <span class='ocrx_word' id='word_1_684' title='bbox 3004 4731 3396 4865; x_wconf 35' lang='lat' dir='ltr'>’Maieimdmiebus</span> <span class='ocrx_word' id='word_1_685' title='bbox 3408 4731 3682 4865; x_wconf 42' lang='lat' dir='ltr'>⁶⁸33qu</span> <span class='ocrx_word' id='word_1_686' title='bbox 3728 4723 4208 4852; x_wconf 52' lang='lat' dir='ltr'>,faf‘fffiff‘</span> <span class='ocrx_word' id='word_1_687' title='bbox 4238 4714 4474 4856; x_wconf 47' lang='lat' dir='ltr'>creagae</span> <span class='ocrx_word' id='word_1_688' title='bbox 4505 4787 4594 4842; x_wconf 75' lang='lat' dir='ltr'>hic</span> 
     </span>
     <span class='ocr_line' id='line_1_98' title="bbox 2643 4852 4593 4921; baseline 0.003 -16"><span class='ocrx_word' id='word_1_689' title='bbox 2643 4867 2709 4905; x_wconf 74' lang='lat' dir='ltr'>ex</span> <span class='ocrx_word' id='word_1_690' title='bbox 2801 4854 3047 4906; x_wconf 74' lang='lat' dir='ltr'>revincta</span> <span class='ocrx_word' id='word_1_691' title='bbox 3082 4852 3260 4906; x_wconf 83' lang='lat' dir='ltr'>relata</span> <span class='ocrx_word' id='word_1_692' title='bbox 3294 4861 3506 4918; x_wconf 79' lang='lat' dir='ltr'>narrat,</span> <span class='ocrx_word' id='word_1_693' title='bbox 3549 4858 3631 4906; x_wconf 70' lang='lat' dir='ltr'>tta</span> <span class='ocrx_word' id='word_1_694' title='bbox 3666 4858 3867 4906; x_wconf 80' lang='lat' dir='ltr'>sonant</span> <span class='ocrx_word' id='word_1_695' title='bbox 3899 4861 3960 4906; x_wconf 82' lang='lat' dir='ltr'>ut</span> <span class='ocrx_word' id='word_1_696' title='bbox 3990 4857 4201 4921; x_wconf 78' lang='lat' dir='ltr'>primos</span> <span class='ocrx_word' id='word_1_697' title='bbox 4234 4870 4480 4909; x_wconf 80' lang='lat' dir='ltr'>rumores</span> <span class='ocrx_word' id='word_1_698' title='bbox 4510 4872 4593 4910; x_wconf 84' lang='lat' dir='ltr'>re·</span> 
     </span>
     <span class='ocr_line' id='line_1_99' title="bbox 2642 4920 4591 4993; baseline 0.002 -19"><span class='ocrx_word' id='word_1_699' title='bbox 2642 4936 2767 4975; x_wconf 80' lang='lat' dir='ltr'>cens</span> <span class='ocrx_word' id='word_1_700' title='bbox 2798 4925 3015 4988; x_wconf 77' lang='lat' dir='ltr'>patrati</span> <span class='ocrx_word' id='word_1_701' title='bbox 3043 4920 3317 4985; x_wconf 77' lang='lat' dir='ltr'>facinoris</span> <span class='ocrx_word' id='word_1_702' title='bbox 3351 4921 3519 4986; x_wconf 77' lang='lat' dir='ltr'>dieas,</span> <span class='ocrx_word' id='word_1_703' title='bbox 3564 4921 3806 4974; x_wconf 76' lang='lat' dir='ltr'>nondum</span> <span class='ocrx_word' id='word_1_704' title='bbox 3842 4928 4019 4975; x_wconf 79' lang='lat' dir='ltr'>autem</span> <span class='ocrx_word' id='word_1_705' title='bbox 4055 4922 4339 4976; x_wconf 77' lang='lat' dir='ltr'>consilium</span> <span class='ocrx_word' id='word_1_706' title='bbox 4376 4931 4591 4993; x_wconf 74' lang='lat' dir='ltr'>captum</span> 
     </span>
     <span class='ocr_line' id='line_1_100' title="bbox 2643 4989 4589 5125; baseline 0.002 -80"><span class='ocrx_word' id='word_1_707' title='bbox 2643 4989 2710 5111; x_wconf 54' lang='grc' dir='ltr'>«ἑο</span> <span class='ocrx_word' id='word_1_708' title='bbox 2697 4989 3012 5125; x_wconf 52' lang='lat' dir='ltr'><em>12⁹·sz</em></span> <span class='ocrx_word' id='word_1_709' title='bbox 3045 4990 3430 5044; x_wconf 74' lang='lat' dir='ltr'>intercessione</span> <span class='ocrx_word' id='word_1_710' title='bbox 3463 4990 3743 5045; x_wconf 75' lang='lat' dir='ltr'>iuvandis.</span> <span class='ocrx_word' id='word_1_711' title='bbox 3819 4990 4132 5057; x_wconf 61' lang='lat' dir='ltr'>Refer-imus</span> <span class='ocrx_word' id='word_1_712' title='bbox 4158 5006 4286 5060; x_wconf 71' lang='lat' dir='ltr'>erqo</span> <span class='ocrx_word' id='word_1_713' title='bbox 4320 4993 4398 5047; x_wconf 77' lang='lat' dir='ltr'>ad</span> <span class='ocrx_word' id='word_1_714' title='bbox 4418 4994 4589 5063; x_wconf 67' lang='lat' dir='ltr'>finem</span> 
     </span>
    </p>

    <p class='ocr_par' dir='ltr' id='par_1_23' title="bbox 2810 5073 4428 5113">
     <span class='ocr_line' id='line_1_101' title="bbox 2810 5073 4428 5113; baseline 0 0"><span class='ocrx_word' id='word_1_715' title='bbox 2810 5075 2874 5113; x_wconf 74' lang='lat' dir='ltr'>ts.</span> <span class='ocrx_word' id='word_1_716' title='bbox 4413 5073 4428 5083; x_wconf 81' lang='grc'><em>·</em></span> 
     </span>
    </p>

    <p class='ocr_par' dir='ltr' id='par_1_24' title="bbox 2668 5125 4138 5197">
     <span class='ocr_line' id='line_1_102' title="bbox 2668 5125 4138 5197; baseline 0.002 -17"><span class='ocrx_word' id='word_1_717' title='bbox 2668 5125 2808 5180; x_wconf 80' lang='grc'><strong>687.</strong></span> <span class='ocrx_word' id='word_1_718' title='bbox 2846 5129 2903 5194; x_wconf 90' lang='grc'>1)</span> <span class='ocrx_word' id='word_1_719' title='bbox 2941 5127 3384 5197; x_wconf 75' lang='lat' dir='ltr'>Arqentoratum,</span> <span class='ocrx_word' id='word_1_720' title='bbox 3417 5127 3532 5180; x_wconf 82' lang='lat' dir='ltr'>nisi</span> <span class='ocrx_word' id='word_1_721' title='bbox 3564 5129 3750 5181; x_wconf 82' lang='lat' dir='ltr'>omnia</span> <span class='ocrx_word' id='word_1_722' title='bbox 3783 5144 3886 5182; x_wconf 75' lang='lat' dir='ltr'>nos</span> <span class='ocrx_word' id='word_1_723' title='bbox 3919 5129 4138 5193; x_wconf 77' lang='lat' dir='ltr'>fallunt.</span> 
     </span>
    </p>

    <p class='ocr_par' dir='ltr' id='par_1_25' title="bbox 2645 5193 4591 5403">
     <span class='ocr_line' id='line_1_103' title="bbox 2851 5193 4587 5262; baseline 0.002 -12"><span class='ocrx_word' id='word_1_724' title='bbox 2851 5197 2913 5261; x_wconf 80' lang='lat'>2)</span> <span class='ocrx_word' id='word_1_725' title='bbox 2954 5195 3290 5259; x_wconf 68' lang='lat' dir='ltr'>Sonare-leus,</span> <span class='ocrx_word' id='word_1_726' title='bbox 3347 5193 3713 5262; x_wconf 73' lang='lat' dir='ltr'>Wittenberya</span> <span class='ocrx_word' id='word_1_727' title='bbox 3756 5196 3933 5251; x_wconf 69' lang='lat' dir='ltr'>redu-s</span> <span class='ocrx_word' id='word_1_728' title='bbox 3980 5203 4034 5251; x_wconf 75' lang='lat' dir='ltr'>et</span> <span class='ocrx_word' id='word_1_729' title='bbox 4075 5200 4266 5252; x_wconf 83' lang='lat' dir='ltr'>literas</span> <span class='ocrx_word' id='word_1_730' title='bbox 4312 5197 4587 5253; x_wconf 74' lang='lat' dir='ltr'>Melanch-</span> 
     </span>
     <span class='ocr_line' id='line_1_104' title="bbox 2645 5263 4591 5337; baseline 0.003 -19"><span class='ocrx_word' id='word_1_731' title='bbox 2645 5264 2827 5318; x_wconf 63' lang='lat' dir='ltr'>thonis</span> <span class='ocrx_word' id='word_1_732' title='bbox 2859 5265 2914 5320; x_wconf 75' lang='lat' dir='ltr'>d.</span> <span class='ocrx_word' id='word_1_733' title='bbox 2955 5263 3039 5321; x_wconf 77' lang='lat'>17.</span> <span class='ocrx_word' id='word_1_734' title='bbox 3071 5265 3251 5333; x_wconf 74' lang='lat' dir='ltr'>April.</span> <span class='ocrx_word' id='word_1_735' title='bbox 3287 5263 3452 5318; x_wconf 82' lang='lat' dir='ltr'>datas</span> <span class='ocrx_word' id='word_1_736' title='bbox 3483 5265 3739 5331; x_wconf 72' lang='lat' dir='ltr'>reform,</span> <span class='ocrx_word' id='word_1_737' title='bbox 3784 5264 3852 5318; x_wconf 83' lang='lat' dir='ltr'>de</span> <span class='ocrx_word' id='word_1_738' title='bbox 3884 5267 4081 5336; x_wconf 72' lang='lat' dir='ltr'>quibas</span> <span class='ocrx_word' id='word_1_739' title='bbox 4113 5267 4204 5321; x_wconf 67' lang='lat' dir='ltr'>hie</span> <span class='ocrx_word' id='word_1_740' title='bbox 4237 5269 4377 5322; x_wconf 74' lang='lat' dir='ltr'>satis</span> <span class='ocrx_word' id='word_1_741' title='bbox 4409 5273 4591 5337; x_wconf 71' lang='lat' dir='ltr'>aperte</span> 
     </span>
     <span class='ocr_line' id='line_1_105' title="bbox 2646 5331 4280 5403; baseline 0.001 -16"><span class='ocrx_word' id='word_1_742' title='bbox 2646 5333 2867 5401; x_wconf 76' lang='lat' dir='ltr'>dieitur,</span> <span class='ocrx_word' id='word_1_743' title='bbox 2897 5334 3127 5403; x_wconf 71' lang='lat' dir='ltr'>posthac</span> <span class='ocrx_word' id='word_1_744' title='bbox 3159 5332 3238 5387; x_wconf 79' lang='lat' dir='ltr'>ad</span> <span class='ocrx_word' id='word_1_745' title='bbox 3264 5331 3534 5400; x_wconf 66' lang='lat' dir='ltr'>Capitium</span> <span class='ocrx_word' id='word_1_746' title='bbox 3568 5334 3906 5389; x_wconf 70' lang='lat' dir='ltr'>remittendis</span> <span class='ocrx_word' id='word_1_747' title='bbox 3938 5337 4009 5401; x_wconf 74' lang='lat' dir='ltr'>ef.</span> <span class='ocrx_word' id='word_1_748' title='bbox 4047 5334 4125 5392; x_wconf 87' lang='lat' dir='ltr'>N.</span> <span class='ocrx_word' id='word_1_749' title='bbox 4160 5333 4280 5389; x_wconf 82' lang='lat'>600.</span> 
     </span>
    </p>
   </div>
   <div class='ocr_carea' id='block_1_16' title="bbox 4775 5 4825 3000">
    <p class='ocr_par' dir='ltr' id='par_1_26' title="bbox 4775 5 4825 3000">
     <span class='ocr_line' id='line_1_106' title="bbox 4775 5 4825 3000; baseline 0 0"><span class='ocrx_word' id='word_1_750' title='bbox 4775 5 4825 3000; x_wconf 95' lang='lat' dir='ltr'> </span> 
     </span>
    </p>
   </div>
   <div class='ocr_carea' id='block_1_17' title="bbox 4812 3001 4825 3985">
    <p class='ocr_par' dir='ltr' id='par_1_27' title="bbox 4812 3001 4825 3985">
     <span class='ocr_line' id='line_1_107' title="bbox 4812 3001 4825 3985; baseline 0 0"><span class='ocrx_word' id='word_1_751' title='bbox 4812 3001 4825 3985; x_wconf 95' lang='lat' dir='ltr'> </span> 
     </span>
    </p>
   </div>
  </div>
 </body>
</html>
