4825 6175
192 404 299 470 209

1068 583 1110 651 7
1202 634 1217 651 .

610 699 1084 770 OALVINUS
1109 581 1678 768 2ΙῗΙΒῙΞὲΒἸἾΞΞἸῸ.

341 856 586 923 Recitat
612 856 850 939 factum
883 855 1212 923 cuiusdam
1254 852 1564 923 Garinodi
1597 854 1707 936 qui
1741 873 1880 920 eum

184 965 300 1013 rem
341 942 634 1008 habuisse
675 943 922 1009 videtur
964 962 1218 1024 eamque
1253 946 1396 1025 post
1438 941 1717 1007 abortum
1759 941 1832 1006 in
1929 940 2123 1006 abau-

180 1032 343 1098 diam
395 1027 714 1094 transvehi
782 1033 1122 1094 curaverat.
1218 1027 1292 1094 Is
1343 1026 1759 1110 requirendus
1814 1031 1869 1092 et
1924 1026 2123 1092 iudici

180 1115 499 1185 sistendas.

384 1271 498 1334 (Ex
533 1269 871 1340 autographo
908 1269 1050 1323 Bibl.
1088 1273 1367 1337 pastorum
1403 1265 1905 1334 Neooomensium.)

176 1410 439 1494 Optimo
490 1416 557 1474 et
611 1407 983 1474 doctissimo
1025 1406 1170 1471 viro
1214 1403 1688 1489 Christophoro
1731 1402 1952 1469 Fabro
1997 1403 2125 1468 To-

336 1494 678 1560 noniensis
735 1492 1041 1591 ecclesiae
1098 1491 1344 1574 pastori
1397 1489 1781 1556 fidelissimo
1824 1488 2017 1554 fratri
2060 1496 2127 1554 et

336 1586 749 1664 symmystae
792 1597 1146 1645 cansslmo.

339 1715 410 1783 S.
463 1716 588 1781 Est
626 1715 735 1780 hic
779 1713 944 1780 civis
990 1734 1162 1778 unus
1207 1733 1287 1778 ex
1335 1711 1734 1795 primoribus
1779 1711 1965 1776 cuius
2007 1729 2127 1773 an·

178 1802 338 1881 oilla,
385 1801 670 1887 gravida
703 1821 906 1884 quum
952 1805 1144 1877 esset,
1189 1797 1359 1864 clam
1395 1797 1669 1881 aufugit.
1738 1797 1982 1862 Postea
2023 1795 2128 1860 in-

175 1888 464 1954 dicatum
519 1887 644 1953 fuit
703 1886 910 1950 Rolae
966 1905 1127 1950 esse.
1215 1882 1386 1950 Illuc
1441 1883 1755 1949 misimus.
1843 1882 2131 1947 Inventa

169 1976 289 2041 fuit
320 1974 548 2057 partui
584 1973 801 2039 vicina
838 1979 906 2035 et
939 1970 1134 2053 paulo
1170 1982 1319 2053 post
1352 1968 1654 2035 abortum
1688 1968 1858 2034 fecit.
1908 1965 2130 2048 Quum

210 2060 540 2126 raefectus
578 2058 708 2125 loci
742 2063 979 2142 rogatu
1013 2064 1236 2121 nostro
1258 2055 1659 2121 instituisset
1680 2052 2131 2137 quaestionem

169 2082 411 2213 Eabere
464 2143 544 2210 de
588 2143 924 2221 adulterio,
970 2142 1279 2225 imposita
1321 2141 1445 2205 fuit
1486 2140 1558 2204 in
1602 2160 1844 2205 navem
1882 2146 1949 2204 et
1986 2161 2131 2204 ver-

171 2254 276 2298 sus
319 2231 811 2315 praefecturam
867 2235 1157 2294 vestram
1215 2227 1503 2293 traiecta.
1592 2224 1674 2289 Id
1717 2224 1962 2290 factum
2007 2224 2135 2289 fuit

167 2338 204 2383 a
248 2316 593 2383 Gar-inodo.
674 2315 881 2380 Vides
924 2314 1031 2380 hic
1076 2312 1297 2377 Deum
1338 2310 1496 2377 ludi.
1577 2311 1774 2376 Nunc
1818 2311 1875 2375 si
1917 2310 2135 2377 velitis

170 2424 438 2487 operam
515 2401 704 2468 nobis
774 2406 1064 2467 vestram
1118 2397 1562 2475 commodare,
1621 2395 1822 2462 nullis
1880 2395 2134 2462 artibus

169 2497 437 2555 tantum
503 2487 873 2573 proficient,
941 2486 1097 2570 quin
1182 2483 1449 2549 tandem
1526 2483 1770 2550 veritas
1846 2483 2131 2566 patefiat.

168 2573 535 2642 Vocandus
571 2574 699 2638 erit
740 2569 1126 2641 Carinodus:
1172 2568 1702 2635 denunciandum
1736 2575 1816 2633 ut
1849 2567 2137 2651 puellam

171 2659 493 2739 adducat,
552 2658 791 2742 alioqui
850 2663 1071 2723 actum
1111 2656 1194 2721 iri
1240 2654 1557 2721 adversus
1600 2674 1751 2719 eum
1796 2653 1877 2718 de
1921 2660 2134 2735 raptu.

171 2745 397 2827 Quum
459 2746 638 2811 enim
695 2750 951 2809 constet
1008 2741 1167 2806 navi
1219 2740 1424 2806 fuisse
1479 2740 1560 2806 ab
1617 2760 1694 2804 eo
1738 2739 2135 2824 impositam,

169 2832 221 2897 si
257 2852 601 2915 nusquam
639 2835 972 2914 appareat,
1008 2849 1142 2892 non
1164 2834 1344 2893 caret
1377 2847 1484 2891 res
1523 2826 1713 2910 gravi
1750 2825 2133 2908 suspicione.

168 2916 336 2998 Quis
397 2918 588 2983 enim
644 2916 770 2981 scit
826 2936 914 2981 an
958 2914 1248 2997 proiecta
1302 2911 1503 2977 fuerit
1545 2912 1614 2976 in
1659 2910 1916 2977 lacum?
2006 2910 2138 2975 His

164 3003 730 3068 terriculamentis
790 2999 1059 3067 obiectis
1115 2999 1279 3063 forte
1336 2996 1829 3081 permovebitur
1870 3004 1950 3061 ut
1993 3016 2136 3060 eam

160 3097 643 3174 repraesentet.
705 3086 828 3153 Sin
873 3085 1112 3163 minus,
1160 3082 1464 3150 adulterii
1508 3105 1657 3149 cum
1694 3104 1770 3148 eo
1807 3080 2139 3168 agendum

163 3177 302 3240 erit.
395 3174 646 3242 Puella
701 3173 879 3239 enim
938 3192 1008 3236 se
1064 3171 1144 3237 ab
1201 3190 1276 3235 eo
1333 3167 1673 3254 gravidam
1741 3189 1884 3233 esse
1949 3166 2134 3232 dixit.

161 3260 307 3329 Nisi
355 3282 529 3345 ergo
576 3259 739 3326 velit
782 3258 1031 3324 crimen
1075 3255 1422 3338 suscipere,
1471 3261 1759 3338 exponat
1801 3254 1988 3319 cuius
2032 3254 2135 3318 sit.

162 3346 313 3430 Ipse
349 3346 657 3431 puellam
691 3344 925 3409 Rollae
960 3342 1376 3425 deposuerat:
1412 3338 1568 3405 inde
1604 3337 1895 3405 abduxit.
1945 3337 2143 3403 Dicat

162 3452 200 3497 a
240 3454 374 3518 quo
422 3432 560 3498 sibi
603 3427 1143 3508 commendatam,
1187 3435 1302 3492 aut
1343 3426 1416 3491 in
1458 3426 1644 3492 cuius
1688 3425 1973 3509 gratiam
2014 3424 2139 3490 hoc

162 3517 409 3584 fecerit.
500 3516 760 3582 Verum
803 3513 1137 3580 celeritate
1181 3520 1248 3577 et
1291 3532 1550 3579 summa
1593 3508 1935 3595 diligentia
1976 3531 2139 3593 opus

161 3611 271 3670 est.
331 3605 488 3672 Fac
525 3624 685 3688 ergo
720 3609 799 3667 ut
831 3600 1042 3684 primo
1079 3619 1332 3683 quoque
1367 3605 1659 3680 tempore
1692 3597 1856 3662 certi
1895 3594 2139 3679 aliquid

161 3692 628 3757 resciscamus.
716 3687 862 3753 Nisi
923 3686 1098 3751 enim
1159 3692 1566 3766 compertum
1617 3681 1818 3748 fuerit
1858 3681 1980 3747 hoc
2025 3679 2138 3746 ad·

161 3776 526 3856 ultorium,
582 3772 853 3858 posthac
906 3770 1126 3837 omnia
1171 3770 1483 3836 Genevae
1534 3768 1866 3851 impunita
1924 3773 2136 3833 erunt.

160 3861 361 3942 Vale,
434 3863 657 3928 frater
713 3868 781 3925 et
837 3857 1044 3923 amice
1087 3856 1530 3940 integerrime,
1596 3876 1744 3921 cum
1809 3874 2017 3918 uxore
2073 3859 2141 3918 et

161 3945 428 4015 Hanno.
498 3946 693 4014 Uxor
728 3964 874 4009 mea
905 3964 1026 4010 vos
1065 3962 1292 4007 omnes
1336 3941 1599 4018 salutat,
1642 3950 1807 4023 quae
1851 3938 2140 4005 luctatur

160 4053 310 4099 cum
369 4033 557 4100 febri
600 4030 993 4116 quotidiana.
1086 4026 1433 4106 Genevae,
1482 4030 1539 4090 3.
1581 4023 1901 4091 Novemb.
1955 4028 2136 4089 1545.

1110 4147 1394 4212 Ioannes
1437 4144 1756 4211 Calvinus
1799 4151 1971 4210 tuus.

961 4370 1367 4378 ————-—.—--

1088 4539 1242 4610 726.

716 4678 1189 4748 OALVINUS
1233 4677 1336 4741 VI
1349 4672 1608 4742 RETO.

336 4838 783 4903 Lau-sannam
822 4854 1016 4917 usque
1059 4851 1386 4898 excurrere
1428 4828 1521 4895 vel
1557 4828 1643 4894 ad
1672 4847 1923 4909 paucas
1957 4824 2148 4892 horas

163 4925 232 4988 in
263 4924 429 4991 odis
472 4927 594 4989 est.
643 4920 893 4985 Novum
925 4939 1068 4984 cum
1105 4916 1395 4983 Macram
1427 4914 1753 4999 neyotiasm.
1803 4910 2147 4978 Carmelita

165 5008 640 5095 Luydunensis
678 5007 878 5072 denuo
919 5006 1094 5071 adest
1140 5004 1440 5069 Gcnevae.

169 5183 282 5248 (Ex
318 5186 576 5251 autogra
614 5178 686 5232 ho
721 5177 851 5231 God.
880 5176 1082 5231 Gener.
1105 5172 1224 5240 106,
1260 5174 1352 5228 fol.
1377 5170 1494 5238 146,
1532 5172 1651 5226 coll.
1687 5187 1734 5225 c.
1771 5186 1893 5224 exx.
1947 5168 2149 5223 Ionvil·

170 5251 272 5308 hei
320 5250 464 5307 Ood.
511 5247 546 5302 1
592 5246 690 5315 1⁸,
739 5247 830 5300 fol.
867 5244 934 5300 39
981 5262 1063 5308 v.;
1117 5242 1393 5298 Turretini
1443 5241 1574 5295 Ood.
1613 5237 1741 5306 111,
1786 5238 1879 5293 fol.
1918 5235 2018 5292 127
2064 5251 2148 5306 ις

389 5317 682 5375 Bon-nemi
716 5313 857 5385 Epp.
893 5313 1022 5369 VII.
1058 5330 1113 5384 p.
1150 5310 1268 5381 ⁷31,
1304 5318 1362 5366 et
1396 5310 1618 5366 Simleri
1654 5308 1781 5363 Vol.
1814 5303 1929 5375 58.)

237 5403 244 5414 '
310 5403 554 5463 calvini
586 5414 769 5472 opera.
817 5400 929 5457 Vol.
967 5397 1115 5454 XII.

1854 396 2020 462 1545
2064 391 2483 467 NOVEMB.

4054 398 4186 464 210

2226 580 2498 669 Optimo
2532 582 2724 649 fiatri
2755 602 2903 648 meo
2939 582 3141 648 Petro
3175 581 3408 648 Vireto
3442 582 3942 650 Lausanneusis
3978 585 4184 651 eccle-

2399 669 2536 769 siae
2569 667 2819 769 pastori
2854 668 3234 735 fidelissimo
3267 676 3336 733 et
3371 668 3743 736 doctissimo
3778 677 4182 756 symmystae

2397 773 2758 820 carissimo.

2396 889 2673 956 Utinam
2730 888 2887 956 hinc
2939 888 3108 955 mihi
3171 889 3256 955 ad
3314 889 3609 955 triduum
3667 891 3927 957 evolare
3968 890 4183 970 liceat,

2226 980 2305 1040 ut
2348 988 2484 1041 tres
2529 976 2763 1041 saltem
2808 975 3007 1040 horas
3050 976 3228 1040 inter
3271 997 3392 1041 nos
3437 975 3899 1060 colloquamur.
3969 975 4184 1043 Oona-

2225 1061 2345 1126 bor
2388 1082 2547 1145 ergo
2590 1083 2696 1126 me
2740 1061 3096 1127 extricare:
3159 1059 3274 1126 sed
3319 1062 3489 1126 nihil
3531 1062 3912 1145 promittere
3957 1060 4183 1128 audeo.

2225 1147 2512 1212 Miratus
2569 1169 2717 1213 sum
2774 1147 2843 1211 in
2902 1148 3033 1211 tuis
3087 1145 3296 1212 literis
3358 1147 3612 1212 nullam
3675 1168 3974 1213 mearum
4041 1148 4187 1213 fieri

2225 1233 2651 1311 mentionem,
2697 1252 2860 1317 quas
2904 1232 3027 1297 tibi
3070 1230 3343 1301 reddere
3387 1230 3702 1299 debuerat
3735 1233 4002 1318 quidam
4023 1232 4187 1299 Del·

2225 1317 2466 1401 phinas
2534 1318 2648 1401 qui
2712 1339 2783 1383 se
2850 1315 3106 1384 dicebat
3168 1317 3369 1384 fuisse
3434 1318 3771 1385 Francisci
3836 1318 4191 1386 Marterelli

2228 1404 2787 1469 contubernalem.
2804 1408 2852 1467 ¹}
2921 1402 2998 1469 Si
3040 1403 3289 1483 fefellit,
3336 1403 3536 1469 doleo.
3604 1405 3966 1488 Exemplar
4009 1406 4190 1470 enim

2230 1489 2540 1571 epistolae
2577 1489 2660 1554 ad
2693 1489 3068 1556 Beruenses
3112 1491 3450 1557 ministros
3496 1490 3777 1574 scriptae
3812 1491 3944 1556 illis
3977 1491 4189 1557 inclu-

2232 1594 2465 1639 seram.
2555 1575 2750 1640 Nunc
2819 1584 2920 1641 est
2985 1574 3172 1640 nobis
3238 1597 3391 1641 cum
3458 1575 3750 1642 Macrino
3826 1579 4187 1660 negotium,

2232 1660 2419 1725 cuius
2487 1680 2756 1726 oausam
2820 1660 3082 1726 senatui
3145 1658 3611 1745 delegavimus.
3712 1661 3936 1727 Facile
4002 1663 4191 1728 nobis
4260 1738 4275 1756 .

2233 1746 2361 1810 erit
2414 1767 2567 1810 eum
2627 1746 2996 1812 extrudere.
3088 1745 3165 1811 Si
3217 1767 3355 1811 non
3409 1747 3785 1827 fecerimu8‚
3830 1768 4064 1812 vereor
4107 1768 4192 1813 ne

2233 1839 2608 1914 serpentem
2650 1832 2987 1898 foveamus
3027 1832 3100 1897 in
3144 1832 3311 1896 sinu.
3371 1830 3739 1899 Statuimus
3782 1855 3929 1898 eam
3971 1831 4193 1899 mode-

2234 1918 2558 1982 rationem
2603 1926 2826 1983 tenere
2869 1940 2955 1982 ne
2998 1925 3303 2000 appetere
3345 1916 3694 1983 videamur
3747 1919 3889 1985 eius
3933 1918 4193 1985 abdica-

2234 2002 2502 2067 tionem.
2550 2001 2683 2084 Qui
2718 2011 2787 2068 te
2821 2003 3138 2087 collegam
3175 2002 3528 2069 voluerunt
3562 2003 3928 2083 obtrudere,
3966 2003 4196 2070 eadem

2236 2108 2436 2173 opera
2478 2089 2638 2171 quin
2683 2098 2748 2155 te
2792 2089 3056 2173 abigere
3099 2088 3458 2166 voluerint,
3518 2090 3684 2155 mihi
3741 2111 3876 2155 non
3932 2100 4033 2155 est
4077 2088 4195 2155 du-

2237 2173 2435 2239 bium.
2482 2172 2708 2254 Quum
2750 2173 2997 2241 electus
3040 2174 3238 2239 fuerit
3281 2174 3535 2258 aliquis,
3581 2177 3707 2240 erit
3749 2175 3872 2240 tibi
3912 2176 4090 2242 iusta
4133 2182 4201 2242 et

2238 2258 2607 2344 plausibilis
2664 2260 3104 2343 conquerendi
3158 2261 3342 2325 ratio.
3432 2258 3582 2326 Scis
3627 2262 3772 2343 quis
3818 2260 3947 2327 huc
3989 2283 4200 2345 nuper

2240 2344 2615 2428 appulerit?
2707 2345 3068 2411 Carmelita
3120 2344 3612 2429 Lugdunensis.
3637 2349 3695 2423 ²)
3781 2347 3876 2411 Et
3934 2347 4199 2430 quidem

2240 2431 2405 2497 bene
2466 2431 2713 2497 tinctus
2777 2431 3069 2514 Quintini
3089 2431 3145 2515 3)
3219 2430 3662 2514 philosophia,
3734 2439 4055 2515 quantum
4114 2453 4199 2498 ex

2239 2537 2373 2581 uno
2420 2517 2776 2599 specimine
2818 2516 3132 2583 hesterna
3174 2518 3679 2601 congregatione
3723 2517 3898 2583 edito
3934 2518 4198 2585 coniici-

2238 2624 2407 2667 mus.
2501 2600 2898 2686 Quanquam
2959 2601 3174 2667 adhuc
3216 2602 3388 2667 nihil
3430 2613 3692 2685 praeter
3734 2604 4196 2670 coniecturam.

2241 2687 2524 2771 Propius
2580 2687 3137 2754 considerabimus
3155 2739 3169 2765 ,
3226 2691 3613 2770 praesertim
3668 2690 3918 2754 moniti.
4007 2689 4196 2767 Vale,

2240 2774 2445 2839 frater
2488 2782 2556 2839 et
2599 2773 2805 2841 amice
2848 2773 3290 2857 integerrime,
3339 2774 3669 2839 Dominus
3714 2782 3780 2839 te
3816 2782 3884 2840 et
3921 2795 4199 2840 uxorem

2241 2867 2478 2938 servet,
2544 2860 2651 2925 cui
2708 2867 2777 2925 et
2831 2860 3061 2925 amicis
3126 2858 3432 2925 omnibus
3497 2860 3781 2925 salutem
3846 2860 4199 2944 plurimam

2243 2944 2437 3012 dices.
2527 2945 2858 3025 Genevae,
2905 2950 2962 3009 7.
3009 2942 3324 3010 Novemb.
3344 2946 3403 3027 ⁴)

3166 3081 3446 3148 Ioannes
3490 3078 3811 3150 Calvinus
3853 3090 4024 3150 tuus.

3159 3507 3307 3580 727.

2745 3659 3214 3729 SAOHINUS
3261 3660 3697 3728 OALVINO.

2424 3831 2613 3917 Cupit
2644 3834 2781 3899 eius
2814 3834 3176 3899 sententiam
3210 3833 3440 3899 audire
3474 3833 3548 3898 de
3579 3834 3825 3916 foenore
3863 3840 3923 3900 et
3953 3837 4193 3903 usuris.

2558 4003 2669 4069 (ux
2705 4004 3042 4073 autographo
3090 4003 3221 4058 eod.
3258 4002 3463 4059 οων.
3498 4001 3614 4071 109,
3651 4004 3742 4060 fol.
3781 4002 3890 4072 14.)

2245 4174 2330 4240 D.
2377 4171 2935 4327 Isseafflndoglm⁰
2991 4174 3182 4243 fratri
3240 4175 3310 4240 in
3353 4173 3642 4241 Domino
3696 4176 3766 4240 in
3808 4175 4039 4257 primis
4083 4174 4197 4242 ob-

2421 4397 2693 4461 Amicus
2737 4394 3002 4479 quidam
3056 4417 3241 4462 meus
3284 4403 3352 4461 et
3396 4416 3635 4481 genere
3679 4403 3747 4460 et
3788 4397 4020 4479 opibus
4064 4398 4194 4463 cla-

2246 4503 2395 4560 rus,
2455 4480 2570 4547 sed
2623 4481 2867 4565 pietate
2921 4503 2996 4547 ac
3051 4481 3178 4547 fide
3232 4481 3440 4547 multo
3498 4481 3759 4560 clarior,
3818 4503 4033 4565 nuper
4086 4504 4193 4550 me

2267 4686 2411 4741 726.
2451 4685 2510 4749 1)
2550 4685 2624 4739 N.
2661 4685 2765 4740 716
2798 4686 2898 4742 ubi
2927 4687 3089 4741 etiam
3123 4685 3190 4739 dc
3226 4685 3500 4740 Macrino.

2453 4753 2512 4823 2)
2547 4754 2716 4810 Hunc
2754 4753 3014 4836 Simlerus
3050 4753 3379 4810 Stancarum
3410 4754 3782 4835 Mantuanum
3811 4753 3987 4819 fuisse
4019 4757 4197 4838 suspi-

2248 4829 2446 4947 ⁶⁰²²&
2479 4823 3561 4947 ἕᾶωλέἲοωέῗῗαῗῖἧᾞεῖ
3588 4822 3937 4944 '‘mm''
3975 4821 4193 4878 ⁰“²”'”⁸

2248 4908 2395 5016 aa
2427 4963 2525 5031 φῖ
2600 4933 2615 4961 ’
2674 4976 2727 5013 n
2760 4898 3001 5014 adm.
3052 4897 3342 5014 Gamelita
3384 4960 3486 5015 isto
3517 4893 3675 5013 ‚lobea
3706 4965 3869 5012 notus
3901 4891 4192 5016 ἴέἀαἪ

2248 5029 2535 5154 {welze
2564 5029 2864 5221 beregesngttm
2895 5045 3141 5153 habungt‘i
3164 5030 3445 5165 {3²³²}ss
3459 5026 4193 5166 maxim

2245 5182 2520 5238 nusquam
2553 5182 2737 5249 appar
2789 5206 2800 5218 .
3155 5235 3166 5247 .
3289 5235 3299 5248 ι
3576 5232 3587 5244 ·
3836 5233 3847 5246 .

2453 5235 2520 5370 {3
2556 5235 2829 5359 3:235}ss
2857 5235 3222 5360 mat&
3205 5251 3268 5360 ω’
3255 5237 4063 5439 ‘wfflaffam
