4825 6175
670 425 753 490 63
2215 415 2741 486 EPISTOLAE
2787 419 3128 483 633—634
4582 418 4656 482 64

666 611 1107 697 poenitentiae
1170 608 1437 694 signum
1507 628 1707 691 quum
1778 606 1995 686 daret,
2076 603 2340 671 tandem
2415 605 2616 671 etiam

666 696 1037 784 phanaticis
1101 694 1513 779 opinionibus
1590 692 1898 777 abreptus
1973 689 2332 758 videbatur.
2443 690 2617 755 Nam

669 805 818 850 cum
841 782 1234 865 magistratu
1273 777 1748 863 expostulabat,
1791 777 1907 861 qui
1949 776 2030 842 de
2074 797 2164 855 se,
2208 785 2554 861 postquam
2578 798 2617 841 a

668 868 955 935 Domino
996 867 1258 934 veniam
1300 866 1669 932 obtinuerat
1683 915 1701 943 ,
1759 862 2062 949 exigebat
2104 860 2316 928 adhuc
2365 861 2618 943 suppli-

668 955 863 1022 cium.
960 952 1288 1017 Dominus
1345 959 1597 1030 tamen,
1657 951 1828 1015 sicut
1881 948 2050 1024 dixi,
2152 955 2367 1012 raeter
2433 967 2618 1030 spem

669 1060 886 1107 meam
949 1036 1336 1103 mirabiliter
1387 1043 1695 1119 operatus
1747 1044 1866 1100 est.
1968 969 2183 1099 Ambo
2237 1032 2306 1098 in
2362 1052 2621 1098 summa

670 1123 1074 1202 constantia,
1136 1125 1205 1187 iu
1271 1143 1530 1188 summa
1586 1120 1734 1199 fide,
1799 1128 1866 1186 et
1921 1120 2116 1186 claris
2179 1118 2620 1202 poenitentiae

670 1209 880 1295 signis
924 1209 1007 1274 ad
1046 1215 1327 1274 mortem
1370 1207 1672 1273 alacriter
1712 1211 2162 1289 perrexerunt.

842 1294 950 1360 De
1017 1293 1237 1360 schola
1315 1294 1488 1358 nosti
1558 1291 1715 1374 quid
1781 1291 2154 1375 scripserim
2224 1287 2537 1354 CorderiO.
2558 1292 2619 1364 ⁴)

671 1380 856 1446 Nihil
920 1379 1098 1445 aliud
1153 1378 1346 1462 cupio
1403 1398 1600 1462 quam
1656 1381 1877 1461 pueris
1947 1375 2113 1441 bene
2184 1382 2618 1457 prospectum.

671 1466 821 1532 Non
866 1472 968 1531 est
1006 1472 1142 1530 tam
1183 1464 1401 1547 opima
1435 1462 1716 1530 conditio
1750 1462 2231 1546 magistrorum,
2278 1468 2358 1524 ut
2390 1459 2623 1524 ambiri

670 1571 1067 1636 magnopere
1102 1548 1350 1616 debeat.
1417 1548 1730 1614 Ambitur
1764 1558 2003 1625 tamen,
2050 1554 2119 1611 et
2193 1544 2413 1610 uidem
2436 1551 2624 1609 tanta

672 1637 1089 1705 contentione
1142 1645 1218 1700 ut
1267 1634 1433 1699 mihi
1488 1635 1703 1700 instar
1754 1632 2039 1717 portenti
2088 1633 2155 1696 vi
2200 1639 2406 1695 eatur.
2497 1629 2620 1696 Se-

670 1731 885 1801 natus,
928 1729 1008 1786 ut
1048 1741 1260 1804 nuper
1293 1719 1750 1798 animadverti,
1796 1719 1868 1782 in
1910 1715 2205 1785 Carolum
2220 1719 2275 1789 ὃ)
2318 1714 2616 1781 inclinat:

673 1806 790 1876 sed
826 1807 979 1891 quia
1032 1807 1234 1872 semel
1283 1805 1575 1871 Gorderio
1630 1804 1951 1888 permissa
2005 1809 2106 1868 est
2146 1809 2450 1885 potestas,
2496 1801 2620 1867 hoc

673 1903 920 1960 statum
972 1893 1308 1975 fixumque
1362 1897 1602 1957 manet.
1702 1888 1781 1956 Si
1836 1890 2004 1955 scias
2061 1886 2219 1970 quid
2275 1888 2456 1953 canis
2508 1887 2620 1951 1116

673 1979 1035 2045 deblateret
1091 1976 1443 2042 adversum
1509 1997 1615 2040 me
1671 1974 2141 2052 (Sebastianum
2157 1976 2214 2050 θ)
2266 1972 2618 2056 intelligo),

674 2064 870 2142 dicas,
959 2083 1070 2128 rae
1110 2083 1188 2128 eo
1229 2061 1518 2145 placidos
1561 2061 2015 2143 modestosque
2058 2080 2202 2124 esse
2245 2057 2617 2124 monachos.

674 2148 853 2233 Quid
940 2150 1190 2214 icturus
1232 2156 1378 2212 erat
1417 2148 1474 2212 si
1515 2167 1780 2213 causam
1824 2145 2209 2212 alterutram
2251 2144 2323 2208 in
2364 2152 2621 2227 partem

672 2235 1001 2318 suscipere
1043 2254 1149 2298 me
1193 2234 1483 2312 vidisset,
1528 2254 1728 2316 quum
1763 2232 1857 2296 ita
1888 2231 2178 2296 insaniat
2218 2229 2404 2295 nulla
2438 2248 2622 2295 occa-

673 2319 897 2389 sione?
986 2320 1100 2385 Me
1145 2320 1321 2384 enim
1364 2319 1539 2404 gessi
1593 2318 1667 2383 in
1712 2318 1837 2383 hac
1893 2339 1965 2382 re
2006 2336 2273 2399 prorsus
2312 2313 2620 2379 medium.

673 2407 871 2474 Nunc
947 2405 1130 2470 virus
1208 2425 1400 2470 suum
1477 2404 1671 2487 pleno
1748 2425 1861 2469 ore
1905 2403 2167 2468 evomit.
2286 2400 2468 2466 Dicit
2552 2420 2623 2466 se

672 2493 876 2558 fuisse
929 2510 1076 2554 mea
1129 2488 1478 2575 tyrannide
1532 2512 1616 2554 ex
1664 2486 2028 2555 ministerio
2083 2487 2438 2565 deiectum,
2498 2506 2624 2568 quo

673 2577 852 2644 solus
919 2596 1265 2659 regnarem
1279 2626 1294 2653 ,
1361 2596 1510 2640 mea
1576 2573 1931 2640 ambitione
1997 2572 2382 2639 Hearichum
2447 2570 2623 2636 able-

673 2671 904 2748 gatum
923 2663 978 2737 ⁷)
1018 2660 1165 2741 alio,
1210 2668 1277 2725 et
1317 2659 1473 2743 quid
1514 2658 1693 2726 non?
1785 2657 1986 2742 (Quia
2043 2679 2216 2724 unus
2259 2656 2624 2722 ministerio

676 2768 888 2830 nuper
931 2745 1267 2812 abdicatus
1308 2745 1434 2810 fuit
1474 2767 1667 2829 quem
1709 2744 2046 2811 Bossiensi
2090 2743 2394 2809 ecclesiae
2437 2763 2624 2827 prae-
2644 2731 2666 2752 “

676 2835 1057 2908 feceramus,
1076 2833 1136 2911 ⁸)
1192 2832 1470 2896 insultat
1528 2831 1743 2906 nobis,
1809 2852 1884 2896 ac
1947 2828 2016 2894 id
2082 2829 2430 2894 manifesta
2493 2826 2627 2893 Dei

677 2919 929 2985 ultione
970 2919 1215 2984 factum
1261 2917 1581 2995 clamitat,
1635 2915 1809 2999 quod
1866 2922 2130 2981 sanctus
2182 2914 2298 2979 ille
2339 2913 2470 2979 Dei
2508 2936 2623 2978 an-

674 3003 883 3091 gelus,
930 3002 1245 3069 Olaudius
1307 3002 1582 3068 Veronae
1602 3004 1658 3085 ⁹)
1703 3004 1842 3067 eius
1875 3000 2135 3080 sodalis,
2178 3000 2362 3065 illinc
2394 2998 2625 3064 fraude

677 3110 829 3157 mea
869 3089 1175 3156 exclusus
1218 3086 1437 3175 esset.)
1506 3087 1678 3155 Mihi
1714 3087 2102 3173 gravissima
2144 3086 2453 3166 minatur,
2497 3084 2627 3151 nisi

678 3178 879 3242 timor
952 3175 1376 3260 magistratus
1440 3173 1798 3259 impediret.
1922 3172 2105 3238 Nihil
2183 3173 2358 3238 enim
2467 3170 2627 3237 udet

679 3283 834 3328 eum
877 3261 975 3326 ita
1016 3260 1208 3344 loqui.
1299 3258 1524 3341 Quum
1582 3258 1933 3325 Fen-ronias
1958 3262 2042 3336 ¹⁰)
2086 3259 2400 3343 ingratitu
2448 3257 2626 3324 inem

676 3347 778 3415 illi
821 3345 1265 3430 exprobraret,
1324 3366 1400 3412 ac
1442 3345 1619 3410 inter
1661 3346 1791 3410 alia
1842 3343 2113 3424 diceret,
2172 3366 2241 3409 se
2286 3342 2627 3426 aliquoties

676 3431 963 3498 adfuisse
1034 3452 1236 3514 quum
1307 3432 1448 3496 eins
1511 3451 1632 3515 ego
1707 3430 1919 3514 lapsui
1983 3430 2134 3497 illac
2283 3449 2462 3509 aret,
2522 3451 2626 3495 re-

676 3518 947 3603 spondit
1021 3516 1347 3601 lacrymas
1423 3517 1623 3581 fuisse
1697 3515 2018 3582 crocodili.
2291 3514 2437 3581 dem
2506 3536 2625 3580 nos

679 3624 905 3671 omnes
948 3622 1229 3684 nequam
1265 3601 1582 3684 nihilique
1625 3623 1766 3669 esse
1809 3601 1998 3666 dixit.

851 3687 1038 3769 Quae
1080 3706 1163 3752 ex
1204 3687 1568 3753 Germania
1610 3687 1693 3752 ad
1735 3708 1842 3752 me
1884 3685 2333 3753 scribebantur
2388 3686 2625 3751 vellem

676 3772 969 3858 legisses.
1039 3771 1214 3855 Quia
1254 3781 1475 3838 tamen
1519 3771 1682 3839 adeo
1719 3770 2020 3839 timidum
2063 3782 2130 3837 te
2170 3772 2371 3837 fuisse
2414 3770 2623 3851 video,

678 3859 806 3926 hac
848 3868 914 3925 te
953 3857 1271 3943 religione
1308 3860 1382 3924 in
1423 3866 1755 3942 posterum
1801 3859 2014 3936 solvo,
2069 3879 2155 3923 ne
2200 3876 2626 3940 quaecunque

679 3942 767 4011 ad
807 3964 915 4010 me
954 3942 1184 4009 literae
1226 3944 1508 4027 scriptae
1549 3954 1747 4009 erunt
1798 3966 1908 4009 eas
1964 3944 2301 4028 resignare
2348 3941 2621 4010 dubites.

678 4029 1080 4113 Quanquam
1121 4030 1195 4095 in
1233 4031 1378 4095 istis
1416 4030 1760 4113 postremis
1796 4029 1963 4095 nihil
1994 4050 2262 4114 prorsus
2281 4037 2427 4096 erat
2448 4029 2623 4094 novi.

682 4113 872 4197 Quae
913 4116 1090 4180 enim
1133 4124 1326 4180 erant
1367 4115 1854 4182 recentissimae
1898 4116 2089 4201 longe
2123 4113 2307 4198 prius
2342 4116 2624 4197 scriptae

678 4201 955 4267 fuerant.
1057 4200 1272 4267 Simul
1330 4210 1524 4285 atque
1578 4223 1620 4266 a
1680 4199 1946 4271 Claudio
1971 4204 2055 4280 ¹¹)
2120 4201 2225 4266 vel
2289 4200 2624 4267 Guillelmo

680 4286 930 4369 aliquid
972 4306 1279 4372 accepero
1322 4286 1650 4354 rescisces.

684 4426 781 4437 0-2—
872 4428 1089 4436 *Q*—

883 4506 945 4641 ἑξ
983 4506 1411 4646 ἔξιέᾨῗ6ωοηί,
1443 4578 1540 4646 qai
1573 4593 1633 4631 eo
1666 4582 1900 4646 tempore
1931 4575 2145 4630 scholae
2172 4584 2440 4645 praeerat.

885 4644 946 4709 6)
985 4643 1372 4700 castellionem.

886 4712 1170 4781 7)De1a
1218 4714 1670 4781 Mar‚exurbe
1716 4715 1778 4767 in
1823 4728 2043 4782 aqi-um,
2095 4728 2286 4783 nempe
2344 4715 2623 4769 invictam

851 4816 945 4915 ‘8)
988 4849 1176 4904 Simon
1213 4851 1449 4905 Moreau
1490 4846 1625 4902 1544
1653 4849 1713 4903 V.
1732 4848 1806 4903 D.
1830 4848 1910 4902 M.
1947 4849 2008 4904 in
2044 4849 2255 4920 Bossey
2288 4856 2338 4906 et
2368 4849 2620 4915 Troim,

679 4922 771 4975 cui
817 4933 965 4973 anno
1006 4934 1116 4989 seq.
1153 4920 1408 4974 666666εὲ6
1455 4918 1667 4973 Frane.
1715 4917 2038 4988 Bouraoinq
2092 4921 2192 4988 qui
2239 4924 2287 4972 ot
2331 4918 2624 4988 &Aqnyon

884 5003 1055 5122 9)''1v.
1091 5052 1661 5178 ffgfflgffflssm
1690 5054 2009 5123 parenthesi·
2042 5055 2367 5110 macnus
2400 5055 2462 5107 a·
2480 5072 2623 5110 aar·

681 4781 849 4852 Iassy

678 5140 805 5196 W
839 5129 1313 5257 mamem
1356 5191 1415 5246 V.
1453 5188 1528 5245 D.
1571 5189 2024 5272 M3Genevensis
2055 5208 2210 5263 quem
2244 5192 2331 5247 liic
2363 5190 2625 5247 Sindoi-m

676 5275 961 5394 maias?
987 5259 1920 5395 ξοαὲιανξῑῗοωορωυέζαῧαυΐῇοωαηι
1953 5328 2106 5384 debat
2136 5330 2414 5385 66666668.

2889 607 3041 672 Duo
3080 606 3214 672 huc
3254 626 3466 689 nuper
3502 627 3542 670 a
3574 605 3887 672 fratribus
3920 603 4445 672 Provincia-libus
4485 603 4661 673 missi

2719 693 3050 770 erant212)
3147 693 3217 757 ui
3269 690 3378 756 1116
3428 690 3864 757 substiterunt
3917 711 4066 757 meo
4116 699 4355 777 rogatu
4409 690 4662 758 circiter

2720 776 3060 843 duodecim
3103 713 3258 844 3168.
3346 777 3708 862 Postquam
3750 777 3915 842 mihi
3957 798 4106 861 spes
4148 775 4392 844 excidit
4422 776 4662 842 maturi

2720 862 2970 929 reditus
3015 864 3120 930 vel
3167 861 3428 930 Claudii
3469 863 3580 928 vel
3625 862 3979 939 Guillelmi‚
4033 884 4142 928 eos
4200 862 4378 928 abire
4434 882 4662 946 passus

2722 971 2886 1014 sum.
2957 949 3244 1015 Promisi
3277 957 3499 1014 tamen
3532 949 3663 1013 illis
3698 948 4077 1015 absentibus
4111 948 4448 1033 negotium
4483 946 4664 1013 nobis

2722 1035 3024 1103 omnibus
3066 1056 3263 1101 curae
3306 1035 3462 1113 fore,
3508 1057 3584 1101 ac
3627 1045 3692 1100 te
3734 1035 4119 1118 praesertim
4139 1056 4272 1100 non
4294 1031 4667 1098 defuturum

2722 1119 3057 1204 spopondi.
3124 1120 3297 1187 Mihi
3340 1119 3549 1187 doluit
3582 1141 3692 1186 eos
3727 1120 3924 1185 aliam
3954 1140 4225 1204 prorsus
4247 1118 4667 1186 confessionis

2723 1207 3001 1273 formam
3043 1205 3418 1272 exhibuisse
3473 1207 3554 1272 ab
3613 1226 3692 1270 ea
3748 1226 3945 1289 quam
4010 1203 4193 1272 Petro
4217 1207 4298 1278 ¹⁸)
4341 1202 4666 1271 dederam.

2723 1292 2958 1357 Nescio
3015 1290 3168 1374 quid
3220 1291 3318 1356 illi
3372 1292 3443 1356 in
3500 1299 3788 1358 mentem
3845 1291 4101 1357 venerit
4142 1299 4220 1357 ut
4271 1290 4672 1374 improbaret

2724 1376 2896 1461 quod
2956 1375 3255 1444 omnibus
3315 1377 3673 1461 placuerat,
3736 1387 3806 1442 et
3869 1376 4009 1461 ipse
4065 1375 4493 1443 simulaverat
4546 1376 4668 1443 sibi

2723 1463 2998 1546 placere.
3098 1463 3251 1528 Non
3305 1463 3510 1528 miror
3566 1462 3624 1527 si
3676 1463 3827 1528 Rex
3878 1460 4304 1529 exacerbatus
4347 1461 4548 1528 fuerit
4601 1462 4671 1527 in

2724 1550 2938 1632 capite
2996 1548 3078 1614 de
3134 1547 3545 1614 eucharistia.
3645 1547 3842 1614 Oerte
3899 1547 4256 1614 Germanis
4310 1568 4446 1613 non
4489 1547 4671 1613 satis-

2722 1636 2920 1700 faciet
2986 1632 3160 1719 quod
3222 1633 3467 1700 dicunt.
3576 1634 3722 1716 Ego
3783 1641 4002 1699 autem
4064 1652 4437 1716 receperam
4501 1631 4672 1716 apud

2723 1719 3046 1786 Buoerum
3098 1719 3319 1784 omnia
3383 1719 3550 1785 bene
3613 1718 3871 1784 habere.
3971 1716 4078 1783 De
4145 1716 4443 1800 praeside
4507 1719 4669 1784 Pro·

2723 1805 2979 1872 vinciae
3005 1808 3089 1881 ¹⁴)
3133 1806 3266 1870 iam
3309 1803 3677 1870 admonitus
3718 1804 3999 1882 fueram,
4058 1823 4135 1869 ac
4179 1803 4392 1887 primo
4431 1804 4671 1871 nuncio

2725 1889 3075 1975 diligenter
3119 1890 3426 1956 hortabor
3468 1889 3790 1957 Buoerum
3830 1897 3908 1954 ut
3950 1888 4075 1954 sibi
4118 1896 4363 1955 caveat.

2893 1976 3082 2054 Vale,
3129 1978 3371 2059 optime
3412 1974 3618 2042 frater
3660 1983 3726 2040 et
3768 1975 3975 2041 amice
4015 1975 4455 2060 integerrime.
4534 1974 4670 2040 Do·

2725 2061 2945 2128 minus
2980 2070 3045 2127 te
3079 2067 3425 2128 conservet
3453 2081 3809 2144 omnesque
3850 2061 4086 2126 fratres
4124 2068 4400 2140 nostros,
4442 2058 4674 2143 quibus

2726 2147 3005 2212 salutem
3048 2146 3402 2230 plurimam
3439 2145 3615 2212 dices
3655 2166 3802 2211 meo
3842 2147 4129 2226 nomine,
4173 2145 4372 2212 simul
4415 2153 4486 2212 et
4519 2154 4672 2211 tuae

2722 2233 3029 2298 familiae.
3116 2232 3341 2298 Nostri
3399 2252 3625 2297 omnes
3680 2242 3745 2296 te
3804 2231 4065 2298 salvum
4118 2252 4261 2297 esse
4315 2251 4401 2297 ex
4455 2232 4673 2298 animo

2725 2319 3024 2402 cupiunt:
3069 2326 3331 2400 praeter
3362 2318 3607 2394 solitos,
3650 2316 3937 2382 Michael
3976 2315 4199 2399 (lopus,
4243 2315 4675 2384 Oleriacensis

2726 2404 3093 2482 canonicus,
3120 2405 3201 2479 ¹⁵)
3243 2403 3357 2487 qui
3399 2400 3775 2468 sacerdotiis
3818 2401 4119 2468 omnibus
4162 2410 4394 2486 sponte
4428 2402 4674 2469 relictis

2727 2489 2857 2554 huc
2890 2489 3360 2573 commigravit,
3399 2509 3704 2572 nuncque
3736 2487 4076 2554 nobiscum
4110 2497 4226 2564 est,
4273 2490 4377 2553 vir
4417 2488 4675 2573 integer

2727 2585 2795 2641 et
2835 2596 2992 2641 vere
3034 2573 3202 2658 Oopi
3241 2574 3435 2639 filius.

2899 2661 3141 2726 Vester
3174 2660 3345 2725 male
3364 2665 3703 2726 -castratus
3731 2660 3813 2743 ¹⁶)
3834 2679 4046 2742 nuper
4079 2656 4165 2722 ad
4189 2659 4428 2724 fratres
4450 2658 4675 2725 classis

2728 2746 3182 2813 'Perniacensis
3246 2745 3536 2827 scripsit,
3617 2766 3762 2810 esse
3826 2743 3951 2809 sibi
4014 2745 4082 2809 in
4150 2745 4370 2809 animo
4431 2743 4674 2811 librum

2727 2829 3055 2914 quendam
3110 2827 3461 2896 adversum
3513 2851 3620 2895 me
3670 2830 3881 2895 edere.
3981 2829 4288 2914 Rogabat
4328 2852 4412 2897 ne
4470 2830 4674 2898 offen-

2727 2917 3043 2983 derentur
3086 2916 3201 2982 ubi
3243 2916 3453 2981 editus
3496 2916 3679 2980 foret.
3785 2915 4182 2982 Mai-curtius
4207 2919 4291 2998 ¹⁷)
4335 2916 4448 2998 qui
4497 2914 4672 2999 pedi·

2726 3002 2849 3068 bus
2904 3003 3229 3068 sustinere
3289 3023 3358 3069 se
3417 3000 3590 3066 domi
3627 3002 3745 3066 vix
3788 3009 4060 3083 poterat,
4125 3020 4247 3067 sua
4288 2998 4673 3084 phrenetide

2729 3087 3036 3172 abreptus
3078 3089 3229 3167 fuit,
3290 3096 3363 3154 ut
3404 3086 3488 3154 ad
3538 3095 3671 3153 tam
3715 3085 4121 3171 praeclarum
4165 3087 4483 3154 nuncium
4527 3108 4672 3171 per-

2728 3173 3068 3242 ferendum
3110 3174 3465 3241 advolaret.
3556 3171 3618 3239 0
3665 3173 3807 3237 dira
3849 3174 4197 3257 impiorum
4243 3173 4611 3241 tormenta!

3642 3310 3927 3376 Ioannes
3968 3308 4286 3376 Calvinus
4328 3318 4501 3378 tuus.

3499 3567 3905 3580 a*—

3619 3750 3771 3825 634.

2875 3892 3226 3960 OALVIN
3269 3895 3332 3958 A
3375 3893 3503 3956 LA
3546 3891 3833 3958 REINE
3876 3890 4006 3957 DE
4049 3890 4523 3958 NAVARBE.

2899 4065 2975 4130 Π
3014 4063 3338 4130 medient
3380 4063 3704 4145 etjustifie
3744 4064 4207 4147 sonjayement
4258 4081 4374 4128 sar
4427 4061 4671 4146 Pooqnoe

2726 4157 2784 4218 et
2842 4151 3131 4232 Quintia,
3190 4169 3307 4231 que
3350 4149 3418 4215 la
3464 4148 3661 4214 Reine
3700 4149 3877 4213 avait
3916 4147 4231 4214 aoeueillis
4288 4148 4331 4213 ὰ
4382 4168 4462 4215 sa
4505 4164 4668 4225 cour,

2726 4242 2783 4303 ei
2836 4236 2981 4302 dont
3035 4235 3086 4302 il
3140 4235 3313 4301 avait
3366 4233 3704 4317 damasque}
3754 4233 3843 4299 les
3885 4234 4212 4301 tendam
4245 4234 4671 4317 pernicieuses

2727 4324 3048 4390 dan-sson
3087 4320 3644 4386 oraoeemnmks
3687 4318 4020 4386 Libertinos.

2904 4506 2996 4570 12)
3034 4513 3084 4561 et
3125 4506 3341 4578 quidem
3395 4513 3521 4561 ante
3564 4507 3756 4562 caedes
3804 4506 3933 4560 illas
3977 4506 4043 4560 de
4088 4507 4283 4576 quotue
4326 4522 4452 4562 moa·
4499 4507 4668 4575 plura

2726 4574 2881 4643 haus.
2955 4575 3100 4631 Nam
3135 4575 3407 4632 wadium
3441 4576 3766 4645 oppidorum
3788 4575 4071 4631 Gabi-ieros
4103 4581 4155 4629 et
4174 4575 4456 4631 Merindol
4487 4575 4567 4630 ad
4597 4570 4667 4627 20

2728 4646 2930 4766 Ami
2967 4660 3164 4780 >⁶'Fua
3220 4713 3346 4767 oum
3400 4712 3605 4782 alequa
3663 4712 3861 4767 Petra
3905 4712 4142 4767 Masso„
4187 4712 4501 4779 (Latonas)
4549 4723 4667 4767 cua·

2733 4782 2862 4836 Geo.
2891 4781 3069 4836 Morel
3099 4799 3136 4835 a
3164 4780 3546 4837 Waldemtbus
3569 4779 3840 4835 Genevam
3862 4780 4140 4835 Basileam
4174 4787 4226 4836 et
4247 4782 4667 4848 Arqmtoramm

2725 4852 2940 4904 missus.
3009 4852 3102 4903 An
3134 4851 3279 4915 forte
3311 4852 3456 4906 hunc
3486 4849 3801 4919 siqmjftcat?
3850 4850 4008 4903 Inter
4045 4849 4418 4904 Provinciam
4452 4865 4505 4903 a.
4535 4842 4667 4900 154⁶

2725 4918 3388 5053 nominfiig'mNdegIQZv-atos
3421 4925 3651 5040 apparet
3684 4919 3888 4988 aliquis·
3851 4920 3862 4931 ‘
3923 4917 4139 4987 Petrus,
4175 4918 4329 4985 infra
4367 4917 4443 4971 N.
4480 4916 4598 4971 643.

3090 5026 3102 5040 .
3293 4994 3402 5042 not.
3477 5028 3489 5039 .

2898 5053 2988 5119 15)
3025 5029 3258 5125 quartus,
3294 5055 3551 5111 Gussdmi
3575 5055 3728 5119 filim
3759 5055 3855 5123 (N.
3889 5053 3941 5123 5,
3975 5061 4083 5110 not.
4102 5052 4182 5121 2),
4217 5055 4319 5124 qui
4349 5070 4400 5109 a.
4437 5053 4573 5109 1546
4607 5054 4665 5104 in

2725 5124 3086 5179 ministerium
3125 5123 3435 5179 6616666686
3468 5132 3712 5194 receptas
3745 5131 3822 5178 est
3856 5140 3956 5180 sec.
3992 5123 4203 5191 Hmnj.
4242 5121 4367 5177 111.
4410 5122 4536 5189 13o,·
4568 5133 4665 5178 ue·

2729 5191 3063 5248 Archinard.
3097 5197 3276 5247 tam
3308 5193 3520 5248 demum
3552 5210 3606 5248 a.
3644 5191 3794 5248 1549.

2895 5260 2988 5329 16)
3029 5260 3391 5330 capuae-aus.

2896 5327 2982 5391 17)
3022 5330 3190 5385 Nunc
3225 5329 3490 5386 Necdum·
3520 5331 3781 5387 minister.
3853 5328 3960 5397 (Ν.
3998 5327 4145 5394 545.)
