4825 6175
190 440 254 502 61
1896 439 2059 501 1545
2104 435 2413 502 ΑΡΒΠ..
2564 434 2572 440 ’
4066 431 4147 510 62

188 633 245 689 et
279 617 423 686 inde
464 620 690 705 magni
729 620 856 688 viri
899 621 1286 704 praesertim
1318 621 1391 688 in
1412 620 1703 689 Domino
1735 623 2093 707 perierunt.

182 708 515 785 Hactenus,
561 707 790 789 inquit,
834 706 1148 773 intactam
1193 707 1457 774 domum
1491 715 1785 775 nostram
1807 710 2099 776 servavit

182 793 481 860 Dominus
500 841 517 869 ,
572 798 902 875 utcunque
959 794 1216 877 saepius
1270 794 1468 860 fuerit
1516 793 1821 878 adpetita.
1910 794 2097 861 Haec

179 878 306 944 ideo
336 884 427 952 ut,
473 875 532 942 si
573 877 758 960 prius
801 878 824 943 i
917 881 1118 944 orasti
1172 879 1695 946 machinationes
1740 879 1982 947 diaboli
2022 881 2096 945 in

179 960 530 1030 hominibus
551 971 777 1028 contra
856 963 1138 1029 hristum
1158 965 1540 1043 Dominum,
1577 966 1833 1049 plenius
1855 966 2094 1046 videas,

179 1059 236 1116 et
273 1046 597 1130 expendas
640 1055 963 1132 quantum
1007 1050 1095 1116 sit
1134 1049 1421 1116 hostium
1465 1050 1587 1117 hoc
1630 1061 1763 1116 tem
1812 1073 1940 1131 ore,
1985 1051 2096 1135 qui

176 1141 473 1202 conantur
505 1134 574 1199 vi
609 1135 714 1199 vel
748 1135 980 1200 fraude
1014 1135 1242 1201 tollere
1262 1144 1328 1203 et
1348 1137 1713 1221 exstirpare
1778 1140 2098 1204 cetrinam

175 1219 420 1287 Christi.
542 1219 829 1287 Domine
917 1220 1068 1287 Iesu
1086 1273 1102 1300 ‚
1191 1221 1462 1288 intende
1548 1222 1622 1287 in
1700 1223 2095 1288 adiutorium

177 1313 455 1372 nostrum
502 1314 569 1369 et
612 1315 835 1372 averte
874 1305 1044 1371 iram
1100 1317 1282 1373 tuam
1326 1329 1366 1372 a
1405 1308 1593 1374 nobis
1633 1345 1717 1354 ——
1755 1346 1842 1357 —-
1885 1347 1969 1356 —
2014 1346 2093 1356 —

176 1389 452 1458 Basileae
499 1393 557 1454 7.
603 1391 817 1475 April.
868 1411 1020 1457 ann.
1076 1397 1257 1458 1545.

1190 1527 1307 1597 Os.
1352 1531 1706 1616 Myconius
1748 1538 1921 1598 tuus.

928 1821 1327 1834 ——-.--——-—-..

1042 2042 1197 2114 632.

520 2177 1242 2247 MELANOHTHON
1286 2178 1723 2246 GALVINO.

320 2346 457 2414 Sibi
518 2350 740 2431 potius
806 2345 1243 2418 consulendum
1315 2370 1456 2416 oum
1513 2351 1751 2435 gemitu
1818 2350 2098 2434 affiamat

169 2454 336 2515 quam
399 2439 471 2500 ut
544 2435 680 2518 ipse
746 2436 901 2502 aliis
956 2437 1269 2504 consulere
1327 2437 1542 2502 valeat.
1649 2437 1893 2502 Tristia
1947 2435 2098 2503 haec

170 2524 424 2600 tempora
456 2521 744 2587 tristiora
778 2529 1122 2604 sequentur.
1186 2521 1454 2587 Lathero
1490 2520 1744 2591 Calvina·
1774 2522 2097 2604 epistolam

170 2623 273 2669 non
310 2605 595 2672 tradidit.
1433 2691 1446 2705 ·

192 2773 733 2898 Auwgffphmiossmf
752 2781 944 2899 ἶκῗξέῦ.
1015 2777 1782 2901 Δοιὶιὲιέἰεείωαὸξιθωρίῗῖία
1823 2777 1993 2832 habes
2036 2778 2096 2860 in

166 2910 280 2966 Ood.
315 2861 560 2980 ιθὲθῖὁι.
594 2887 669 2966 4έ
700 2862 759 2965 v‘f
788 2919 846 2967 et
880 2861 1001 2980 ui,
1036 2852 1127 2970 ῗῖι.
1163 2890 1266 2968 ιοὲ
1281 2847 1446 2985 *320⁶
1481 2864 1566 2970 evei.
1588 2848 2096 2970 Tfflssmfflss

170 2979 305 3033 fluxit
356 2982 639 3064 Bemense
677 2982 836 3106 Ep&
885 2981 1001 3036 VH.
1048 2999 1100 3052 p.
1148 2980 1252 3037 646
1295 2984 1440 3054 quod
1485 2984 1775 3053 descripsit
1835 2984 2095 3039 Simlerus

170 3046 278 3103 Vol.
323 3047 389 3104 56
437 3057 498 3105 et
545 3050 720 3105 edidit
821 3068 953 3122 enry
998 3050 1336 3186 Urglrhlgpp.
1383 3069 1439 3124 p.
1473 3051 1591 3109 107.
1660 3053 1833 3107 Abest
1866 3069 1901 3108 a
1935 3052 2093 3124 Corp.

172 3302 531 3373 Clarissimo
611 3307 754 3374 viro
839 3308 1203 3374 eruditione
1281 3316 1348 3374 et
1413 3310 1654 3374 virtute
1715 3311 2093 3393 praestanti,

168 3386 238 3453 D.
275 3391 507 3458 Ioanni
553 3393 831 3460 Oalvino
872 3394 1121 3478 pastori
1166 3394 1473 3461 ecclesiae
1531 3395 1945 3463 Genevensis
2034 3398 2096 3463 io

204 3484 261 3540 et
299 3478 496 3559 fideli,
543 3480 752 3547 amico
796 3500 913 3545 suo
955 3481 1294 3546 carissimo
1337 3481 1414 3547 P.
1462 3481 1937 3549 Melanchthon
2036 3533 2051 3549 .

318 3614 459 3681 Imo
506 3636 684 3697 vero,
711 3618 759 3699 ¹)
809 3615 1065 3682 Calvino
1112 3617 1445 3683 carissime
1460 3670 1477 3697 ,
1533 3618 1699 3683 mihi
1746 3619 2099 3685 consilium

175 3693 243 3761 de
288 3719 390 3766 me
441 3701 588 3784 ipso
645 3701 969 3769 ostendas.
1072 3702 1328 3770 Orescit
1379 3704 1556 3769 enim
1612 3704 1722 3771 hic
1765 3712 2099 3771 certamen

172 3783 324 3863 quod
362 3795 561 3852 antea
601 3785 839 3872 defugi.
929 3786 1279 3871 Quumque
1330 3787 1647 3856 hactenus
1698 3789 2098 3873 parcendum

174 3871 614 3953 tranquillitati
656 3872 1077 3940 ecclesiarum
1130 3875 1203 3939 in
1257 3874 1366 3941 his
1419 3876 1795 3961 reg-ionibus
1835 3876 1991 3942 feris
2034 3883 2100 3940 et

173 3949 434 4023 horridis
478 3960 796 4024 senserim
809 4010 826 4038 ,
879 3960 1525 4045 moderatissimeque
1584 3961 1896 4045 loquutus
1951 3963 2097 4042 sim,

174 4057 329 4107 nunc
370 4042 636 4109 duriora
678 4065 719 4110 a
759 4065 867 4111 me
910 4045 1340 4129 postulantur.
1439 4046 1579 4113 Oro
1638 4055 1856 4114 autem
1914 4057 1980 4114 te
2022 4056 2099 4113 ut

170 4143 267 4190 me
302 4127 443 4194 Deo
484 4130 611 4212 piis
653 4131 821 4197 votis
863 4130 1293 4198 commendes.

328 4211 562 4282 Pericli
576 4217 637 4294 ²)
689 4236 822 4281 non
877 4216 1147 4289 exhibui
1197 4225 1382 4283 tuam
1429 4217 1794 4301 epistolam.
1882 4218 2098 4286 Multa

179 4296 332 4363 enim
408 4301 766 4384 suspiciose
827 4304 1089 4385 accipit,
1156 4309 1223 4368 et
1284 4323 1421 4369 nen
1482 4303 1630 4369 vult
1687 4305 2097 4372 circumferri

180 4400 311 4446 suas
349 4387 801 4468 responsiones
836 4386 917 4452 de
958 4387 1197 4454 talibus
1253 4389 1738 4473 quaestionibus
1794 4391 2021 4475 quales
2040 4394 2097 4471 ⁸)

179 4472 568 4562 proposuisti.
678 4472 827 4556 Ego
892 4481 1227 4558 utcunque
1293 4473 1626 4561 respondi,
1689 4496 1813 4543 nec
1874 4498 2097 4544 meum

174 4552 464 4621 *iudicium
510 4558 801 4623 antefero
844 4566 993 4625 tuae
1035 4568 1105 4624 et
1146 4559 1427 4626 aliorum
1468 4561 1723 4644 piorum
1772 4568 1841 4627 et
1881 4560 2099 4629 docto·

181 4642 377 4723 rum⁴)
399 4645 781 4709 sententiae.
844 4642 997 4711 Scio
1030 4665 1138 4710 me
1179 4642 1315 4709 ἄνευ
1350 4650 1711 4731 φιλονεικίας
1765 4657 2100 4714 versatum

184 4742 304 4790 esse
343 4727 413 4791 in
456 4729 732 4814 negotiis
778 4731 1248 4811 ecelesiasticis,
1296 4742 1362 4797 et
1395 4733 1806 4799 mediocriter
1847 4733 2100 4802 dedisse

207 4925 332 4985 682.
362 4929 421 4987 1)
457 4930 768 5004 Respondet
802 4934 878 4988 ad
914 4935 987 4989 N.
1024 4934 1142 4990 606.

361 4997 416 5065 2)
458 4999 548 5057 Sic
579 5004 727 5058 solus
767 5002 895 5057 God.
946 5003 1044 5058 196
1099 5008 1255 5060 cuius
1299 5012 1479 5062 textus
1520 5007 1651 5061 inde
1687 5023 1828 5076 prae
1873 5009 2100 5063 caeteris

186 5068 458 5190 uquqmgus
517 5071 927 5127 demonstratur.
1022 5074 1235 5128 Caeteri
1305 5090 1484 5130 omnes
1543 5091 1641 5145 per
1705 5078 1980 5145 exeqesia:
2032 5078 2096 5130 D.

364 5177 416 5268 θ’)
453 5208 533 5262 sic
564 5207 681 5263 196.
758 5209 997 5265 caeteri.-
1035 5224 1207 5279 quas.-

364 5273 423 5337 4)
459 5278 537 5333 sie
568 5276 685 5333 196.
761 5278 974 5335 Caeteri
994 5279 1188 5335 Genea.
1203 5303 1218 5331 .·
1254 5280 1465 5350 piorum
1502 5281 1743 5336 virorum
1778 5284 2096 5337 sententiae.

188 5339 311 5403 9⁸⁰6
339 5344 530 5414 recipit
557 5346 633 5402 Η.
704 5347 983 5403 doctorum
1019 5356 1074 5403 et
1104 5349 1318 5418 piorum
1353 5350 1592 5404 virorum
1632 5348 1689 5405 S.

2198 644 2468 708 operam
2509 632 2586 689 ut
2625 623 2868 691 multas
2909 645 3016 691 res
3059 624 3388 692 involutas
3432 625 3802 694 evolverem
3838 636 3906 694 et
3939 630 4149 714 expli-

2197 731 2435 860 ‹133arem.
2513 709 2716 860 lNunc
2760 710 2994 777 exsilia
3038 726 3103 775 et
3151 711 3311 778 alias
3355 732 3704 779 aerumnas
3747 723 4068 797 exspecto.
4088 716 4148 801 ⁵)

2262 817 2383 860 ene
2426 816 2513 860 va
2538 816 2591 861 e.

2371 879 2500 946 Die
2555 901 2685 963 quo
2742 889 2893 946 ante
2948 902 3157 947 annos
3207 885 3373 945 3846
3391 885 3447 958 6)
3507 883 3702 949 Noha
3766 905 3986 952 arcam
4045 887 4147 951 in-

2200 986 2464 1051 gressus
2508 973 2624 1044 est,
2670 988 2797 1049 quo
2842 968 3141 1051 exemplo
3164 968 3347 1034 Deus
3389 976 3672 1035 testatus
3707 981 3808 1035 est
3842 991 3912 1036 se
3945 972 4148 1038 eccle-

2201 1053 2366 1117 siam
2412 1073 2621 1130 suam,
2668 1054 2864 1117 etiam
2908 1074 3108 1136 quum
3142 1053 3518 1136 ingentibus
3552 1055 3857 1122 fluctibus
3891 1075 3964 1123 ae
3998 1078 4148 1141 pro·

2201 1137 2381 1205 cellis
2398 1137 2456 1219 ⁷)
2501 1146 2864 1220 quassatur,
2908 1159 3042 1202 non
3089 1137 3404 1206 deserere.
3422 1141 3483 1224 8)

2969 1431 3378 1441 -——·——————

3104 1648 3251 1719 633.

2733 1786 3203 1855 OALVINUS
3245 1788 3708 1857 FARELLO.

2379 1956 2658 2025 Genavae
2711 1961 2912 2040 pastis
2977 1979 3172 2042 usque
3240 1960 3438 2025 saevit
3497 1964 3557 2026 et
3616 1960 3867 2043 venefici
3909 1980 4148 2043 poenas

2201 2040 2376 2142 dant.
2481 2043 2583 2111 De
2649 2044 2890 2113 schabe
2956 2050 3200 2143 rectore·
3252 2044 3453 2112 adhuc
3527 2046 3878 2199 αηώοῖῑιξαν.
3993 2049 4146 2149 {pse

2522 2129 2598 2195 de
2638 2149 2778 2196 ems
2819 2129 3331 2197 obtrectator-ibus.
3419 2130 3644 2215 Leyatv.
3778 2132 4145 2202 alden-stum.

2279 2212 2541 2282 abactis
2585 2213 2741 2296 Gom:
2781 2215 3100 2282 adventus.

2199 2383 2340 2506 ἧκα
2345 2387 2683 2456 autographo
2718 2386 2851 2441 Ood.
2887 2385 3089 2441 Genev.
3126 2385 3244 2454 106,
3279 2387 3372 2441 fol.
3392 2385 3511 2441 130.
3563 2388 3800 2442 Exstant
3833 2389 4145 2512 apcAEl-aplzt

2340 2454 2475 2507 otini
2512 2453 2642 2508 Ood.
2689 2453 2808 2525 111,
2852 2455 2945 2510 fol.
2994 2453 3111 2522 116,
3155 2456 3431 2510 Beruense
3479 2456 3619 2526 Epp.
3663 2456 3784 2512 vn.
3822 2475 3875 2527 p.

2918 2523 3132 2577 Simleri
3168 2523 3292 2578 Vol.
3329 2522 3438 2594 57.)

2150 2721 2165 2746 *
2198 2707 2467 2776 Eximio
2534 2710 2785 2777 Ohristi
2859 2712 3164 2778 ministro
3230 2711 3586 2779 Guillelmo
3629 2669 3909 2780 'Farello
3970 2713 4144 2780 Neo·

2198 2795 2525 2861 comensis
2567 2796 2878 2863 ecclesiae
2920 2798 3168 2880 pastori
3212 2799 3420 2864 amico
3478 2809 3544 2864 et
3591 2808 3995 2884 symmystae
4039 2821 4145 2866 ca-

2998 2883 3272 2949 rissimo.
3303 2887 3351 2964 ¹)

2369 3014 2441 3083 S.
2489 3016 2821 3101 Quoniam
2874 3017 3142 3084 videbat
3200 3020 3428 3085 Textor
3480 3040 3552 3085 se
3604 3025 3944 3120 tantopere
4000 3021 4146 3089 istie

2197 3105 2414 3186 expeti
2433 3154 2449 3182 ‚
2514 3114 2627 3171 tuo
2693 3112 2758 3171 et
2821 3105 3098 3172 aliorum
3163 3104 3480 3172 desiderio
3544 3105 3814 3189 obsequi
3888 3106 4143 3187 maluit,

2196 3210 2392 3272 quam
2416 3210 2457 3255 a
2489 3191 2676 3256 vobis
2709 3191 3010 3258 omnibus
3051 3192 3342 3258 accusari
3384 3192 3837 3276 negligentiae.
3918 3190 4145 3272 Quan-

2196 3296 2396 3357 quam
2439 3295 2670 3359 parum
2713 3285 3077 3361 opportuno
3125 3285 3415 3361 tempore
3467 3297 3644 3343 nunc
3699 3277 4144 3360 proficiscitur,

2198 3362 2350 3445 quia
2404 3383 2684 3427 uxorem
2743 3372 2810 3429 et
2850 3363 3157 3446 parvulos
3201 3362 3439 3429 liberos
3501 3363 3833 3446 relinquit,
3853 3365 3908 3444 2)
3961 3373 4146 3446 peste

2198 3468 2375 3513 nunc
2431 3448 2646 3514 aerius
2703 3450 3034 3514 saeviente
3088 3468 3282 3532 quam
3338 3449 3674 3514 hactenus.
3771 3448 3878 3515 De
3945 3462 4144 3515 vene·—

2197 3533 2364 3598 ficiis
2380 3533 2440 3615 ⁸)
2463 3534 2617 3617 quid
2647 3533 3041 3600 scriberem?
3088 3554 3292 3618 quum
3323 3542 3475 3599 ante
3509 3554 3593 3599 ex
3610 3533 3811 3599 fratre
3832 3535 4146 3600 maiorem

2199 3626 2457 3702 partem
2534 3617 2844 3699 audieris,
2918 3630 2986 3685 et
3047 3641 3223 3686 nunc
3300 3620 3622 3684 Textorem
3686 3619 3958 3699 habeas,
4036 3622 4146 3704 qui

2198 3703 2407 3769 multo
2464 3704 2707 3771 clarius
2764 3725 3090 3789 exponere
3141 3704 3479 3790 sigillatim
3545 3712 3747 3769 totam
3802 3705 4146 3770 historiam

2200 3790 2405 3873 possit
2456 3810 2653 3872 quam
2709 3811 2830 3874 ego
2884 3791 3092 3857 literis
3147 3790 3505 3875 complecti.
3602 3788 3815 3856 Valde
3869 3810 3991 3856 nos
4032 3791 4145 3856 ob-

2201 3875 2547 3958 stupefecit
2605 3874 2915 3958 Remus,
2972 3876 3144 3959 quod
3198 3897 3520 3942 summam
3575 3896 3786 3959 usque
3833 3875 3915 3941 ab
3957 3875 4145 3942 initio

2201 3959 2683 4043 simplicitatem
2733 3980 2892 4045 prae
2945 3982 3015 4027 se
3071 3961 3329 4027 tulerat.
3415 3962 3664 4027 Mirum
3708 3967 3928 4026 autem
3969 3960 4147 4045 quod

2200 4047 2317 4129 qui
2357 4046 2429 4111 in
2472 4046 2814 4113 tormentis
2849 4047 3242 4130 perstiterat,
3285 4046 3420 4112 levi
3451 4046 3914 4129 pollicitatione
3949 4047 4148 4112 fuerit

2200 4131 2448 4197 victus:
2506 4152 2708 4214 quum
2763 4131 2862 4196 illi
2915 4131 3162 4197 dictum
3224 4131 3395 4197 foret
3410 4183 3426 4210 ,
3480 4152 3590 4197 me
3645 4134 4031 4216 impetrasse
4072 4141 4148 4197 ut

2196 4215 2296 4281 illi
2341 4225 2611 4283 senatus
2644 4218 3024 4301 ignosceret.
3087 4218 3278 4284 Uxor
3310 4219 3451 4284 eius
3472 4215 3827 4284 octodecim
3849 4217 4148 4283 homines

2199 4322 2272 4369 se
2315 4304 2628 4370 veneficio
2672 4302 3010 4369 sustulisse
3049 4303 3345 4369 confessa
3386 4308 3503 4383 est,
3547 4303 3688 4386 ipse
3721 4310 3998 4387 quatuor
4032 4311 4147 4368 aut

2199 4389 2500 4473 quinque.
2602 4388 2782 4453 Mira
2842 4390 2914 4452 in
2971 4395 3182 4454 morte
3239 4387 3512 4454 Domini
3569 4389 3781 4455 virtus
3823 4388 4140 4471 apparuit.

2200 4476 2415 4540 Tanta
2456 4473 2584 4539 fuit
2625 4474 2828 4538 animi
2870 4475 3012 4540 eius
3054 4474 3414 4541 conversio,
3479 4472 3653 4539 Nam
3672 4493 3866 4539 mane
3886 4473 4144 4539 nullum

2403 4661 2463 4797 ἓξ
2500 4661 2846 4800 (ἔοὲρὲνοὶἒᾶ
2891 4744 3092 4783 manu.-
3140 4726 3291 4782 3546.
3379 4728 3659 4784 Caeterum
3703 4727 3756 4783 d.
3791 4728 3843 4781 1».
3880 4726 3914 4780 l.
3959 4742 4060 4782 con
4085 4742 4145 4782 a·

2199 4814 2340 4870 quae
2374 4800 2761 4854 annotavimus
2801 4798 2938 4881 Opp.
2988 4797 3046 4851 T.
3093 4797 3192 4851 1⁷1.
3212 4813 3281 4918 191.
3318 4795 3438 4919 (ΞΕ
3506 4797 3649 4852 Dies
3681 4802 3759 4852 est
3793 4793 3876 4849 17.
3909 4731 4141 4865 Amic.

2406 4867 2467 5061 g}
2502 4864 3226 5004 fflmffihffloldoeifss
3279 4930 3425 4988 czar.
3472 4934 3618 4987 misit
3659 4932 3941 5014 me'·
3986 4947 4143 4986 suma

2201 5006 2375 5061 libello
2460 5007 2634 5061 alvini
2666 5005 2736 5059 de
2779 5005 3033 5059 Vitandn's
3170 5003 3541 5058 notitionibus
3562 5001 3968 5073 absumendam,
3998 5000 4146 5071 quod

2200 5090 2233 5128 r
2299 5076 2437 5128 eries
2469 5078 2529 5129 ia
2560 5075 2723 5128 huius
2762 5072 2900 5143 Opp.
2947 5072 3044 5129 VI.

2368 5184 2381 5196 .
2416 5143 2474 5209 1)
2517 5143 2774 5196 Faraellue
2807 5071 3114 5212 adam-opos?
3117 5164 3131 5192 :
3149 5071 3247 5195 125
3285 5138 3495 5209 Aprilis
3535 5135 3683 5190 1545.

2406 5210 2467 5279 2)
2514 5210 2710 5266 Testor
2749 5211 3057 5268 Matiscone
3090 5210 3278 5264 relicta
3311 5208 3423 5262 iam
3463 5205 3710 5262 (ἔσπευσε
3740 5207 3921 5276 pedem
3956 5207 4145 5274 fixisse

2405 5322 2465 5415 ἐ.)
2499 5348 2569 5403 N.
2604 5346 2723 5403 627.
