4825 6175
249 441 354 505 277

245 625 516 703 noxium,
543 623 625 688 ad
658 620 1139 706 corripiendum
1175 624 1372 689 etiam
1420 621 1728 709 quidquid
1780 632 1884 689 est
1922 624 1996 689 in
2037 623 2177 689 vita

285 729 507 776 ravum
529 716 598 773 et
617 707 949 785 vitiosum,
973 706 1251 792 denique
1271 718 1341 776 et
1360 710 1443 775 ad
1465 709 1801 777 commode
1822 711 2175 775 instituen-

244 733 387 863 dum
409 794 772 875 iniustitia,
814 806 891 860 ut
912 794 1106 859 homo
1132 795 1262 861 Dei
1286 795 1373 861 sit
1397 796 1685 879 undique
1709 803 1977 863 exactus
2002 806 2069 861 et
2094 793 2177 860 ad

243 903 422 949 omne
467 879 714 945 bonum
756 900 920 963 opus
962 880 1350 947 instructus:
1397 883 1645 965 gratias
1680 881 1797 947 tibi
1833 879 2173 960 maximas,

241 966 400 1054 quod
442 987 636 1032 servo
678 976 792 1031 tuo
809 967 868 1042 ⁸)
924 965 1315 1050 Imperatori
1375 978 1601 1034 nostro
1656 968 1828 1035 hanc
1883 976 2175 1033 mentem

239 1051 561 1120 immisisti
604 1058 673 1116 et
716 1051 1035 1117 hactenus
1076 1054 1384 1129 servasti,
1428 1064 1505 1119 ut
1547 1051 2029 1120 controversias
2072 1074 2175 1118 re-

239 1140 490 1224 ligionis
554 1137 861 1221 religiosa
924 1148 992 1202 et
1054 1137 1308 1219 placida
1372 1140 1846 1223 scripturarum
1911 1145 2176 1204 tuarum

236 1225 632 1293 scrutatione
671 1231 738 1289 et
781 1224 1174 1290 tractatione
1216 1226 1517 1307 componi
1561 1225 1856 1291 voluerit.
1937 1225 2029 1289 Et
2069 1244 2176 1289 ro-

235 1331 462 1395 gamus
506 1324 571 1375 te
615 1308 1017 1392 suppliciter,
1062 1309 1386 1393 respicere
1432 1309 1612 1389 velis,
1657 1319 1924 1394 propter
1963 1309 2176 1375 filium

235 1407 420 1462 tuum
497 1396 768 1461 unicum
832 1404 1231 1461 servatorem
1294 1405 1592 1462 nostrum
1657 1406 1725 1462 et
1787 1397 2176 1479 magistrum

233 1482 572 1549 coelestem
591 1530 608 1559 ,
665 1480 1003 1547 ecclesiam
1058 1492 1240 1547 tuam
1293 1491 1395 1546 tot
1436 1481 1645 1549 modis
1686 1503 1808 1566 per
1849 1481 2179 1548 doctrinas

231 1567 479 1634 alienas
495 1571 551 1643 ⁴)
595 1567 940 1645 afflictam,
983 1586 1059 1632 ac
1102 1568 1366 1633 mittere
1407 1567 1598 1633 nobis
1641 1569 1946 1651 spiritum
1991 1588 2177 1633 sanc-

231 1661 374 1718 tum
419 1664 639 1729 tuum,
699 1652 1003 1736 spiritum
1050 1654 1378 1731 veritatis,
1435 1655 1547 1737 qui
1592 1652 1866 1737 depulsa
1909 1674 1950 1719 a
1991 1652 2179 1719 nobis

227 1739 406 1804 omni
452 1736 807 1822 cupiditate
845 1746 917 1803 et
949 1739 1272 1820 sapientia
1305 1742 1540 1818 carnis,
1584 1741 1892 1823 omnique
1925 1738 2179 1822 sophis·

228 1825 359 1891 tica
407 1835 479 1888 et
527 1825 897 1906 impostura
950 1823 1272 1903 Satanae,
1332 1825 1531 1891 corda
1583 1835 1844 1893 tuorum
1887 1825 2180 1891 omnium

225 1910 502 1992 aperiat,
544 1919 814 1993 purget,
856 1909 1219 1988 illuminet,
1267 1921 1340 1976 ut
1379 1932 1468 1977 ex
1509 1911 1852 1994 scripturis
1896 1911 2034 1977 suis
2076 1930 2179 1975 so-

254 1994 359 2060 ‘de
404 2016 792 2077 cognoscere
835 1995 1096 2063 valeant
1147 1996 1348 2063 finem
1402 1996 1569 2081 legis
1612 2008 1680 2063 et
1718 1996 1934 2063 omnis
1977 1997 2179 2078 scrip-

224 2089 450 2156 turae,
504 2079 718 2146 filium
780 2091 970 2146 tuum
988 2133 1004 2161 ,
1063 2083 1550 2165 propitiatorem
1605 2098 1903 2149 nostrum
1919 2134 1935 2161 ,
1994 2091 2062 2147 et
2115 2088 2181 2146 te

221 2167 298 2231 in
357 2166 479 2231 illo
529 2166 751 2231 Deum
817 2188 1048 2233 verum
1112 2179 1180 2232 et
1235 2176 1489 2252 patrem
1560 2180 1874 2236 nostrum.
1958 2170 2180 2250 Atque

220 2252 331 2319 fac
411 2258 492 2317 ut
564 2252 1004 2319 ministerium
1079 2263 1396 2331 nostrum,
1475 2254 1647 2338 quod
1723 2256 1796 2320 in
1874 2254 2183 2322 instituta

218 2336 424 2403 modo
498 2337 843 2403 collatione
918 2349 1253 2420 praestare
1328 2339 1446 2405 tibi
1511 2351 1580 2405 ct
1642 2340 1952 2407 ecclesiae
2027 2350 2181 2404 tuae

221 2423 574 2500 debemus,
645 2443 721 2489 eo
783 2422 881 2489 illi
942 2424 1336 2501 commodet,
1395 2433 1472 2491 ut
1537 2427 1801 2493 tandem
1855 2427 2046 2511 plene
2110 2425 2181 2489 in

216 2516 285 2574 te
346 2509 643 2592 undique
706 2510 1099 2588 consentiat,
1166 2522 1233 2575 et
1295 2511 1508 2577 indies
1567 2514 1779 2597 magis
1840 2512 2182 2597 magisque

214 2596 642 2660 instauretur
683 2604 752 2660 et
791 2594 876 2660 ad
919 2616 1145 2662 omncs
1189 2606 1419 2677 gentes
1464 2606 1879 2682 propagetur,
1924 2597 2005 2663 ad
2042 2595 2181 2681 glo-

212 2679 395 2746 riam
460 2681 740 2746 nominis
798 2682 922 2761 tui,
981 2703 1096 2764 per
1152 2682 1432 2749 cundem
1474 2682 1834 2749 Dominum
1878 2693 2182 2751 nostrum

213 2764 456 2832 Iesum
493 2765 852 2846 Christum,
897 2766 1107 2832 filium
1152 2779 1359 2848 tuum,
1405 2770 1518 2853 qui
1558 2778 1776 2836 tecum
1818 2771 1889 2834 in
1931 2769 2184 2835 unitate

213 2851 506 3001 ffltus
571 2852 779 2917 sancti
820 2852 994 2918 vivit
1045 2862 1112 2919 et
1164 2865 1399 2939 regnat
1460 2876 1580 2937 per
1621 2854 1843 2920 omnia
1907 2853 2182 2922 saccula.

358 2958 470 3001 en.

403 3021 718 3107 Reliqua,
762 3031 843 3089 ut
882 3025 1050 3103 dixi,
1097 3025 1253 3092 boni
1294 3026 1589 3093 consulet
1630 3034 1745 3093 tua
1789 3026 2182 3092 humanitas.

211 3106 592 3174 Dominam
652 3130 926 3175 uxorem
982 3110 1322 3191 salutabis,
1378 3134 1454 3178 ac
1495 3112 1672 3179 fideli
1727 3114 1963 3180 nuncio
2007 3132 2183 3180 com-

207 3193 558 3259 mittenda
613 3194 772 3259 haec
835 3196 1197 3274 mandabis,
1264 3199 1378 3281 qui
1444 3200 1498 3263 si
1567 3199 1648 3264 ad
1715 3220 1983 3264 manum
2051 3218 2182 3262 non

207 3279 429 3345 fuerit
448 3323 480 3356 ,1
522 3288 781 3364 gratum
835 3282 961 3348 crit
1013 3283 1072 3348 si
1114 3285 1694 3362 communicentur,
1755 3284 1870 3350 sed
1924 3283 2178 3367 paucis:

206 3365 297 3431 D.
351 3366 665 3448 Mamm-i,
710 3367 950 3445 Alim’o,
996 3368 1354 3449 Eutenobio,
1401 3370 1705 3449 Hemico,
1752 3379 1821 3435 et
1862 3390 2023 3454 quos
2066 3390 2180 3436 cu-

204 3453 323 3534 pio
371 3472 532 3517 meo
574 3454 839 3517 nomine
882 3454 1166 3520 salutari.
1255 3454 1354 3520 Ut
1394 3456 1660 3521 interim
1704 3476 1838 3521 non
1884 3456 2179 3521 omittam

206 3538 545 3605 ecclesiae
606 3550 870 3605 vestrae
933 3539 1310 3605 ministrum
1382 3541 1785 3608 Gamerimn.
1876 3539 1952 3607 Si
2022 3539 2178 3624 quid

200 3625 574 3708 accepistis
632 3622 714 3690 de
764 3624 1080 3691 Valerano
1146 3626 1312 3691 scire
1365 3627 1680 3710 cupimus.
1769 3627 1955 3693 Bene
2011 3625 2174 3705 vale,

201 3710 733 3793 generosissime
775 3710 897 3776 vir.
989 3714 1046 3775 8.
1089 3711 1436 3776 Februarii
1486 3718 1664 3778 1546.

393 3796 500 3860 Te
556 3796 838 3861 officiose
882 3795 1130 3862 salutat
1182 3797 1421 3864 nobilis
1482 3797 1864 3866 Senarcleus.
1953 3795 2179 3862 Huius

198 3881 626 3964 precationis
682 3882 1020 3965 exemplar
1073 3882 1380 3959 mittor-⁵)
1439 3886 1636 3949 etiam
1692 3884 1772 3949 ad
1835 3881 1919 3947 D.
1971 3881 2179 3948 Calvi-

194 3986 364 4032 num
414 3987 556 4032 oro.

860 4054 934 4118 Τ.
982 4053 1065 4120 G.
1112 4054 1198 4119 H.
1245 4067 1561 4206 pei-Ipessio
1605 4053 2048 4121 deditissimus

1378 4189 1393 4205 .
1509 4165 1560 4206 Z.

1119 4464 1271 4535 765.

770 4583 1147 4653 DIAZIUS
1194 4583 1629 4652 GALVINO.

388 4723 712 4790 Accwrate
766 4725 1018 4806 exponit
1073 4725 1295 4806 prima
1359 4722 1648 4805 colloquii
1708 4720 2178 4787 Ratisbonensis

194 4814 462 4980 a
443 4810 647 4875 Addit
679 4830 839 4891 quae
870 4810 948 4874 de
981 4808 1321 4893 Dryandri
1357 4810 1699 4875 conditione
1730 4828 1931 4889 nuper
1966 4806 2179 4872 wistia

352 5030 485 5096 (Ex
518 5030 855 5100 autographo
887 5030 1215 5084 nitidissimo
1252 5030 1382 5085 Cod.
1417 5029 1620 5084 Gener.
1658 5029 1773 5095 110,
1812 5031 1902 5084 fol.
1938 5028 2052 5098 80.)

199 5155 458 5162 ———--u

428 5216 501 5276 3)
536 5234 646 5272 uon
680 5217 931 5272 adulatur
964 5218 1138 5272 titulis
1177 5217 1383 5283 (Auctor
1418 5219 1478 5271 in
1513 5217 1801 5285 marafim).
1847 5233 1852 5244 ·

427 5285 500 5352 4)
536 5285 726 5341 alicnis
760 5290 971 5356 autom.

429 5356 501 5421 5)
535 5358 614 5410 sic
648 5362 856 5424 autom.

1891 440 2052 502 1546
2087 434 2553 503 FEBRUAR.

4095 432 4227 500 278

2275 621 2661 690 Clarissimo
2683 621 2829 689 viro
2845 620 2929 687 D.
2944 606 3178 687 ioanni
3194 620 3469 687 Calvino
3495 621 3802 689 ecclesiae
3814 622 4227 690 Gencvensis

2362 708 2675 792 primario
2719 715 2787 773 et
2829 706 3337 792 vigilantissimo
3380 707 3698 773 ministro.
3805 708 4137 775 Genevae.

2449 825 2522 895 S.
2566 828 2643 894 P.
2690 829 2762 893 in
2806 825 3088 894 Christo.
3174 827 3538 893 Postremis
3587 827 3751 893 meis
3805 826 4014 893 literis
4062 848 4239 910 quas-

2277 911 2361 978 ad
2404 914 2489 979 D.
2537 912 2864 981 Falesium
2906 914 3056 981 misi
3085 912 3134 997 ¹)
3179 913 3328 991 tibi,
3383 915 3487 980 vir
3527 912 3916 987 clarissime,
3973 913 4222 997 signifi-

2278 999 2428 1066 cavi
2465 1003 2565 1065 27.
2593 999 2885 1064 Ianuarii
2929 1000 3191 1064 initium
3237 999 3495 1082 aliquod
3539 998 3855 1082 colloquio
3900 999 4221 1065 dandum:

2279 1085 2452 1169 quod
2526 1085 2769 1151 factum
2847 1096 2965 1151 est.
3054 1085 3428 1150 Praemissa
3504 1106 3625 1149 sua
3687 1087 3889 1151 missa
3952 1085 4225 1169 spiritus

2278 1171 2509 1249 sancti,
2555 1172 2657 1235 cui
2700 1172 3057 1236 interfuere
3099 1169 3430 1254 praesides
3475 1180 3542 1236 et
3583 1170 3882 1237 catholici
3918 1192 4076 1255 quos
4111 1192 4227 1237 vo-

2278 1264 2435 1322 cant
2478 1259 2662 1339 (nam
2706 1257 2913 1322 nostri
2960 1260 3060 1321 26.
3107 1255 3399 1341 publicas
3455 1277 3681 1339 preces
3737 1267 3806 1320 et
3847 1259 4226 1323 concionem

2279 1339 2680 1428 habuerunt)
2734 1341 2807 1406 in
2851 1344 3032 1407 curia
3074 1341 3358 1409 civitatis
3400 1362 3761 1408 convenere
3804 1362 4058 1419 omnes,
4107 1341 4224 1407 ali-

2323 1440 2726 1509 uantumque
2769 1428 3103 1511 praefatus
3143 1437 3242 1493 est
3284 1428 3534 1510 primus
3577 1448 3841 1511 praeses
3885 1428 4227 1511 episcopus

2347 1513 2747 1596 istetensis‚²)
2791 1513 3027 1578 deinde
3069 1513 3382 1598 magister
3416 1523 3640 1579 noster
3674 1512 4033 1591 Malvenda‚
4077 1516 4228 1578 tan-

2281 1618 2479 1682 quam
2524 1620 2563 1663 a
2606 1597 2930 1664 Caesarea
2984 1600 3319 1664 maiestate
3370 1600 3643 1677 missus,
3704 1614 3769 1664 ct
3811 1600 3920 1681 qui
3965 1598 4227 1664 futurus

2283 1692 2382 1750 est
2427 1705 2503 1749 ac
2547 1692 2648 1749 est
2688 1684 2941 1768 primus
2985 1684 3408 1768 colloquutor.
3495 1685 3753 1761 Nostri,
3801 1685 4010 1768 quoad
4052 1693 4227 1750 recte

2281 1769 2511 1836 fuisset
2552 1770 2948 1854 colloquium
3002 1772 3409 1849 institutum,
3466 1771 3747 1854 praefari
3806 1779 3874 1835 ct
3915 1778 4232 1854 protesta-

2283 1856 2527 1921 tionem
2580 1877 2767 1921 suam
2826 1857 3245 1938 praemittere
3299 1856 3665 1921 noluerunt.
3754 1856 4076 1922 Exhibita
4119 1856 4228 1920 illo

2280 1942 2496 2025 primo
2539 1940 2645 2007 die
2689 1942 3096 2025 praesidibus
3140 1941 3382 2025 scripto
3427 1943 3549 2007 fuit
3591 1942 3892 2008 voluntas
3929 1941 4230 2008 Caesaris

2284 2026 2367 2091 de
2409 2027 2665 2092 ratione
2708 2027 3028 2111 colloquii,
3073 2027 3279 2111 dequo
3323 2026 3551 2093 ordine
3595 2036 3661 2091 et
3704 2028 3894 2092 modo
3938 2029 4051 2112 qui
4095 2049 4231 2093 ser-

2283 2113 2431 2178 vari
2476 2111 2710 2178 debeat
2750 2114 2820 2177 in
2865 2112 3160 2179 articulis
3204 2123 3271 2176 et
3314 2113 3381 2177 iu
3428 2113 3848 2179 admittendis
3908 2121 4023 2179 aut
4080 2113 4229 2179 reii-

2285 2198 2534 2264 ciendis
2589 2198 2669 2265 ab
2726 2198 3122 2264 adversariis
3187 2198 3433 2264 nostris
3452 2250 3467 2278 ,
3528 2200 3642 2282 qui
3698 2200 3769 2263 in
3825 2200 4229 2266 confessione

2285 2286 2677 2367 Augustana
2718 2283 3111 2367 Imperatori
3155 2282 3431 2349 exhibiti
3475 2285 3770 2362 fuerunt,
3830 2306 3990 2368 quos
4048 2305 4229 2352 seor-

2284 2371 2410 2436 sim
2453 2368 2561 2434 hic
2603 2370 2811 2434 mitto.
2868 2370 2968 2435 Eo
3011 2372 3208 2435 etiam
3257 2369 3358 2434 die
3400 2371 3733 2454 inceptum
3777 2382 3875 2436 est
3920 2370 4001 2436 de
4043 2378 4230 2436 nota-

2283 2456 2400 2521 riis
2456 2454 2876 2521 admittendis
2931 2475 3154 2539 agere,
3214 2465 3410 2538 prout
3453 2457 3694 2522 veteris
3739 2455 4048 2522 ecclesiae
4091 2477 4233 2522 mos

2282 2541 2428 2619 fuit,
2475 2547 2543 2605 et
2586 2540 2999 2607 observatum
3035 2541 3424 2606 Vormaciae
3482 2553 3546 2607 et
3590 2541 3748 2609 alibi
3806 2551 3999 2620 esset,
4046 2552 4113 2607 ct
4155 2550 4232 2606 ut

2285 2626 2594 2692 maiestas
2633 2647 2867 2693 causae
2910 2626 3397 2711 expostulabat,
3460 2637 3526 2692 et
3567 2638 3646 2692 ut
3687 2626 3967 2692 fideliter
4009 2626 4234 2693 omnia

2284 2713 2481 2779 iuxta
2522 2712 2989 2778 Vormaciense
3033 2711 3314 2779 edictum
3362 2713 3443 2778 ad
3491 2713 3564 2779 O.
3603 2714 3695 2778 M.
3734 2723 3802 2778 et
3834 2710 3916 2779 ad
3959 2712 4230 2796 Imperii

2285 2806 2497 2864 status
2537 2797 2769 2864 referri
2857 2807 3098 2864 ossent.
3183 2799 3317 2864 Per
3358 2796 3689 2864 octiduum
3749 2799 3873 2864 hoc
3916 2798 3996 2864 de
4041 2808 4228 2864 nota-

2286 2885 2402 2949 riis
2467 2819 2888 2949 admittendis
2953 2891 3070 2950 aut
3132 2905 3264 2949 non
3343 2886 3656 2968 utrinque
3721 2886 4044 2969 agitatum
4108 2892 4228 2965 est,

2284 2970 2531 3034 nostris
2584 2971 3003 3053 urgentibus,
3062 2969 3209 3035 aliis
3260 2971 3682 3055 negantibus,
3743 2991 3876 3035 non
3931 2978 4231 3053 oportere

2285 3055 2506 3121 omnia
2559 3055 2841 3122 scribere
2857 3107 2872 3135 ‚
2930 3055 3045 3122 sed
3099 3063 3359 3122 tantum
3412 3056 3482 3121 in
3527 3054 3760 3140 quibus
3803 3057 4233 3125 convenirent

2285 3151 2352 3206 et
2385 3143 2455 3205 in
2491 3142 2725 3224 quibus
2760 3161 2911 3206 non.
2971 3140 3230 3207 Deinde
3267 3142 3668 3208 excusabant
3701 3164 3844 3209 sese
3878 3142 4229 3227 praesides,

2282 3226 2408 3292 hoc
2472 3226 2604 3293 illis
2670 3229 2736 3291 in
2803 3227 2939 3294 suis
3003 3226 3330 3293 mandatis
3407 3247 3543 3293 non
3607 3249 3750 3296 esse
3813 3249 4228 3313 expressum:

2285 3310 2614 3377 addebant
2655 3313 2889 3393 etiam,
2935 3334 3006 3378 se
3050 3312 3132 3378 dc
3174 3313 3278 3378 his
3318 3320 3386 3378 ct
3428 3312 3576 3380 aliis
3610 3315 3797 3381 brevi
3841 3336 4229 3399 responsum

2282 3418 2323 3462 a
2358 3397 2640 3463 Caesare
2683 3409 3079 3482 exspectare.
3142 3398 3439 3464 Tandem
3483 3419 3850 3466 convenere
3893 3409 3970 3466 ut
4011 3407 4233 3467 essent

2283 3491 2419 3549 tres
2464 3484 2717 3561 notarii,
2763 3504 2849 3549 ex
2884 3493 3071 3568 parte
3104 3484 3477 3568 praesidum
3520 3507 3710 3564 unus,
3756 3486 3868 3550 alii
3905 3486 4031 3553 duo
4065 3487 4230 3551 utri-

2282 3589 2408 3651 que
2451 3569 2626 3652 parti
2669 3591 2857 3650 suus,
2917 3569 3030 3635 sed
3074 3570 3269 3636 certis
3313 3570 3567 3654 legibus
3610 3592 3771 3654 quas
3813 3574 4009 3637 etiam
4054 3592 4229 3638 seor-

2283 3657 2406 3720 sim
2451 3656 2523 3720 in
2566 3655 2774 3721 literis
2817 3656 3037 3732 mitt0‚
3084 3668 3159 3720 ut
3201 3655 3539 3722 hominum
3584 3658 4026 3723 morositatem
4075 3678 4228 3741 cog-

2283 3761 2549 3820 noscas,
2608 3762 2808 3824 quum
2864 3753 3082 3806 tamen
3136 3763 3270 3806 non
3318 3742 3588 3808 videant
3630 3765 3700 3808 se
3743 3744 3957 3809 lucem
3999 3742 4231 3827 fugere

2283 3836 2348 3891 et
2389 3827 2673 3893 latebras
2716 3848 3044 3909 quaerere.
3091 3826 3486 3911 Quanquam
3532 3829 3732 3893 huius
3776 3828 3872 3894 rei
3915 3839 3984 3893 et
4017 3849 4229 3895 moro—

2280 3911 2496 3978 sitatis
2538 3933 2779 3997 magna
2816 3934 2898 3977 ex
2935 3924 3119 3994 parte
3153 3913 3414 3996 culpam
3450 3915 3520 3978 in
3560 3912 3965 3980 Malvendam
4005 3936 4231 3981 omnes

2282 3999 2663 4077 coniiciunt,
2723 3998 3005 4063 volentis
3059 4001 3281 4064 omnia
3337 4020 3453 4082 pro
3511 4022 3632 4065 sua
3685 4001 4007 4083 gravitate
4065 4020 4223 4082 pru·

2281 4084 2505 4149 dentia
2560 4094 2628 4147 et
2669 4086 3008 4149 maiestate
3051 4084 3442 4169 magistrali,
3500 4108 3584 4152 ne
3628 4085 3840 4150 dicam
3881 4085 4226 4169 imperiali,

2282 4169 2627 4234 moderari.
2717 4170 2855 4236 Nec
2912 4168 3137 4235 dubito
3196 4173 3347 4252 quin
3407 4171 3547 4252 ipse
3599 4170 3823 4241 facile.
3883 4178 3959 4236 ut
4010 4172 4078 4234 in
4121 4193 4228 4236 me

2281 4254 2489 4320 habeo
2549 4255 2844 4319 omnium
2904 4268 3199 4320 nostrum
3254 4276 3609 4339 propensos
3653 4256 3937 4333 animos,
3992 4257 4061 4321 in
4106 4279 4226 4321 nu-

2282 4360 2539 4405 merum
2593 4342 2995 4406 notariorum
3052 4343 3317 4407 fuissem
3373 4341 3724 4419 admissus,
3783 4344 3840 4406 si
3883 4364 3965 4406 ex
4022 4362 4227 4424 aequo

2281 4427 2503 4492 omnia
2562 4427 2812 4504 fierent,
2879 4432 3247 4510 quanquam
3308 4448 3564 4510 semper
3619 4426 3963 4493 Malvenda
4025 4427 4229 4493 recla-

2282 4521 2544 4578 masset.
2592 4511 2931 4596 Quidquid
2977 4513 3080 4590 sit,
3127 4514 3345 4577 omnia
3387 4514 3538 4578 boni
3584 4513 3863 4592 consule,
3909 4534 4033 4578 nec
4073 4510 4228 4594 quid

2282 4608 2532 4663 temere
2567 4596 2682 4663 sed
2716 4598 2846 4663 Dei
2890 4598 3301 4680 providentia
3344 4601 3565 4663 omnia
3606 4600 3749 4663 fieri
3794 4598 4024 4663 iudico.
4082 4598 4227 4663 Iam

2287 4682 2611 4749 Pistorius
2664 4684 2924 4767 cogitur
2983 4684 3103 4749 hoc
3161 4705 3400 4749 munus
3445 4685 3694 4762 subire,
3751 4693 3847 4762 et,
3908 4683 3965 4748 si
4007 4684 4227 4749 minus

2282 4790 2402 4853 per
2447 4768 2888 4834 valetudinem
2935 4769 3049 4834 ille
3092 4769 3396 4853 potuerit,
3445 4769 3758 4836 Frethaas.
3780 4773 3836 4844 ⁸)

2304 4938 2444 4993 765.
2485 4939 2540 5001 1)
2580 4939 2653 4992 N.
2680 4939 2796 4993 751.
2842 4940 2937 4994 Aa
2971 4940 3250 4994 Falesium
3281 4941 3446 5007 misit,
3474 4940 3588 4993 scil.
3624 4938 3895 4994 Genevam
3918 4939 4229 4995 mittendas.

2490 5007 2546 5074 2)
2589 5007 2896 5064 Mauritius
2932 5010 3210 5063 Humanas
3252 5025 3318 5062 eae
3366 5025 3393 5063 e
3432 5012 3601 5063 uestra·
3639 5008 3990 5064 Franconiae
4035 5009 4232 5064 nobai-

2281 5083 2390 5132 ωτι
2425 5075 2711 5140 (Seckend.
2738 5078 2839 5132 111.
2865 5076 3007 5144 621).
3057 5076 3148 5132 De
3180 5081 3301 5145 ipso
3338 5026 3601 5158 coitogm‘o
3631 5085 3851 5158 praeter
3883 5077 4027 5132 hunc
4061 5078 4234 5132 adeas

2281 5145 2589 5200 Hortleder.
2626 5146 2681 5214 1,
2731 5150 2775 5211 s.
2814 5146 2915 5201 361
2954 5148 3048 5200 nbi
3092 5150 3231 5213 (eyes
3268 5147 3511 5200 Maior-ts
3556 5147 3897 5210 relatwnem,
3957 5145 4121 5200 Steid.
4158 5147 4230 5201 11.

2278 5213 2384 5337 gf»
2407 5230 2485 5336 εἷς.
2509 5213 2942 5339 εἰιέιέᾓηῗείετί
2973 5216 3332 5283 Handlungen
3368 5216 3464 5267 des
3490 5216 3691 5268 letzten
3717 5216 3851 5270 Coll.
3874 5232 3940 5268 su
3960 5217 4233 5286 Regensb.

2345 5300 2414 5353 go
2437 5291 2503 5336 st.
2684 5327 2693 5337 .
2784 5326 2795 5339 .

2485 5351 2545 5418 3)
2586 5353 2890 5409 Frechtiua

3724 5436 3824 5490 18·
