4825 6175
200 435 302 499 181

192 612 661 700 Horgiensibus
715 634 848 680 non
887 614 1228 680 videretur
1270 613 1739 700 aspernandus.
1828 613 2023 696 Quod
2067 615 2125 681 si

193 702 296 770 ille
332 720 464 766 non
506 699 750 784 placet,
809 700 1130 766 habemus
1184 699 1347 766 alios
1402 720 1534 766 non
1594 698 2121 766 contemnendos.

193 788 526 856 anterum
569 785 743 870 quod
787 784 873 852 ad
920 785 1217 853 Comitem
1259 786 1514 866 attinet,
1558 785 1674 852 ille
1715 785 1882 851 mihi
1924 806 2126 870 expo-

189 875 314 940 suit
365 892 558 938 suum
615 872 994 938 eonsilium:
1054 891 1143 937 an
1198 892 1355 937 vere
1408 880 1476 937 et
1528 893 1612 937 ex
1670 871 1927 952 animo,
1985 871 2128 955 ipse

191 957 434 1025 viderit.
520 958 884 1024 Dominum
942 966 1120 1024 eerte
1150 978 1310 1023 >non
1366 958 1566 1023 fallet.
1654 956 1852 1039 Quod
1894 956 1978 1023 ad
2022 977 2130 1023 me

189 1051 448 1129 spectat,
491 1064 623 1110 non
710 1065 968 1110 rorsum
1014 1042 1240 1109 diffido
1283 1044 1446 1127 quin
1489 1051 1677 1126 paret
1720 1065 1791 1110 se
1833 1043 2130 1109 ministe-

190 1131 280 1196 rio
320 1150 577 1196 exuere.
733 1129 850 1195 uid
893 1151 935 1195 a
974 1128 1293 1195 fratribus
1337 1128 1634 1212 requirat
1648 1179 1663 1207 ,
1710 1128 2006 1194 intellexi
2047 1149 2132 1195 ex

189 1217 319 1281 eius
359 1213 675 1281 oratione.
738 1215 1154 1281 Protestatur
1185 1234 1256 1279 se
1281 1215 1450 1280 nihil
1472 1234 1676 1297 aeque
1698 1216 1912 1280 vereri
1934 1234 2134 1298 quam

189 1323 266 1367 ne
298 1300 460 1385 quid
493 1301 836 1367 turbarum
872 1310 990 1367 aut
1030 1299 1413 1367 offendiculi
1447 1299 1757 1367 ecelesiae
1792 1301 2131 1366 excitetur.

188 1389 249 1453 A
285 1385 476 1454 nobis
517 1387 684 1471 petit
726 1386 953 1452 literas
969 1437 987 1467 ,
1045 1408 1178 1452 non
1279 1387 1473 1453 uibus
1530 1393 1755 1469 aperte
1811 1383 2136 1470 praeclari

189 1470 426 1556 aliquid
480 1471 561 1539 de
613 1492 692 1537 eo
746 1480 1095 1552 testemur,
1154 1407 1278 1537 803
1323 1470 1392 1536 id
1449 1471 1661 1538 solum
1720 1471 1891 1555 quod
1947 1470 2136 1538 nobis

186 1557 558 1642 exposuerit
590 1558 893 1638 rationes,
930 1558 1168 1642 quibus
1203 1579 1276 1623 00
1327 1558 1458 1622 ‘tur
1491 1558 1854 1624 ministerio
1888 1556 2136 1637 cedere,

191 1664 348 1728 quae
394 1644 582 1710 nobis
624 1664 758 1710 non
792 1643 1181 1728 implentur,
1215 1643 1390 1709 V1de
1434 1664 1594 1708 num
1638 1664 1723 1708 ex
1763 1639 2140 1708 huiusmodi

187 1729 397 1797 literis
440 1729 690 1814 aliquid
730 1729 917 1796 nobis
959 1730 1305 1795 immineat
1339 1728 1633 1813 periculi,
1674 1735 1744 1794 et
1776 1750 1862 1794 an
1896 1726 2140 1813 aliquid

187 1815 391 1899 possit
447 1815 697 1902 gloriae
739 1815 995 1882 Christi
1050 1814 1350 1900 derogari
1365 1866 1380 1893 ‚
1427 1824 1495 1879 et
1535 1821 1763 1881 nostro
1821 1815 1970 1880 iuri.
2062 1811 2142 1879 Si

188 1902 348 1968 citra
394 1910 650 1967 motum
694 1910 929 1985 sponte
974 1922 1046 1968 se
1090 1901 1454 1967 ministerio
1507 1899 1855 1981 abdicarit,
1898 1899 2142 1965 multo-

188 2008 329 2055 rum
392 1986 771 2054 consuletur
834 1987 1316 2070 tranquillitati.
1406 1985 1602 2068 Quod
1654 1986 1711 2052 si
1769 2007 1888 2053 nos
1946 1985 2144 2052 vellet

189 2072 513 2140 ludificari
530 2124 547 2153 ,
604 2073 793 2139 nobis
837 2095 968 2138 non
1013 2075 1351 2138 auferetur
1391 2080 1621 2137 nostra
1660 2072 1845 2138 aetio.
1932 2071 2143 2137 Porro

189 2157 265 2225 de
320 2179 701 2226 successore
759 2167 827 2224 et
881 2158 1131 2243 eollega
1189 2158 1389 2224 velim
1450 2166 1516 2223 te
1572 2158 1776 2223 etiam
1832 2158 2141 2241 cogitare,

188 2244 240 2310 si
278 2243 457 2310 forte
501 2243 804 2311 Farcllus
857 2245 1138 2311 obtineri
1195 2265 1332 2309 non
1375 2243 1607 2327 possit,
1625 2246 1685 2321 ⁴)
1728 2241 1903 2327 quod
1946 2241 2142 2309 valde

185 2338 423 2396 metuo.
511 2329 750 2416 Cogita
790 2352 947 2416 ergo
989 2332 1159 2396 serio
1203 2351 1397 2414 quem
1442 2336 1634 2414 putes
1677 2329 1866 2396 nobis
1910 2328 2142 2394 adiun-

184 2416 493 2501 gendum.
555 2416 848 2482 Uxorem
893 2425 1076 2481 tuam
1120 2415 1371 2482 salvam
1415 2437 1496 2481 eu
1544 2415 1607 2481 io
1651 2436 1804 2481 eum
1841 2415 1966 2499 piis
2001 2436 2140 2480 om·

184 2502 401 2569 nibus.
465 2501 692 2568 Nostri
736 2510 804 2569 te
847 2523 1079 2569 omnes
1122 2503 1380 2568 salvere
1423 2501 1491 2566 iu
1575 2509 1666 2566 nt.
1727 2500 1907 2567 Vale.
1962 2501 2142 2566 Lau-

184 2606 434 2653 sannae
484 2592 538 2652 1.
577 2586 806 2655 Oetob.
860 2593 1043 2653 1545.

1341 2708 1527 2772 ‘l‘uus
1571 2707 1646 2773 P.
1681 2706 1971 2772 Viretus.

354 2845 656 2946 R3emitto
712 2845 799 2910 ad
840 2854 905 2911 te
950 2844 1178 2910 literas
1236 2865 1398 2928 quas
1445 2843 1528 2909 ad

185 2952 288 2999 me
332 2951 632 2998 1111881118.

965 3140 1364 3150 -.-—-·--.—-—-——q.

1097 3358 1246 3429 707.

677 3511 1176 3580 FARELLUS
1221 3510 1660 3579 OALVINO.

367 3685 628 3753 Praeter
670 3686 975 3752 nonnulla
1030 3685 1166 3751 alia
1208 3685 1341 3769 ayit
1375 3684 1452 3750 dc
1497 3683 1674 3749 bonis
1716 3682 2146 3749 ecclesiasticis

182 3773 253 3837 in
287 3774 531 3840 alienos
572 3793 732 3839 usus
763 3771 1101 3850 distractis,
1136 3771 1214 3836 de
1252 3767 1550 3837 Gordcrio
1584 3768 2148 3836 Lausannensibus

184 3879 485 3938 concesso,
528 3858 606 3925 de
647 3857 829 3924 rcbus
882 3857 1150 3923 Tossani
1191 3860 1247 3920 ct
1291 3854 1995 3941 Monsbclyardcnsium,
2037 3855 2145 3921 dc·

187 3946 380 4029 nique
421 3946 497 4011 dc
544 3943 906 4028 Capuncnlo
946 3945 1080 4008 iam
1122 3943 1539 4008 consentiente.

187 4132 300 4199 (Ex
348 4131 686 4203 autographo
733 4130 1108 4185 Bibliothecae
1155 4137 1434 4200 pastorum
1478 4128 1926 4184 Neooomensium
1941 4168 1955 4195 ,
2005 4128 2145 4197 Epp.

789 4201 990 4254 Farelli
1022 4200 1199 4253 fascio.
1235 4199 1332 4253 111.
1368 4198 1434 4252 N.
1460 4198 1537 4264 6.)

368 4388 764 4455 Doetissimo
818 4397 886 4454 et
940 4387 1292 4454 admodum
1348 4385 1476 4453 fido
1520 4385 1775 4451 Christi
1818 4407 2007 4452 servo
2050 4386 2148 4451 10.

192 4473 475 4541 Calvino
529 4474 780 4557 pastori
835 4472 1329 4540 Genevensium
1380 4473 1571 4538 fratri
1628 4481 1693 4536 et
1749 4480 2150 4557 symmystae

197 4581 398 4644 quam
440 4560 778 4627 carissimo

1507 4643 1841 4711 Genevae.

376 4782 444 4850 S.
488 4781 704 4848 Valde
738 4802 857 4847 nos
890 4781 1165 4847 turbant
1197 4783 1483 4865 pessima
1517 4783 1687 4847 bona
1728 4798 1895 4863 quae
1939 4777 2153 4845 dicata

200 4869 469 4935 fuerunt
520 4869 858 4947 eeclesiae,
886 4873 936 4946 ¹)
982 4889 1186 4951 quum
1228 4868 1504 4935 sacrifici
1548 4865 1734 4931 miris
1775 4866 2154 4948 imposturis

361 5045 611 5052 ,ω

317 5210 331 5223 ·
411 5141 464 5203 4)
498 5141 582 5199 N.
615 5141 736 5210 692,
769 5148 879 5197 not.
914 5141 964 5195 9.
1044 5140 1211 5211 Quem
1257 5147 1439 5195 tamen
1482 5141 1602 5210 ipse
1642 5154 1853 5210 quoque
1892 5139 2155 5194 Calvinus

208 5211 381 5332 2³5⁷.
422 5280 472 5343 l)
509 5212 1158 5335 &maxi-{amimam
1192 5278 1458 5345 ducissae,
1492 5293 1634 5347 quas
1667 5277 1906 5345 hospitio
2050 5277 2155 5332 lico

215 5347 508 5403 deamat
541 5348 781 5404 decimas
812 5354 1034 5402 senatus
1065 5348 1277 5404 civibus
1306 5349 1579 5403 remittere
1610 5345 1798 5413 voluit,

1637 430 1801 494 1545
1846 424 2729 495 smne—omn
2780 436 2791 451 '

4070 431 4193 494 182

2226 635 2349 698 pro
2390 613 2842 699 redemptione
2896 620 3315 697 peecatorum
3369 622 3437 681 et
3494 615 3859 682 viventium
3902 622 3973 682 et
4013 636 4191 683 mon

2230 709 2497 765 tuorum
2564 698 2965 767 extorserint
3043 721 3357 785 magnam
3422 702 3767 784 pecuniam
3783 752 3800 781 ,
3867 709 3935 767 et
3999 700 4193 767 ditati

2231 805 2433 869 supra
2475 785 2743 851 modum
2801 784 3076 852 fuerint:
3138 784 3312 852 unde
3364 787 3442 852 fit
3485 795 3562 851 ut
3603 787 4026 853 scelestorum
4067 788 4197 852 im-

2230 880 2537 955 posturae
2576 872 2851 937 fecerint
2893 879 2970 937 ut
3013 872 3121 937 hie
3166 892 3335 956 quae
3377 894 3535 938 vere
3589 880 3657 937 et
3698 894 3863 957 pure
3905 873 4050 938 Deo
4093 872 4205 937 di—

2231 964 2379 1023 cata
2421 958 2685 1022 fuerant
2719 955 3132 1041 diripiantur,
3178 965 3242 1023 et
3278 959 3607 1042 principes
3640 958 3945 1024 liberales
3980 957 4195 1025 videri

2235 1042 2470 1109 volunt
2507 1044 2578 1107 in
2622 1041 2856 1108 dandis
2898 1043 2982 1109 iis
3024 1064 3194 1127 quae
3237 1052 3396 1109 sunt
3435 1043 3765 1110 ecelesiae:
3851 1044 3987 1109 Alii
4029 1066 4193 1109 ven-

2236 1127 2402 1193 dunt
2446 1136 2514 1193 et
2553 1136 2760 1213 agunt
2803 1136 2880 1193 ut
2921 1129 2993 1193 in
3035 1149 3109 1194 re
3149 1128 3457 1212 profana:
3519 1130 3825 1195 furantur
3879 1127 4192 1213 quidquid

2235 1222 2515 1298 possunt
2594 1215 2709 1298 qui
2784 1213 3308 1280 administranda
3371 1223 3800 1299 susceperunt
3814 1266 3831 1295 ,
3896 1217 4197 1299 fiuntque

2237 1301 2462 1366 omnia
2504 1299 2802 1383 pessime.
2860 1299 2994 1365 Hie
3028 1308 3217 1365 tuum
3259 1299 3576 1368 iudicium
3617 1310 3913 1386 optarem
3948 1308 4020 1366 et
4049 1308 4197 1366 tuo-

2239 1404 2424 1451 rum:
2470 1384 2626 1469 quid
2670 1395 2744 1450 tu
2787 1405 3057 1451 censeas
3101 1406 3256 1452 vere
3298 1386 3507 1469 ipsius
3551 1408 3695 1453 esse
3738 1386 4067 1466 eeclesiae,
4113 1384 4197 1452 de

2239 1472 2495 1537 ratione
2550 1473 2711 1537 item
2767 1469 3222 1554 dispensandi,
3279 1482 3349 1538 et
3405 1493 3522 1555 per
3575 1495 3735 1556 quos
3788 1481 3857 1538 et
3915 1492 4046 1556 qua
4086 1472 4201 1538 via

2242 1555 2531 1642 eligendi
2575 1557 2711 1622 sint
2753 1556 3254 1641 dispensatores.
3346 1558 3673 1624 Existimo
3732 1558 4012 1624 Viretum
4064 1557 4201 1622 iam

2243 1641 2327 1707 ad
2370 1651 2438 1708 te
2480 1643 2768 1708 misisse:
2815 1662 2972 1708 nam
3015 1640 3101 1708 ad
3143 1663 3295 1709 eum
3341 1645 3589 1727 seripsi.
3686 1642 3979 1712 Corderio
4022 1664 4201 1709 nune

2242 1728 2515 1794 tandem
2572 1728 2971 1812 permissum
3028 1735 3158 1808 est,
3203 1737 3272 1794 et
3315 1750 3356 1795 a
3396 1729 3708 1795 fratribus
3752 1737 3821 1795 et
3862 1750 3902 1795 a
3946 1737 4200 1809 senatu,

2243 1821 2322 1880 ut
2364 1814 2449 1879 ad
2492 1815 2867 1880 Beruenses
2921 1813 3321 1893 eoncederet‚
3369 1823 3443 1879 ut
3487 1816 3885 1881 Lausannae
3928 1814 4016 1878 sit
4031 1865 4048 1893 ,
4093 1835 4203 1879 ro-

2245 1907 2442 1985 gatus
2476 1921 2517 1965 a
2550 1900 2862 1966 fratribus
2906 1907 2973 1964 et
3015 1908 3248 1966 senatu
3292 1901 3770 1968 Lausannensi.
3790 1903 3848 1975 2)
3904 1901 4054 1966 Hae
4087 1900 4204 1965 via

2245 2005 2439 2069 spero
2478 1985 2851 2051 consultum
2908 1985 2994 2050 iri
3034 1985 3150 2051 isti
3192 1987 3391 2052 etiam
3435 1987 3714 2054 scholae.
3804 1987 3981 2069 Hine
4026 2006 4204 2051 nune

2245 2091 2514 2139 movere
2568 2070 2802 2155 pedem
2846 2072 2953 2136 vel
2998 2071 3332 2137 tantillum
3383 2093 3518 2137 non
3571 2073 3753 2151 lieet,
3809 2073 3937 2137 nisi
3995 2070 4205 2138 ecele-

2247 2159 2412 2224 siam
2457 2156 2731 2239 prodere
2774 2157 2994 2222 velim.

2419 2243 2514 2309 Ut
2553 2242 2842 2309 habeant
2886 2243 3109 2308 omnia
3150 2241 3629 2327 Mombelgardi
3646 2294 3662 2322 ,
3681 2244 3736 2325 ⁸)
3783 2264 3867 2307 ex
3911 2243 3992 2308 iis
4034 2262 4202 2326 quae

2246 2329 2550 2396 misimus
2608 2350 2693 2393 ex
2742 2328 3032 2394 Tussano
3085 2326 3310 2393 videre
3366 2329 3668 2411 potuisti,
3728 2337 3795 2394 et
3851 2349 4050 2411 quum
4107 2329 4206 2393 ita

2244 2413 2489 2480 habeat
2505 2465 2520 2492 ,
2592 2414 2911 2480 Tossanus
2973 2412 3161 2479 nulla
3222 2421 3440 2498 potest
3504 2416 3758 2479 ratione
3824 2413 4060 2480 adduei
4126 2420 4205 2478 ut

2246 2500 2423 2565 hane
2465 2499 2878 2583 provinciam
2912 2499 3241 2582 suscipiat.
3287 2499 3536 2564 Horret
3577 2498 3662 2564 ad
3704 2499 3914 2582 plebis
3954 2500 4204 2582 impro-

2246 2586 2551 2665 bitatem,
2612 2606 2777 2668 quae
2835 2585 2969 2649 iam
3022 2583 3306 2651 seeundo
3363 2585 3718 2650 meditatur
3773 2606 3880 2650 me
3940 2584 4204 2668 pellere.

2247 2671 2401 2738 Non
2506 2691 2697 2736 arum
2750 2671 2953 2736 etiam
3023 2680 3227 2735 terret
3276 2671 3611 2737 eontentio
3678 2672 3944 2756 gravior
3961 2721 3979 2750 ,
4035 2691 4204 2754 quae

2248 2778 2432 2824 nune
2557 2756 2879 2840 nignitate
2924 2756 3051 2821 Dei
3095 2754 3322 2823 sedata
3363 2765 3483 2822 est.

2422 2842 2762 2926 Collegam
2777 2844 2836 2920 ⁴)
2879 2841 3090 2907 habeo
3133 2864 3307 2908 nune
3345 2841 3540 2924 plane
3584 2843 4100 2909 consentientem
4137 2848 4208 2907 et

2248 2929 2324 2994 in
2367 2928 2721 3012 sacrilegos
2778 2935 2846 2994 et
2897 2928 3078 2993 fures
3122 2929 3606 2995 vociferantem.
3696 2928 3830 2993 Det
3871 2927 4205 2994 Dominus

2247 3015 2736 3082 incrementum
2787 3011 3000 3078 labori
3014 3065 3031 3095 ,
3088 3034 3175 3079 ne
3229 3035 3443 3081 vanus
3486 3015 3589 3079 sit.
3678 3013 3848 3079 Vale
3892 3014 4060 3080 bene
4075 3063 4092 3093 ,
4136 3023 4208 3079 et

2249 3114 2470 3169 tecum
2513 3101 2612 3165 tui
2653 3121 2900 3177 omnes,
2944 3100 3292 3183 praecipue
3335 3101 3622 3167 coniunx
3664 3121 3859 3184 quam
3903 3100 4023 3167 tibi
4066 3120 4206 3165 ser-

2248 3196 2366 3254 vet
2405 3187 2735 3253 Dominus
2752 3236 2769 3265 ,
2826 3192 2895 3251 et
2935 3192 3004 3251 te
3046 3207 3206 3252 suae
3250 3186 3579 3252 ecelesiae.
3666 3187 3902 3252 Neseio
3946 3207 4035 3252 an
4081 3185 4210 3252 Ro-

2247 3273 2458 3340 bcrtus
2490 3292 2694 3338 senex
2711 3272 2770 3355 ⁵)
2816 3272 2964 3354 pius
3009 3269 3293 3338 Orbanis
3337 3274 3578 3355 poterit
3620 3272 3902 3355 praefici.
3972 3272 4204 3354 Aptio-

2248 3380 2392 3424 rem
2437 3379 2575 3424 non
2619 3358 2792 3423 novi.
2848 3357 2981 3423 Hie
3023 3357 3212 3423 nulla
3252 3358 3379 3422 fuit
3422 3359 3588 3423 ratio
3632 3359 3849 3441 ipsum
3892 3356 4202 3442 eligendi,

2249 3455 2395 3511 tum
2438 3444 2522 3510 ob
2565 3443 2803 3508 iratres
2845 3464 3007 3526 quos
3049 3441 3405 3526 perducere
3449 3465 3526 3509 eo
3570 3465 3703 3509 non
3745 3445 3946 3508 fuerit
3994 3442 4205 3526 possi-

2252 3531 2415 3609 bile,
2474 3539 2617 3595 tum
2669 3527 2753 3595 ob
2797 3528 2927 3594 alia
2970 3549 3137 3612 quae
3176 3530 3343 3594 mire
3386 3528 3494 3593 hie
3531 3532 3753 3594 omnia
3793 3529 4205 3595 turbassent:

2249 3626 2316 3682 et
2352 3616 2563 3681 multo
2597 3614 2819 3681 minus
2854 3615 3151 3682 Iacobum
3183 3636 3377 3698 quem
3414 3635 3534 3700 ego
3575 3616 3986 3698 praeferrem.
4042 3615 4210 3680 Pre-

2249 3701 2435 3769 eibus
2491 3722 2608 3767 nos
2666 3700 2907 3766 adiuva
2964 3708 3041 3765 ut
3095 3701 3421 3766 Dominus
3490 3701 3660 3784 quod
3728 3701 4049 3783 optimum
4107 3708 4213 3766 est
4302 3731 4311 3744 -

2249 3788 2528 3872 inspiret
2571 3806 2647 3853 ae
2692 3786 2878 3869 sequi
2911 3785 3126 3851 faeiat.
3188 3785 3424 3852 Saluta
3457 3808 3700 3851 01111108.
3760 3787 3913 3851 Non
3945 3784 4213 3852 oblivis-

2255 4110 2505 4176 Farello,
2548 4110 2646 4179 qui
2676 4109 2789 4163 iam
2823 4115 2989 4164 antea
3019 4109 3237 4175 fortiter
3272 4108 3549 4163 institerat
3584 4123 3692 4176 pro
3726 4109 4016 4163 servandis
4050 4108 4211 4164 bonis

2251 4180 2652 4245 ecclesiasticis,
2697 4193 2837 4247 quae
2882 4179 2976 4232 illa
3012 4173 3284 4240 ὑποθήκης
3319 4177 3460 4242 loco,
3508 4182 3568 4229 ut
3614 4193 3715 4230 nos
3750 4178 3927 4231 dicere
3962 4178 4210 4247 solemus,

2251 4248 2613 4305 creditoribus
2648 4248 2767 4300 suis
2789 4247 3184 4316 assiqnaverat.
3224 4244 3587 4311 (Kirchhot'er
3621 4245 3694 4298 11.
3730 4245 3844 4313 77.)

2458 4314 2521 4382 2)
2558 4315 2685 4383 Ipsi
2716 4322 2897 4370 tamen
2930 4314 3238 4368 Bernenses
3270 4319 3461 4368 vocato
3502 4313 3762 4368 Gordcrio
3797 4320 4042 4368 senatum
4060 4314 4210 4368 Neo-

2253 4400 2549 4443 comensem
2583 4383 2984 4438 admonuerunt
3027 4399 3095 4437 ne
3130 4382 3313 4437 sclicla
3348 4381 3587 4451 neylccta
3620 4385 3871 4436 ecclcsiae
3904 4385 4017 4450 ipsi
4051 4383 4207 4436 dam-

2252 4470 2382 4510 num
2420 4471 2454 4509 a
2498 4461 2695 4507 errent.
2749 4451 3025 4520 (Deutsch
3062 4451 3318 4505 Missivb.
3354 4449 3402 4503 8.
3431 4450 3545 4505 Oct.
3566 4448 3731 4518 1545,·
3767 4450 3994 4505 Kirchh.
4015 4467 4069 4518 p.
4090 4449 4207 4518 84.)

2498 4525 2518 4586 )
2560 4521 2681 4576 Hoc
2714 4522 2738 4574 i
2778 4536 2837 4575 so
2872 4527 3107 4588 tempore
3144 4519 3421 4573 Tossanus
3461 4518 3860 4588 Stuttyardiam
3896 4521 4211 4589 accersitus,

2253 4592 2351 4648 ubi
2383 4607 2438 4646 a.
2473 4591 2526 4645 d.
2568 4587 2683 4643 ΙΙΙ
2762 4591 2834 4644 al.
2873 4588 3006 4643 Dee.
3058 4589 3194 4642 novi
3240 4588 3467 4642 articuli
3514 4590 3739 4648 fuerunt
3790 4589 4087 4655 conscripti
4142 4588 4212 4642 de

2254 4659 2574 4716 ordinanda
2641 4658 2862 4713 ecclesia
2935 4656 3471 4725 Monsbelqardensi,
3536 4657 3734 4727 quibus
3801 4658 4092 4711 cavebatur
4142 4671 4214 4710 ne

2254 4731 2432 4785 nimia
2464 4725 2573 4783 sibi
2603 4732 2873 4781 sumerent
2907 4725 3415 4781 Lutheranieantes.
3463 4725 3741 4780 Tossanus
3774 4727 3891 4794 ipse
3930 4725 4043 4779 Cal.
4080 4724 4213 4780 Ian.

2252 4800 2462 4923 ilelnufb
2461 4797 2737 4918 200110088ίί
2770 4799 2831 4850 in
2866 4810 3022 4849 suam
3052 4795 3352 4864 pristinam
3396 4794 3587 4848 sedem.
3653 4794 3861 4863 (Ηεῃᾶ,
3900 4794 3973 4846 Η.
4019 4791 4214 4850 Utrieh

2282 4869 2307 4922 1
2532 4870 2626 4928 ss.)

2462 4935 2525 4996 4)
2569 4932 2944 5001 Capaneulum
2989 4937 3152 5000 puta,
3197 4933 3296 5001 qui
3336 4930 3450 4984 iam
3481 4948 3550 4984 m.
3588 4930 3900 4985 Februario
3935 4947 4055 4986 cum
4091 4930 4211 4985 Fa·

2254 5004 2388 5059 rello
2420 5018 2606 5070 pacem
2639 5007 2693 5056 et
2724 4999 3072 5056 concordiam
3105 5001 3334 5067 inierat,
3380 4999 3477 5053 sed
3520 4999 3633 5052 iam
3678 5004 3807 5053 ante
3848 5001 4011 5064 finem
4044 5000 4213 5055 huius

2255 5072 2458 5129 mensis
2493 5076 2738 5124 mortuus
2767 5074 2862 5125 est.

2464 5138 2526 5202 5)
2568 5138 2854 5193 Fortassis
2885 5136 3030 5191 idem
3062 5137 3154 5191 ille
3188 5136 3256 5189 de
3288 5151 3397 5206 quo
3432 5134 3510 5189 N.
3532 5133 3652 5197 672,
3682 5141 3793 5189 not.
3812 5133 3862 5202 3,
3900 5137 3996 5191 ubi
4029 5142 4213 5191 tamen

2256 5223 2454 5265 nomen
2475 5208 2707 5263 Boberti
2734 5223 2846 5262 non
2881 5205 3123 5261 additur.
3163 5203 3356 5259 Etiam
3377 5203 3612 5258 Iacobus
3645 5204 3848 5273 aliquis
3881 5204 4059 5258 eodem
4095 5204 4221 5260 1000
4296 5229 4306 5238 ·

2257 5279 2538 5333 laudatur.
2603 5277 2799 5331 Verum
2833 5281 2885 5329 et
2918 5276 3064 5329 alius
3097 5288 3262 5327 senex
3307 5272 3574 5326 laudatur
3610 5272 3959 5328 combaudus
3992 5271 4072 5329 N.
4089 5272 4221 5341 710,

2257 5339 3771 5417 quemnecumRobmoconfundasmonetN'lffl.

3704 5426 3804 5480 12*
