4825 6175
198 457 306 525 317

193 652 361 732 parte
403 642 667 727 quidam
710 642 974 728 adigere
1031 643 1355 711 mundum
1410 643 1652 724 velint,
1712 664 1845 709 non
1901 642 2119 709 solum

190 728 263 799 ad
300 731 517 796 omnia
557 748 678 797 sua
718 752 928 811 sensa,
972 730 1088 796 sed
1132 729 1214 796 ad
1248 731 1595 798 verborum
1633 750 1888 814 quoque
1931 750 2119 812 prae-

190 818 509 901 scriptum,
551 837 747 899 quam
810 815 1130 882 violenter
1185 817 1522 895 insultent,
1580 836 1744 900 quos
1798 814 2119 880 tumultus

189 912 509 968 moveant:
617 922 703 967 ua
746 902 1084 984 praeditus
1124 925 1195 970 es
1238 912 1378 969 tum
1422 902 1746 986 aequitate
1790 910 1933 966 tum
1975 921 2116 966 rec·

189 986 471 1068 titudine,
513 923 722 1057 6111116
741 988 1091 1072 Tigurinos
1132 990 1347 1074 magis
1388 991 1459 1054 in
1502 1010 1719 1067 causa,
1763 1007 1960 1070 quam
1998 987 2118 1052 hos

187 1076 249 1141 16
308 1080 726 1158 praepostera
806 1075 1059 1140 actione
1124 1074 1482 1141 damnabis.
1604 1074 1933 1139 Dominus
1998 1093 2117 1137 nos

187 1179 399 1226 omnes
442 1159 680 1243 spiritu
722 1180 839 1226 suo
895 1161 979 1226 ad
1025 1183 1248 1226 veram
1303 1160 1816 1226 moderationem
1859 1178 2117 1240 compo-

183 1254 304 1312 nat.
392 1244 540 1312 Scis
583 1267 689 1312 me
729 1267 864 1311 non
915 1245 996 1312 de
1040 1246 1249 1312 nihilo
1293 1246 1622 1331 conqueri.
1709 1245 1848 1312 Nec
1893 1243 2117 1310 dubito

183 1331 332 1415 quin
368 1331 598 1397 eadem
640 1333 882 1398 tacitus
923 1353 1045 1416 pro
1089 1332 1407 1418 singulari
1461 1343 1575 1398 tua
1617 1332 1858 1416 pietate
1897 1339 2117 1397 tecum

181 1437 412 1502 gemas,
458 1415 614 1484 dum
659 1417 906 1484 mederi
950 1419 1197 1502 nequis,
1289 1417 1644 1485 Caeterum
1698 1416 1871 1501 quod
1926 1415 2005 1481 de
2050 1422 2117 1481 te

180 1502 335 1567 mihi
375 1502 720 1586 polliceris,
766 1504 966 1570 velim
1002 1506 1202 1570 etiam
1237 1505 1352 1570 tibi
1391 1505 1673 1601 vicissim
1713 1502 1793 1569 (16
1826 1524 1935 1567 me
1968 1523 2116 1585 per-

178 1588 461 1667 suadeas,
506 1610 650 1656 esse
692 1610 798 1655 me
844 1591 966 1657 tibi
1019 1592 1348 1658 sincerum
1406 1591 1690 1657 amicum
1735 1597 1804 1655 et
1843 1589 2119 1654 fratrem

178 1682 608 1760 perpetuoque
651 1675 806 1741 fore.
874 1677 1021 1743 Hoc
1064 1687 1131 1743 te
1175 1699 1325 1744 cum
1364 1677 1589 1743 multis
1631 1697 1813 1742 nunc
1853 1675 2120 1759 rogabo,

175 1782 251 1825 66
307 1762 510 1826 finem
560 1761 763 1827 facias
819 1773 1086 1829 strenue
1140 1763 1491 1849 pergendi,
1562 1762 1766 1829 donec
1823 1760 2118 1828 Genesin

176 1845 530 1912 absolutam
588 1848 771 1914 nobis
826 1847 1202 1915 reddideris.
1223 1848 1281 1936 ⁴)
1365 1849 1538 1915 Nam
1585 1858 1661 1915 ut
1712 1846 1836 1914 sibi
1879 1846 2116 1912 merito

173 1932 484 2016 gratulari
527 1931 719 1998 debet
759 1934 1077 2001 Luthems
1131 1934 1300 2019 quod
1359 1945 1592 2002 nactus
1636 1935 1725 2000 sit
1765 1934 1965 1999 talem
2008 1952 2115 1996 ar-

171 2017 427 2095 tificem,
470 2039 511 2084 a
551 2040 679 2102 quo
729 2042 851 2086 sua
894 2041 1092 2104 opera
1134 2021 1579 2105 expoliant-ur,
1623 2022 1717 2086 ita
1759 2019 2114 2102 experiun-

168 2112 275 2169 tur
335 2104 454 2169 alii
512 2125 704 2188 quam
771 2106 1143 2173 fructuosus
1203 2108 1276 2172 in
1340 2108 1670 2190 publicum
1749 2107 1838 2171 sit
1913 2104 2114 2170 labor.

167 2187 469 2272 Optarim
503 2199 722 2256 tamen
760 2199 824 2258 te
858 2194 927 2257 in
966 2194 1493 2260 sacramentariis
1528 2191 1947 2258 nominandis
1968 2210 2115 2256 6666

165 2276 545 2357 parciorem,
590 2276 761 2362 quod
796 2279 1057 2344 videam
1093 2278 1505 2362 quorundam
1541 2278 1794 2344 animos
1829 2279 1924 2343 ita
1957 2298 2113 2342 exa-

165 2361 444 2441 cerbari,
506 2361 588 2427 de
686 2364 875 2430 uibus
934 2364 1017 2429 ad
1073 2364 1361 2449 aliquam
1406 2363 1922 2431 moderationem
1960 2363 2114 2430 flec-

164 2446 377 2511 tendis
421 2468 650 2513 666611
680 2449 746 2513 16
783 2471 814 2514 6
864 2471 933 2515 66
970 2458 1159 2516 esset.
1227 2451 1444 2516 Tuum
1488 2458 1713 2515 tamen
1747 2450 1890 2529 erit,
1927 2447 2114 2531 quid-

162 2553 308 2596 nam
362 2552 475 2596 ma
525 2534 577 2598 's
632 2554 798 2618 expe
849 2536 939 2600 ’at
996 2536 1332 2620 dispicere.
1431 2535 1605 2602 Mihi
1662 2536 1825 2601 satis
1877 2536 2005 2600 erit
2057 2534 2114 2600 si

162 2637 367 2682 meam
394 2639 457 2718 ‘a
571 2620 928 2687 unitionem
968 2620 1126 2687 boni
1169 2623 1504 2704 consulas,
1562 2629 1891 2705 utcunque
1936 2618 2118 2686 aliud

161 2724 469 2787 aequans.

322 2790 715 2857 Conventus
759 2792 1261 2862 Ratisbonensis
1313 2794 1594 2888 fumum·
1627 2794 1873 2862 scilicet
1925 2790 2114 2858 nobis

159 2874 381 2957 pariet,
403 2877 467 2954 ⁵)
511 2898 707 2960 quem
750 2878 1080 2947 Dominus
1122 2902 1276 2947 mox
1318 2881 1638 2948 discutiet.
1707 2880 1839 2945 Hic
1883 2899 2113 2944 sumus

158 2961 514 3044 tranquilli,
559 2964 689 3029 nisi
731 2965 1047 3033 molestus
1092 2968 1279 3034 nobis
1321 2970 1407 3033 sit
1431 2966 1687 3045 Caesar,
1733 2985 1924 3049 quem
1969 2984 2112 3028 sus-

53 3080 56 3142 3
157 3045 468 3128 picantur
509 3049 816 3116 nonnulli
858 3052 931 3117 in
973 3052 1434 3139 Burgundiam
1479 3053 1783 3138 cogitare,
1838 3061 1916 3116 ut
1956 3047 2111 3116 inde

53 3143 56 3184 l
157 3151 355 3217 regno
419 3134 682 3201 Galliae
738 3138 1112 3219 immineat,
1166 3140 1326 3206 dum
1379 3139 1648 3205 infestat
1688 3137 2111 3204 Pr0vinciam

157 3237 267 3316 per
307 3220 636 3289 iuniorem
681 3221 1085 3303 sabaudum,
1134 3237 1201 3291 et
1253 3226 1334 3292 ab
1379 3225 1585 3291 altera
1626 3231 1810 3307 parte
1855 3221 2111 3306 Anglos

157 3306 473 3372 immittit.
561 3308 707 3393 Ego
763 3331 869 3377 166
925 3312 996 3376 16
1040 3333 1171 3377 1166
1215 3311 1348 3378 Dei
1402 3309 1731 3396 praesidio
1787 3310 2109 3386 contineo,

159 3392 413 3472 quando
475 3392 671 3460 video
726 3416 849 3461 nos
903 3416 943 3462 a
995 3399 1328 3481 praesenti
1382 3396 1675 3482 periculo
1728 3418 1862 3461 non
1915 3395 2110 3479 longe

157 3475 392 3544 abesse.
466 3479 654 3560 Vale,
699 3483 1114 3550 ornatissime
1156 3486 1263 3550 vir
1306 3491 1372 3549 et
1414 3483 1623 3549 amice
1664 3482 2107 3567 integerrime.

156 3560 483 3631 Dominus
539 3565 730 3632 Iesus
792 3575 857 3634 te
1015 3568 1249 3636 bernet
1311 3570 1546 3653 spiritu
1613 3589 1731 3635 suo
1797 3576 2109 3652 perpetuo

156 3650 408 3732 tuisque
455 3655 702 3719 sanctis
744 3653 1074 3721 laboribus
1120 3655 1474 3722 benedicat.
1544 3653 1856 3723 Salutant
1900 3667 1965 3720 te
2008 3653 2107 3719 di-

155 3731 430 3818 ligenter
479 3759 705 3804 omnes
748 3740 1037 3826 collegae
1079 3743 1227 3808 1661.
1317 3742 1476 3808 Tuis
1515 3743 1715 3807 etiam
1759 3742 2109 3825 plurimam

156 3820 428 3896 salutem
491 3823 666 3891 dices
722 3848 868 3891 1666
926 3837 992 3892 et
1052 3828 1347 3911 ipsorum
1412 3829 1694 3894 nomine.
1795 3827 2108 3893 Genevae

163 3909 250 3969 16.
295 3907 440 3975 Gal.
491 3909 654 3993 Apr.
709 3917 890 3977 1546.

1116 4051 1397 4116 Ioannes
1440 4051 1760 4119 Calvinus
1804 4059 1976 4115 tuus.

352 4269 414 4328 4)
470 4272 629 4326 Vetus
672 4273 872 4326 scilicet
922 4273 1205 4327 editionem
1240 4274 1370 4329 Ζῶν-ι’
1402 4275 1642 4329 curav-it.-
1679 4274 1739 4326 In
1777 4273 2009 4342 primum
2047 4273 2108 4325 li-

160 4335 306 4390 brum
353 4340 510 4398 Meso
555 4341 931 4394 enarrationes
979 4359 1090 4395 rev.
1132 4344 1315 4396 Patris
1350 4343 1415 4396 D.
1452 4343 1614 4396 Mart.
1651 4343 1878 4395 Lutheri
1915 4344 2109 4411 plenae

160 4406 404 4461 salutaris
443 4415 501 4463 et
535 4410 866 4463 christianae
903 4412 1227 4466 eruditionis
1263 4414 1407 4465 bona
1440 4413 1546 4465 fide
1583 4417 1639 4465 ct
1675 4412 1965 4480 diligenter
2001 4413 2107 4464 661-

159 4473 336 4529 lectae.
392 4477 588 4532 Wittb.
629 4477 890 4532 1544'f01.
963 4479 1086 4535 Hoc
1113 4484 1354 4548 primum
1393 4483 1634 4535 volumen
1668 4482 1863 4547 priora
1899 4486 2108 4534 tantum

159 4544 399 4600 undecim
437 4549 625 4614 capita
656 4551 987 4619 complexum
1017 4557 1142 4615 post
1189 4551 1302 4604 Viti
1335 4552 1538 4604 obitum
1573 4556 1800 4619 sequuta
1835 4557 1964 4603 sunt
1997 4552 2110 4604 tria

160 4612 267 4665 alia
310 4615 453 4669 Nor.
494 4615 940 4671 1550-54aeura
979 4617 1062 4670 M.
1106 4617 1279 4673 Rotin
1358 4625 1408 4672 et
1445 4620 1538 4672 Hi.
1576 4619 1795 4672 Beseld.
1870 4617 2110 4682 (Str-ohel

163 4678 360 4737 Nachr.
399 4702 450 4740 v.
501 4686 560 4740 V.
598 4685 852 4740 Dietrv'eh
887 4685 1046 4755 1772,
1089 4705 1148 4756 p.
1186 4687 1254 4740 10
1293 4730 1305 4742 .
1379 4685 1458 4754 Of.
1497 4689 1659 4741 etiam
1697 4688 1929 4741 Lutheri
1970 4687 2106 4755 Opp.

162 4748 246 4802 lat·
287 4752 408 4807 Erl.
460 4754 519 4807 T.
559 4755 606 4810 Ι.
641 4756 848 4822 praef.)

356 4823 418 4888 5)
462 4824 598 4893 Imo‘
603 4825 840 4893 peperit,
877 4841 1005 4877 nam
1040 4826 1126 4878 his
1161 4827 1300 4893 ipsis
1336 4827 1525 4881 diebus
1556 4826 1718 4891 finem
1755 4825 1957 4878 habuit.

1929 456 2089 520 1546
2133 450 2415 521 MART.

4043 458 4172 522 318

3111 641 3262 714 782.

2662 793 3195 864 GALLASIUS
3238 795 3728 864 FALLESIO.

2399 964 2559 1032 Cum
2618 968 2899 1033 versione
2961 967 3164 1034 latina
3228 966 3575 1034 libellorum
3641 965 3897 1035 Calvini
3959 973 4177 1037 contra

2220 1050 2681 1135 Anabaptistas
2722 1059 2779 1118 el
2822 1052 3177 1120 Libertinos
3221 1053 3500 1122 Fallesio
3541 1055 3766 1121 dicata.

2220 1222 2331 1290 (Ex
2365 1222 2700 1294 autographo
2736 1223 2866 1279 eod.
2904 1224 3106 1281 Gonev.
3147 1223 3263 1289 194,
3297 1225 3390 1279 fol.
3417 1223 3505 1281 25.
3556 1224 3820 1279 Fallesius
3853 1224 4172 1296 adscripsit:

2224 1291 2407 1347 Reeeu
2453 1290 2502 1346 le
2546 1290 2581 1344 2
2614 1292 2820 1360 Apvn'l
2859 1292 3137 1362 respondu
3181 1296 3231 1349 le
3277 1293 3344 1348 13
3388 1293 3642 1349 duodena
3694 1293 3997 1349 Gallam.
4065 1294 4173 1349 Im-

2219 1377 2409 1430 pressa
2443 1366 2530 1415 est
2562 1361 2621 1415 16
2657 1361 2757 1415 Ed.
2794 1364 3291 1417 Amstelodamensi
3325 1363 3468 1434 Epp.
3502 1361 3715 1417 Galvini
3760 1362 3830 1416 ad
3875 1363 4169 1418 Fallesium

3095 1448 3148 1502 p.
3182 1430 3297 1501 41.)

2390 1586 2457 1651 A
2498 1584 2971 1673 Monseigneur
3012 1587 3488 1672 Monseigneur
3530 1584 3610 1651 de
3650 1585 3850 1651 Falez

3473 1673 3537 1738 A
3581 1669 3997 1760 Strasbourg.

2390 1806 2463 1874 S.
2532 1808 2684 1874 Non
2727 1810 2912 1893 prius
2957 1830 3159 1876 ausus
3217 1830 3363 1874 sum
3419 1808 3754 1876 versiones
3810 1831 3991 1876 meas
4049 1811 4173 1878 sub

2219 1900 2332 1959 tuo
2374 1895 2646 1960 nomine
2688 1912 3091 1979 nuncupare,
3119 1895 3169 1978 ¹)
3215 1915 3414 1978 quam
3459 1914 3545 1961 ex
3589 1894 3721 1961 tuis
3766 1893 3850 1961 ad
3896 1896 3977 1961 D.
4031 1893 4173 1965 cal-

2215 1981 2438 2046 vinum
2478 1979 2690 2045 literis
2729 1980 2801 2046 id
2844 1981 2965 2048 tibi
3008 2001 3142 2046 non
3186 1979 3531 2064 displicere
3572 1979 3892 2046 intellexi.
3973 1981 4173 2047 Tam·

2217 2066 2345 2133 etsi
2386 2065 2565 2131 enim
2607 2074 2678 2132 te
2721 2067 2909 2134 facile
2950 2086 3373 2134 assensurum
3413 2065 3885 2143 iudicabamus,
3936 2067 4175 2134 melius

2216 2159 2439 2217 tamen
2497 2154 2764 2218 omnino
2823 2150 3170 2219 videbatur
3224 2152 3293 2217 id
3358 2151 3477 2217 tibi
3540 2153 3724 2235 prius
3780 2153 4171 2236 sig-nificare.

2215 2238 2353 2304 Eas
2407 2239 2614 2322 igitur
2672 2240 2860 2304 mitto
2916 2238 3000 2304 ad
3073 2238 3494 2306 Vende-linum
3552 2259 3701 2304 cum
3758 2238 4032 2322 epistola
4088 2237 4174 2305 ad

2216 2333 2283 2389 te
2327 2345 2503 2390 mea:
2596 2344 2746 2390 11616
2790 2325 3003 2408 leges,
3058 2338 3135 2390 ut
3190 2324 3250 2390 si
3305 2322 3464 2407 quid
3516 2324 3591 2389 in
3643 2343 3721 2389 ea
3763 2323 3934 2407 quod
3979 2324 4063 2390 ad
4106 2334 4175 2391 te

2217 2417 2469 2495 spectet
2509 2346 2883 2477 addendum
2921 2418 3036 2476 aut
3076 2410 3513 2477 minuendum
3553 2419 3763 2494 putes,
3808 2431 3915 2476 me
3939 2412 4173 2477 certio-

2217 2516 2360 2561 rem
2419 2495 2671 2562 reddas.
2760 2495 2929 2561 Vale
2947 2548 2964 2576 ,
3022 2497 3435 2562 ornatissime
3489 2496 3610 2561 vir.
3712 2496 4039 2563 Dominus
4105 2503 4173 2563 te

2217 2602 2368 2733 6111116
2430 2589 2549 2648 tua
2602 2582 2853 2648 familia
2914 2582 3310 2649 incolumem
3375 2591 3610 2648 servet.
3712 2581 4026 2649 Genevae
4072 2586 4168 2647 19.

2295 2668 2447 2733 artii
2498 2672 2680 2732 1546.

2931 2803 3058 2868 'rui
3102 2803 3719 2872 observantissimus

3244 2905 3558 2975 Nicolaus
3598 2906 3952 2975 Gallasius.

2988 3202 3394 3212 -—-———

3106 3421 3261 3495 783.

2752 3575 3218 3646 GALVINUS
3262 3576 3632 3645 VIRE'PO.

2392 3747 2638 3814 Iterum
2669 3769 2893 3832 presse
2936 3769 3079 3815 eum
3121 3753 3298 3832 φοραί
3336 3756 3408 3815 ut
3434 3748 3747 3816 Genevam
3787 3748 4069 3815 concedat
4102 3754 4173 3816 ut

2212 3855 2278 3900 se
2318 3854 2461 3900 eum
2501 3834 2727 3901 amieis
2757 3835 3102 3917 paululum
3144 3835 3398 3917 reficiat.

2215 4007 2326 4072 (Ex
2363 4006 2702 4076 autographo
2736 4006 2867 4061 eod.
2915 4007 3117 4061 Gener.
3164 4005 3293 4071 106,
3344 4007 3435 4061 fol.
3480 4005 3591 4061 159.
3665 4006 3951 4060 Ionvillaei
3989 4021 4168 4059 exem·

2253 4077 2334 4129 lar
2367 4076 2497 4128 ibid.
2537 4075 2669 4129 Ood.
2708 4074 2852 4128 111⁸,
2898 4076 2990 4129 fol.
3027 4075 3096 4129 39
3130 4093 3205 4140 v.‚
3256 4076 3537 4129 Turretini
3585 4075 3714 4129 Ood.
3754 4075 3870 4138 111,
3918 4076 4009 4128 fol.
4048 4075 4165 4140 140,

2213 4094 2494 4199 gernense
2529 4145 2670 4214 Epp.
2706 4145 2834 4198 VII.
2872 4162 2926 4213 p.
2964 4144 3082 4212 758,
3120 4146 3334 4198 Simleri
3374 4147 3494 4198 Vol.
3531 4145 3615 4198 60.
3688 4146 3864 4199 lusori
3906 4145 3984 4197 tio
4020 4144 4168 4197 nulla

2404 4214 2560 4267 adest
2594 4215 2651 4266 in
2688 4215 3018 4268 authentico.
3091 4214 3290 4268 Versio
3324 4215 3535 4284 anglica
3571 4215 3631 4270 Τ.
3666 4214 3734 4268 11.
3773 4231 3828 4282 p.
3867 4161 3977 4280 ξι)

2384 4387 2727 4452 Hactenus
2770 4385 3052 4451 scribere
3108 4386 3189 4451 ad
3234 4395 3298 4450 te
3343 4386 3571 4452 distuli
3612 4386 3782 4469 quod
3826 4386 4169 4468 sperabam

2211 4473 2280 4536 in
2326 4473 2617 4556 singulos
2663 4473 2801 4538 dies
2837 4481 3208 4552 venturum,
3254 4473 3427 4539 sicut
3462 4475 3868 4555 promiseras
3938 4473 4169 4552 Neque

2213 4560 2412 4624 etiam
2474 4580 2653 4624 nunc
2724 4559 3090 4641 scripturus
3146 4580 3355 4631 eram,
3424 4561 3575 4641 quia
3640 4561 3709 4623 in
3766 4558 3991 4623 eadem
4047 4577 4164 4639 spe

2214 4665 2463 4722 166666,
2508 4645 2639 4707 6161
2698 4654 2772 4708 ut
2817 4654 2882 4710 te
2927 4643 3010 4709 ad
3053 4644 3521 4710 maturandum
3566 4647 3693 4710 iter
3735 4643 4159 4726 impellerem.

2212 4731 2424 4795 Miror
2487 4732 2660 4794 enim
2729 4733 2838 4812 qui
2904 4731 3023 4795 fiat
3079 4741 3154 4794 ut
3217 4732 3309 4795 ita
3363 4730 3533 4795 diem
3600 4753 3681 4794 ex
3742 4729 3844 4794 die
3914 4730 4161 4795 trahas.

2211 4817 2490 4881 Memini
2558 4814 2713 4898 quid
2755 4817 3028 4882 Ioannes
3079 4817 3493 4883 Tornaeensis
3535 4817 3697 4880 mihi
3741 4816 3997 4890 dixerit,
4045 4815 4166 4880 tibi

2213 4904 2460 4968 scilicet
2504 4924 2747 4983 equum
2790 4902 3028 4967 deesse.
3120 4902 3255 4968 Sed
3310 4924 3428 4967 cur
3482 4925 3614 4967 non
3672 4904 3889 4983 potius
3948 4901 4159 4965 nave?

2212 4989 2356 5053 Nisi
2398 4989 2622 5054 David
2663 5009 2817 5054 suos
2862 4988 3292 5066 vendidisset,
3356 4991 3513 5054 haec
3568 4989 3915 5052 difficultas
3980 4987 4164 5052 facile

2213 5074 2570 5139 tolleretur.
2660 5074 3048 5157 Quanquam
3096 5097 3269 5140 nunc
3312 5075 3563 5138 facilius
3599 5097 3839 5157 equum
3875 5075 4165 5138 inveniri

2211 5182 2399 5244 posse
2444 5159 2635 5226 credo
2681 5182 2875 5244 quam
2922 5169 3075 5225 ante
3121 5175 3261 5224 octo
3308 5159 3461 5224 dies.
3530 5162 3755 5225 Minus
3803 5162 3975 5224 enim
4016 5182 4163 5226 cur-

2237 5399 2375 5453 782.
2415 5400 2466 5467 1)
2504 5400 2580 5455 N.
2619 5400 2736 5454 780.
