4825 6175
39 2393 40 2398 η
145 2344 229 2406 rit
271 2353 343 2407 et
389 2362 551 2407 suos
593 2350 671 2406 ut
713 2342 802 2405 sit
835 2340 1297 2422 castigaturus,

190 444 299 507 4⁷7

187 630 325 699 dare
372 624 756 704 Galesum‚⁶)
800 626 966 690 moti
1010 625 1353 692 affectibus
1397 624 1549 708 plus
1585 621 1958 690 tribuerunt
1997 624 2124 688 ini·

186 717 315 800 quis
354 721 420 778 et
475 711 851 778 inordinate
905 711 1250 795 agentibus
1304 731 1503 793 quam
1561 717 1740 776 recte
1792 711 2127 798 pergenti-

185 805 307 869 bus.
372 796 592 879 Quam
635 818 868 863 vereor
910 819 995 862 ne
1042 797 1369 862 Ricardus
1404 796 1574 862 alius
1618 796 1811 878 longe
1853 795 2123 860 tandem

182 891 479 988 appareat
533 904 734 966 quam
788 882 1198 983 crediderim.
1295 882 1463 982 Dies
1480 968 1494 981 ι
1511 882 1732 946 omnia
1782 880 2119 948 revelabit.

43 1075 46 1082 '
177 971 549 1124 tSlimeuerit
593 969 901 1121 ecgllesiae
943 968 1363 1135 sulz-zoequgtgluti
1394 987 2122 1120 {Zigieffiuffisffiogffig

41 1133 46 1194 ἶ
175 1144 440 1210 ruinam.
529 1140 740 1206 Vides
780 1140 918 1206 iam
961 1149 1038 1205 ut
1076 1150 1236 1205 sunt
1268 1138 1617 1222 dissipatae
1660 1138 1937 1204 viciniae
1983 1138 2119 1217 tibi,

174 1250 362 1379 Ruam
403 1227 646 1292 misere
688 1228 1010 1292 formetur
1052 1226 1237 1309 plebs
1282 1223 1365 1289 ad
1410 1226 1738 1314 pietatem.
1826 1223 1972 1288 Iam
2016 1224 2119 1290 vi·-

212 1335 286 1379 eo
326 1311 488 1395 quid
530 1319 830 1377 mortuus
846 1314 900 1389 ⁷)
944 1313 1233 1395 potuerit
1267 1330 1386 1377 suo
1429 1311 1692 1387 foetore,
1738 1330 1933 1392 quam
1976 1330 2117 1375 om-

169 1421 278 1465 nes
320 1398 704 1481 corruperit.
793 1395 928 1464 Sed
974 1418 1150 1462 nunc
1192 1394 1350 1478 quid
1384 1416 1517 1461 non
1560 1395 1753 1462 saciet
1794 1396 1863 1459 in
1907 1392 2116 1478 gradu

169 1505 355 1567 quem
390 1492 591 1549 tenet.
681 1484 992 1550 Arbitror
1037 1482 1376 1548 Nicolaum
1409 1492 1630 1564 partes
1669 1502 1822 1547 suas
1857 1480 2115 1558 obiisse,

164 1569 326 1653 quod
370 1590 480 1634 me
539 1570 713 1651 rapit
768 1569 839 1633 in
896 1590 1005 1633 ma
1102 1588 1208 1633 am
1269 1566 1797 1645 admirationem,
1854 1574 2116 1631 tantum

164 1656 351 1721 tribui
420 1657 554 1719 iam
620 1656 899 1738 cognito.
1067 1654 1148 1718 ed
1206 1652 1361 1735 quid
1428 1653 1700 1718 ambitio
1765 1672 1899 1716 non
1960 1652 2118 1718 facit

160 1742 585 1824 quantumvis
629 1740 981 1823 indignum
997 1789 1012 1819 ‚
1069 1740 1263 1805 modo
1321 1739 1568 1804 serviat
1626 1737 1761 1802 alta
1803 1751 2115 1820 appeten-

157 1829 339 1893 tibus.
414 1827 508 1891 At
549 1825 813 1891 deiiciet
855 1825 1164 1891 Christus
1207 1824 1529 1890 demissus
1571 1831 1709 1887 tam
1752 1823 2116 1889 contrarios

155 1912 514 1978 modestiae
559 1910 996 1995 evangelicae.

39 2049 44 2080 ἓ
320 1998 434 2063 De
478 1997 738 2063 foedere
784 1997 1038 2081 gallicO,
1085 1998 1191 2061 cui
1235 1996 1454 2061 ferunt
1503 1995 1838 2080 anglicum
1883 1992 2116 2059 adiun-

39 2085 42 2134 1·
151 2085 464 2170 gendum,
511 2083 682 2150 forte
727 2103 861 2147 non
905 2092 972 2147 te
1015 2083 1192 2146 latet.
1261 2081 1465 2146 Faxit
1500 2079 1807 2146 Christus
1841 2101 1925 2144 ne
1960 2078 2115 2163 quid

152 2171 618 2254 aegyptiacum
685 2171 802 2245 sit,
881 2169 1144 2232 ruinam
1206 2168 1419 2252 magis
1486 2166 1853 2232 accelerans
1918 2186 2115 2248 quam

1389 2252 1502 2317 uid
1555 2254 1769 2318 facere
1814 2251 2116 2317 decreve-

39 2401 42 2406 .
1420 2359 1537 2422 pes
1570 2358 1719 2403 mea
1753 2337 1942 2403 deiici
1976 2358 2113 2402 non

39 2427 44 2486 ἱ
143 2437 377 2510 potest,
426 2428 587 2510 quin
632 2424 1024 2490 mirabiliter
1064 2426 1252 2490 nobis
1296 2433 1468 2489 astet
1500 2423 1716 2488 Deus:
1757 2443 1884 2489 nec
1925 2421 2114 2487 valeo

39 2557 42 2600 3
141 2512 320 2579 aliud
358 2514 656 2597 cogitare
689 2531 886 2594 quam
923 2511 1266 2594 sacrilegia
1300 2519 1369 2575 et
1401 2518 1699 2593 apertam
1729 2508 2113 2591 disciplinae

39 2635 42 2678 ι
140 2600 607 2675 reiectionem,
665 2599 736 2662 in
795 2618 992 2680 quam
1050 2608 1187 2661 tam
1245 2596 1439 2660 multi
1493 2603 1727 2660 contra
1768 2594 2110 2659 Christum

137 2686 598 2762 conjurarunt,
640 2704 773 2748 non
810 2703 997 2748 secus
1032 2682 1155 2748 hac
1191 2684 1262 2746 in
1298 2692 1483 2765 parte
1518 2682 1755 2745 armati
1789 2683 1859 2745 in
1880 2680 2111 2746 Chris-

137 2785 300 2850 tum,
349 2770 499 2835 imo
539 2770 769 2854 magis,
814 2789 1015 2852 quam
1052 2769 1122 2832 in
1157 2767 1644 2850 apertissimum
1681 2767 1955 2844 hostem,
2001 2765 2112 2829 da-

135 2873 282 2923 tura
328 2876 592 2941 poenas
648 2855 1074 2939 gravissimas
1091 2905 1105 2931 ‚
1166 2863 1242 2918 ut
1298 2863 1548 2918 taceam
1565 2903 1580 2927 ,
1636 2872 1769 2916 non
1825 2861 2109 2934 peccata,

134 2942 245 3008 sed
291 2942 569 3028 flagitia
610 2949 747 3005 tam
792 2939 1096 3024 vulgaria
1143 2960 1310 3022 quae
1353 2940 1521 3003 iram
1559 2938 1687 3002 Dei
1728 2936 2106 3003 accendant.

130 3025 264 3095 Sed
313 3027 523 3094 Deus
566 3027 751 3093 Deus
796 3037 1018 3093 noster
1060 3033 1187 3091 est:
1235 3045 1370 3090 non
1419 3022 1841 3090 obliviscetur
1881 3022 2109 3087 nostri.

37 3114 38 3129 ³
127 3113 208 3179 In
267 3115 724 3182 Crescentino
787 3113 1051 3196 negotio
1065 3113 1127 3193 Β)
1188 3111 1357 3176 mire
1420 3108 1669 3175 luditur
1719 3109 2106 3193 praefectus.

125 3200 233 3265 Ita
276 3201 434 3285 egit
481 3212 563 3264 ut
604 3200 679 3263 in
726 3200 1090 3264 Gai-sanum
1132 3196 1439 3263 videatur
1481 3196 1780 3261 reiecisse
1824 3214 2107 3261 causam.

128 3285 389 3353 Scribit
463 3285 582 3351 ille
644 3287 718 3350 in
779 3285 953 3351 votis
1017 3284 1261 3350 habere
1306 3291 1383 3348 ut
1424 3282 1827 3369 exstirpetur
1876 3281 2111 3366 religio

127 3393 330 3455 quam
381 3380 592 3437 vocat
634 3370 840 3436 titulis
886 3369 1279 3447 Serbonicis,
1324 3368 1545 3452 aitque
1598 3367 1997 3451 praefectum
2042 3365 2110 3431 id

125 3460 417 3539 referre,
498 3479 576 3523 ac
628 3456 809 3522 iubet
871 3466 946 3522 ut
1001 3477 1228 3521 rasum
1279 3455 1392 3520 det
1444 3454 1555 3537 qui
1610 3453 1837 3519 doceat
1890 3453 2112 3518 Deum

125 3556 399 3612 sanctos
451 3563 536 3608 ao
577 3552 841 3608 sanctas
882 3543 957 3606 in
990 3542 1354 3607 remedium
1407 3540 1798 3618 animarum,
1841 3546 1912 3603 et
1952 3537 2112 3603 mis-

124 3650 265 3696 sam
325 3651 511 3696 una:
572 3629 742 3711 petit
784 3627 1154 3711 praefectus
1196 3636 1273 3692 ut
1328 3625 1502 3709 qnod
1553 3626 1694 3709 egit
1734 3630 1956 3690 ratum
2003 3625 2110 3688 sit.

121 3715 226 3782 Ita
263 3715 567 3782 luditur.
655 3714 742 3779 In
785 3714 931 3779 aliis
974 3714 1195 3798 agitur
1248 3720 1601 3795 utcunque.
1690 3709 1833 3775 Ora
1878 3710 2112 3776 Domi-

121 3823 283 3869 num
322 3823 470 3886 pro
507 3802 716 3867 nobis.
802 3799 1059 3865 Iterum
1105 3798 1269 3865 vale.

295 3892 518 3955 Haec
561 3886 786 3953 addidi
818 3906 1023 3968 quum
1055 3892 1318 3968 praeter
1351 3904 1537 3968 spem
1568 3885 1850 3949 nuncius
1893 3879 2112 3947 differ·

115 3986 222 4039 ret
269 3975 680 4126 Iabit-ionem
757 3992 959 4055 quam
1034 3970 1351 4053 putabam
1415 3969 1830 4053 repentinam
1895 3966 2107 4034 valde.

119 4063 221 4123 25.
313 4058 622 4126 aunarii.

149 2277 336 2339 opem
382 2257 626 2321 ferens.
715 2255 917 2320 Novit
961 2254 1290 2319 Dominus

949 4297 1358 4309 ffl-

1054 4534 1206 4605 877.

522 4687 1056 4757 DRYANDER
1096 4684 1736 4756 BULLINGERO.

296 4863 672 4935 cazzanum
722 4860 944 4929 Tuo-ici
987 4864 1456 4927 commorantem
1498 4879 1619 4926 mm
1661 4857 1894 4925 vidisse
1936 4857 2110 4924 dolet.
2220 4910 2244 4916 -
2267 4910 2278 4913 -
2303 4910 2336 4914 ,

113 5045 166 5052 ...-
361 5043 564 5051 ,-.,---

161 5233 173 5245 .
334 5160 407 5227 6)
461 5154 744 5238 Gom-yion
794 5152 1021 5218 θῆναι,
1064 5151 1394 5234 coqu-omine.
1438 5149 1488 5205 0
1628 5165 1673 5217 ε,
1724 5147 1980 5205 Orbanus
2013 5150 2112 5203 mi-

106 5239 291 5289 nster
336 5228 697 5292 Gramma,
851 5238 918 5277 ea
951 5219 1219 5276 Aventtct.
1286 5218 1559 5288 (herren.
1717 5218 1741 5287 )

332 5299 407 5430 ’ἐξ
447 5295 559 5419 ᾖ»
573 5294 695 5429 3315,
726 5307 925 5416 ωὲιιεο
964 5289 1038 5346 Ν.
1072 5286 1193 5358 843,
1226 5292 1336 5344 not.
1375 5287 1461 5344 10.

1843 443 2005 504 1547
2047 433 2516 507 FEBRUAR.

4050 437 4180 509 478

2228 627 2589 697 (Execrptmn
2625 643 2693 680 ex
2726 623 2859 680 Ced-
2900 624 3122 680 Archiv.
3162 624 3340 681 Turio.
3386 625 3482 681 VI.
3521 623 3649 692 156,
3693 625 3786 679 fol.
3833 624 3920 683 40,
3986 623 4182 686 mast

2225 697 2497 766 inum
2550 695 2654 749 Ed.
2689 694 3071 818 30011111θῖΘῆ
3068 804 3083 817 .
3113 694 3304 834 m
3334 695 3649 831 Ξῧιθῗὼιῐῆ
3693 695 3782 749 fir
3822 695 3949 750 hist.
3985 697 4176 753 Theol,

2226 951 2609 1020 Clarissimo
2650 952 2796 1018 vire
2837 952 2922 1016 D.
2959 950 3253 1018 Henrico
3284 949 3672 1036 Bullingero
3713 951 4023 1019 ecclem‘ae
4064 953 4179 1018 'm-

2636 1038 2909 1123 gurinae
2950 1037 3195 1120 pastori
3238 1037 3763 1122 vigilantissimo.

2395 1174 2471 1241 S.
2526 1175 2611 1241 D.
2658 1172 2736 1239 Si
2778 1174 3115 1241 scivissem
3160 1171 3241 1238 de
3285 1174 3577 1240 adventu
3620 1173 3705 1240 D.
3757 1173 4024 1254 calvini,
4069 1196 4179 1241 ve·-

2221 1261 2466 1327 nissem
2511 1259 2597 1326 ad
2636 1281 2758 1327 vos
2800 1281 2950 1326 cum
2995 1257 3433 1337 Bernardino‚
3493 1262 3647 1343 quia
3702 1282 3852 1326 eum
3894 1259 4174 1327 mirifice

2220 1344 2448 1412 videre
2500 1344 2710 1429 cupio.
2813 1343 3146 1411 Salutabis
3205 1366 3354 1411 eum
3410 1347 3573 1427 meis
3629 1344 3852 1412 verbis
3908 1365 4172 1412 accura-

2219 1431 2494 1508 tissime,
2546 1431 2631 1496 ad
2674 1451 2869 1513 quem
2914 1430 3054 1497 sine
3097 1451 3283 1496 mora
3328 1432 3619 1498 venirem
3662 1432 3717 1497 si
3762 1431 4174 1515 permitteret

2223 1511 2530 1583 SaileruS.
2557 1522 2605 1595 ¹)
2692 1515 2825 1582 Sed
2867 1535 3062 1601 cogor
3104 1515 3211 1580 hic
3256 1537 3520 1584 manere
3585 1515 3789 1582 donec
3846 1518 4172 1600 pepererit

2219 1624 2408 1668 uxor.
2430 1606 2488 1680 ²)
2576 1603 2727 1667 Etsi
2767 1603 2945 1667 enim
2987 1604 3316 1685 peramica
3358 1613 3457 1668 est
3496 1602 3674 1668 inter
3717 1624 3836 1668 nos
3880 1623 4170 1668 commu·

2219 1689 2481 1766 nicatio,
2525 1697 2592 1752 et
2634 1689 2962 1760 suavitate
3004 1708 3080 1754 ac
3122 1686 3579 1754 benevolentia
3620 1689 3844 1754 uxoris
3886 1687 4171 1754 feminae

2220 1771 2772 1857 prudentissimae
2837 1780 3156 1839 tractatus
3208 1794 3358 1839 sum
3422 1773 3760 1857 aliquanto
3803 1772 4170 1839 deliciosius

2220 1880 2418 1941 quam
2463 1857 2717 1925 homini
2758 1858 3046 1924 studioso
3090 1858 3501 1937 conveniret,
3558 1867 3780 1924 tamen
3840 1859 3962 1924 hoc
4003 1858 4171 1924 mihi

2219 1944 2506 2011 iniurato
2553 1943 2779 2022 crede,
2831 1943 3201 2027 Bullinyere
3243 1943 3641 2022 doctissime,
3687 1942 3894 2011 multo
3939 1966 4046 2010 me
4090 1944 4168 2010 li-

2220 2029 2484 2097 bentius
2543 2052 2583 2095 a
2629 2029 2717 2094 ud
2766 2051 2885 2095 vos
2942 2041 3057 2094 aut
3112 2031 3178 2093 in
3238 2029 3483 2095 nostris
3554 2029 3817 2097 sedibus
3866 2029 4171 2096 Basileae

2218 2117 2489 2182 versari.
2636 2115 2841 2180 alutat
2894 2123 2962 2179 te
3008 2114 3293 2180 Sailems
3345 2135 3493 2180 cum
3550 2138 3775 2182 uxore.
3828 2149 3913 2162 -—
3959 2153 4037 2164 --
4083 2151 4169 2161 —-

2220 2199 2522 2285 Sangalli
2567 2200 2673 2266 die
2719 2205 2777 2265 6.
2822 2201 3169 2266 Februarii
3222 2205 3402 2264 1547.

3041 2336 3223 2402 Tuus
3265 2299 3662 2403 Franciscus
3698 2334 4079 2422 Dryander.

2972 2627 3378 2640 -ψ,

3120 2847 3275 2919 878.

2701 2999 3173 3068 GALVINUS
3218 2998 3680 3066 FARELLO.

2385 3173 2496 3239 Ex
2531 3172 2755 3239 itinero
2799 3193 2924 3254 per
2973 3173 3320 3239 Helvetium
3374 3173 3579 3238 redux
3632 3172 3951 3238 certiorem
4005 3171 4164 3253 facit

2214 3261 2291 3325 de
2323 3261 2412 3325 iis
2451 3279 2612 3341 quae
2647 3257 2945 3323 Basileus
2972 3259 3193 3324 Turici
3226 3264 3283 3323 et
3324 3256 3577 3323 Bernae
3616 3256 3777 3322 vidit
3818 3262 3875 3322 et
3917 3258 4163 3324 audivit

2213 3352 2344 3498 m
2363 3345 2792 3516 muctam
2831 3344 3027 3425 fracti
3082 3344 3286 3409 animi
3328 3348 3585 3425 propter
3636 3362 3741 3407 res
3783 3343 3854 3407 in
3902 3342 4163 3408 Germa-

2218 3604 2328 3669 (Ex
2364 3601 2702 3723 autographo
2738 3598 2869 3655 Ood.
2905 3598 3107 3654 Genev.
3143 3596 3274 3669 106,
3316 3598 3411 3652 fol.
3448 3596 3563 3651 183.
3601 3627 3665 3637 -
3701 3596 3833 3651 Coll.
3870 3595 4003 3651 Ood.
4043 3595 4159 3662 111,

2214 3672 2306 3726 fol.
2343 3670 2462 3741 163,
2549 3687 2662 3723 eru.
2700 3669 2840 3739 Epp.
2864 3667 3171 3808 {5¹30}
3202 3674 3275 3791 fit
3306 3667 3526 3807 ξιιιὲὶῧί
3561 3666 3680 3721 Vol.
3715 3664 3801 3720 63.
3852 3694 3918 3704 —
3963 3664 4164 3719 Versio

2214 3929 2484 3995 Eximio
2528 3922 2798 3989 Domini
2843 3925 3050 3990 nostri
3095 3923 3249 3989 Iesu
3284 3921 3535 3989 Christi
3581 3942 3771 3989 servo
3808 3920 4169 3988 Guillelmo

2215 4012 2477 4081 Farello
2511 4010 2975 4078 Neocomensis
3020 4009 3329 4110 ecclesiae
3372 4007 3502 4075 fido
3546 4008 3797 4092 pastori
3840 4005 4032 4073 fratri
4066 4026 4171 4074 ca-

3056 4116 3332 4160 rissimo.

2387 4233 2459 4302 S.
2525 4235 2725 4299 Prius
2768 4231 2852 4297 ad
2886 4253 3005 4298 nos
3039 4251 3345 4296 reversus
3387 4229 3586 4296 fuerit
3634 4229 3861 4295 Textov-
3882 4229 3933 4312 ¹)
3968 4248 4168 4312 quam

2214 4320 2603 4405 pervenient
2646 4318 2730 4384 ad
2772 4326 2836 4384 te
2871 4339 3055 4383 meac
3088 4316 3335 4381 literae.
3424 4314 3622 4397 Quod
3662 4315 3829 4381 istac
3868 4314 3998 4380 iter
4031 4334 4168 4378 non

2214 4407 2480 4474 fecerim
2522 4404 2781 4472 rediens
2815 4405 2894 4470 ab
2916 4402 3259 4479 Helvetiis,
3277 4403 3334 4479 ²)
3378 4400 3543 4467 haec
3583 4400 3712 4465 fuit
3752 4420 3952 4467 causa
3991 4396 4168 4481 quod

2215 4511 2593 4576 receperam
2649 4488 2963 4555 fratribus
3032 4487 3115 4553 ad
3168 4507 3320 4552 eum
3364 4484 3538 4553 diem
3591 4506 3701 4551 me
3753 4485 4165 4550 adfuturum:

2218 4579 2330 4663 qui
2387 4577 2649 4660 elapsus
2708 4576 2938 4640 fuisset
2992 4574 3119 4639 nisi
3162 4571 3354 4638 valde
3442 4593 3518 4637 ro
3601 4590 3869 4636 rassem.
3965 4565 4167 4650 Quod

2216 4664 2300 4729 ad
2341 4670 2719 4747 praesentes
2762 4661 2989 4727 turbas
3032 4666 3313 4743 spectat,
3372 4592 3442 4722 ff
3514 4660 3525 4671 '
3560 4657 3838 4723 ‘ensium
3884 4661 4006 4753 aut
4038 4653 4167 4753 mi-

2216 4771 2332 4816 rus
2375 4757 2606 4831 stupor
2621 4800 2637 4826 ‚
2693 4754 2808 4812 aut
2860 4746 3029 4811 mira
3083 4742 3416 4811 simulatio
3434 4796 3449 4821 ,
3505 4761 3878 4826 quanquam
3923 4736 4168 4822 ahquid

2249 5004 2390 5062 87¹7.
2432 5007 2486 5072 1)
2522 5004 2771 5059 minister
2809 5000 3197 5072 Sanqanemis.

2426 5074 2486 5138 2)
2524 5073 2731 5127 Scituri
2758 5077 2912 5140 piata.

2250 5143 2386 5199 878.
2422 5143 2484 5226 J)
2525 5140 2692 5210 Quem
2730 5140 3037 5196 Maiiam
3070 5139 3256 5194 relicto
3294 5136 3560 5191 Neocom·
3594 5148 3703 5203 pro
3736 5138 3971 5201 tompore
4003 5144 4166 5202 aym-

2215 5222 2318 5270 m
2424 5281 2461 5333 2
2524 5250 4168 5335 iamdielo.Febmariiinmoeturdatiosasstcititi-

2217 5351 2427 5415 πανὺ(
2556 5346 2682 5401 ,ἀει
2723 5342 2979 5411 Consua)
