4825 6175
603 426 740 495 ‘1503

611 612 952 683 Salutabis
1013 611 1286 678 fratrem
1351 608 1680 676 Galatiam
1747 613 1815 672 et
1869 604 2121 688 Gopum.
2231 604 2562 670 Dominus

608 706 839 768 servet
882 706 948 764 te
987 695 1383 765 incolumem
1426 694 1735 760 ecclesiae
1778 713 1963 771 suae,
2022 697 2091 757 et
2141 710 2252 756 eos
2302 690 2413 773 qui
2466 697 2561 755 te-

611 806 766 852 cum
809 793 982 850 sunt.
1072 783 1311 849 Gratia
1352 781 1622 846 Domini
1678 780 1765 845 sit
1820 798 1966 844 cum
2012 775 2315 843 omnibus
2358 773 2562 841 vobis.

612 872 889 939 Parisiis
934 868 1180 936 decimo
1224 865 1363 934 Gal.
1414 866 1678 949 Aprilis,
1710 864 1794 946 ¹¹)

1276 1004 1457 1068 Tuus
1504 1022 1584 1066 ex
1628 1000 1844 1064 animo
1888 998 2096 1064 frater
2139 999 2231 1064 M.
2281 998 2357 1063 Β.
2393 1001 2476 1070 ¹⁴³)

1408 1087 1569 1152 alias
1613 1085 1895 1151 Ioannes
1938 1084 2348 1151 Parrhasius.

1513 1615 1669 1686 888.

1045 1793 1048 1802 ·
1101 1769 1571 1838 OALVINUS
1615 1767 2077 1835 POLLANO.

792 1942 1214 2024 Reprehendit
1256 1962 1395 2006 eum
1438 1947 1696 2022 propter
1738 1940 2022 2021 puellam
2067 1958 2258 2019 quam
2301 1939 2387 2003 ad
2430 1958 2566 2004 con-

617 2031 866 2113 iuyium
908 2028 1343 2095 sollicitaverat
1400 2029 1593 2091 invito
1640 2026 1917 2092 Fallesio
1959 2031 2012 2090 et
2055 2024 2172 2089 tati
2212 2026 2456 2107 ratione
2499 2029 2567 2087 ut

616 2118 760 2198 ipsa
803 2116 876 2180 de
915 2135 983 2178 eo
1040 2119 1420 2194 quereretur.
1511 2112 1673 2176 Item
1727 2112 2005 2176 vindicat
2059 2131 2126 2175 se
2180 2108 2259 2173 ab
2317 2128 2568 2174 accusw

617 2203 775 2266 tione
808 2200 1260 2266 cumulatorum
1303 2216 1486 2278 opum
1522 2218 1824 2279 suamque
1857 2198 2210 2261 tenuitatem
2250 2194 2565 2259 honestam

616 2292 671 2353 et
709 2286 1048 2351 modestam
1087 2284 1378 2349 declarat.

616 2456 1014 2526 (Apographon
1049 2459 1230 2505 exstat
1265 2453 1321 2505 iu
1358 2452 1489 2505 Cod.
1529 2451 1664 2506 Gen.
1702 2450 1827 2516 194,
1877 2453 1964 2505 fol.
2000 2449 2069 2503 53
2115 2452 2257 2504 inter
2302 2451 2561 2519 epistolas

611 2526 681 2578 ad
718 2525 1008 2577 Fallesium
1044 2524 1290 2590 scriptas.
1344 2523 1408 2574 In
1447 2529 1600 2588 tergo
1637 2522 1835 2589 legitur
1867 2538 1900 2573 a
1935 2536 2133 2573 coaeva
2169 2536 2354 2572 manui
2398 2518 2564 2586 Gopie

612 2593 776 2647 d’une
811 2593 962 2646 lettre
996 2592 1221 2658 escripte
1257 2608 1291 2644 a
1341 2589 1647 2643 Vallerand.
1719 2590 1898 2641 Etiam
1947 2589 2229 2657 inscriptio
2275 2588 2456 2640 adest:
2505 2587 2560 2639 A

615 2662 1004 2729 Monseiqneur
1045 2659 1257 2712 Monsr.
1295 2657 1361 2710 de
1397 2658 1625 2711 Fallaia·
1662 2673 1697 2709 a
1735 2658 1915 2711 Basle.
1968 2658 2042 2709 Et
2074 2673 2237 2709 manu
2274 2672 2559 2709 amanuen-

611 2731 684 2783 sis
723 2729 938 2783 Fallesii
976 2729 1245 2780 additum:
1302 2725 1476 2779 Receu
1515 2726 1561 2778 le
1596 2726 1813 2779 dernier
1847 2741 1998 2779 mars
2037 2723 2186 2778 1547.
2257 2725 2403 2793 Ergo
2439 2741 2558 2777 cum

609 2801 711 2852 hoc
747 2798 1194 2851 communicatam
1213 2796 1376 2846 fuisse
1413 2803 1582 2863 patet.
1642 2794 1803 2847 Edita
1823 2801 1906 2847 est
1929 2795 2009 2847 in:
2050 2795 2265 2848 Lettres
2302 2793 2559 2862 aJaques

610 2868 677 2921 de
713 2867 1033 2934 Bourgogne
1069 2882 1122 2933 p.
1162 2862 1275 2917 107.
1333 2863 1557 2931 Anglice
1595 2879 1752 2915 versa
1785 2863 1984 2931 legitur
2004 2863 2104 2915 Ed.
2145 2863 2341 2915 Edinb.
2361 2862 2430 2915 11.
2450 2859 2558 2928 90.)

781 3033 849 3103 S.
935 3034 1151 3099 Hodie
1208 3033 1492 3116 primum
1554 3032 1777 3098 literas
1835 3041 1983 3098 tuas
2038 3034 2285 3117 accepi,
2346 3032 2555 3099 scrius

607 3144 804 3207 quam
859 3121 1180 3203 oportuit:
1253 3119 1366 3183 sed
1421 3119 1674 3183 interea
1742 3128 1902 3203 puto
1960 3119 2203 3202 aliquid
2281 3118 2481 3184 Vireti
2507 3123 2555 3197 ¹)

608 3208 817 3274 nostri
894 3204 1301 3272 sermonibus
1380 3205 1578 3269 fuisse
1642 3205 2039 3287 profectum,
2120 3215 2196 3269 ut
2259 3206 2553 3270 animum

607 3296 811 3360 istum
856 3304 1163 3356 mutares.
1262 3290 1407 3373 Ego
1466 3290 1687 3355 audito
1736 3288 2126 3356 Senarclenio
2151 3293 2209 3374 ²)
2268 3292 2555 3357 breviter

607 3379 933 3461 respondi,
992 3376 1159 3441 mihi
1204 3397 1334 3440 non
1388 3395 1622 3458 parum
1676 3376 1892 3441 dolere
1947 3374 2115 3458 quod
2172 3386 2306 3441 tam
2364 3398 2553 3460 prae·

607 3465 782 3531 clara
826 3462 1245 3545 expeditione
1295 3462 1656 3539 defunctus,
1703 3472 1996 3526 extremo
2039 3471 2188 3527 actu
2235 3460 2554 3546 quidquid

606 3550 821 3614 laudis
873 3547 1271 3632 promeritus
1335 3548 1550 3612 fueras
1616 3547 1711 3611 ita
1776 3546 2220 3613 deformasses.
2324 3548 2553 3630 Neque

605 3656 765 3700 vero
805 3644 938 3698 tam
985 3653 1130 3698 sum
1177 3633 1341 3697 levis
1383 3641 1460 3697 ut
1501 3633 1709 3696 altera
1766 3641 2024 3696 tantum
2079 3642 2268 3716 parte
2327 3633 2552 3698 audita

605 3718 1053 3802 pronunciem.
1121 3717 1348 3801 Neque
1395 3718 1556 3781 mihi
1598 3718 1905 3799 splendor
1948 3719 2286 3783 hominum
2331 3719 2551 3784 oculos

606 3805 1021 3888 perstringit,
1093 3803 1205 3868 sed
1266 3803 1514 3867 medios
1571 3802 1865 3867 homines
1924 3802 2079 3867 dum
2135 3803 2328 3869 audio
2388 3803 2551 3868 nihil

607 3890 1009 3957 accusatorie
1067 3888 1433 3971 loquentes,
1494 3891 1587 3951 ita
1644 3889 1886 3952 sentire
1942 3890 2114 3971 apud
2175 3911 2280 3953 me
2336 3911 2532 3973 cogor

606 3995 817 4058 neque
861 3974 1217 4057 prudenter
1258 3994 1466 4056 neque
1512 3973 1784 4060 honeste
1827 3974 1942 4039 abs
1985 3984 2051 4039 te
2093 3974 2338 4040 factum
2381 3941 2553 4058 quod

607 4061 890 4143 puellam
936 4060 1018 4125 ad
1063 4061 1434 4142 coniugium
1492 4058 1961 4125 sollicitaveris.
1987 4065 2042 4140 ⁸)
2132 4058 2383 4126 Verum
2429 4061 2552 4128 hoc

605 4147 965 4211 etiamnum
1019 4166 1125 4209 me
1184 4148 1366 4227 peius
1432 4146 1661 4222 habet,
1730 4144 1899 4226 quod
1955 4167 2025 4210 se
2079 4145 2305 4212 multis
2369 4147 2553 4213 falsis

606 4230 1169 4296 criminationibus
1227 4236 1293 4295 et
1349 4230 1597 4295 artibus
1646 4230 1923 4313 obliquis
1978 4231 2277 4313 queritur
2331 4233 2449 4299 abs
2485 4239 2553 4297 te

606 4318 1141 4383 circumventam.
1256 4315 1577 4381 Bucerum
1643 4324 1712 4380 et
1769 4315 2246 4382 Bernardinum
2264 4321 2321 4398 ⁴)
2387 4318 2551 4382 mihi

777 4569 870 4636 11)
906 4571 1130 4623 Annum
1169 4569 1301 4623 1547
1345 4571 1546 4625 sistunt
1585 4586 1652 4624 ea
1881 4571 1959 4625 ad
1997 4575 2235 4640 priorem
2268 4589 2297 4627 e
2348 4575 2360 4587 '
2497 4592 2550 4628 m

607 4639 681 4694 N.
718 4637 820 4692 793
852 4645 1180 4718 provocant,
1233 4646 1284 4694 et
1323 4655 1465 4708 quae
1499 4638 1566 4693 de
1600 4588 1883 4695 Eme
1927 4642 2237 4709 propediem
2461 4659 2555 4698 am

604 4709 823 4764 abituro
856 4707 1131 4762 dicuntur.

780 4775 869 4843 12)
906 4775 995 4829 De
1032 4775 1314 4830 Matthaeo
1350 4775 1580 4829 Badaeo
1615 4782 1805 4832 autore
1838 4794 1950 4833 non
1984 4783 2064 4832 est
2096 4777 2243 4848 quod
2275 4778 2502 4834 dubites.

638 4843 778 4900 888.
817 4843 869 4909 1)
917 4841 1025 4912 Qui
1056 4860 1230 4911 nuper
1266 4843 1521 4897 Basileae
1543 4848 1750 4913 fuerat.

809 4911 868 4979 2)
907 4913 1016 4967 Hic
1061 4916 1279 4966 ineunte
1323 4928 1503 4966 mense
1551 4912 1760 4968 Martio
1813 4914 1991 4967 redux
2036 4930 2103 4968 ex
2153 4913 2455 4969 Germania
2501 4921 2554 4970 et

605 4980 849 5035 Falleeio
877 4981 1232 5046 familiariter
1265 4988 1441 5045 notus,
1477 4982 1641 5046 facile
1677 4981 1960 5036 Calvinum
1999 4981 2066 5036 de
2099 4985 2310 5051 neqotio
2326 4982 2554 5039 Ponam·

603 5051 880 5105 certiorem
930 5050 1115 5115 facere
1170 5056 1401 5117 poterat.
1505 5051 1691 5104 Ver-sio
1755 5067 1827 5104 an
1868 5052 1974 5106 lica
2034 5068 2140 5120 pro
2206 5049 2549 5109 Senarclcnio

608 5117 1119 5251 sanmssdffiwg‘gg
1152 5119 1373 5239 exhibit.
1425 5117 1534 5171 Ed.
1572 5121 1742 5172 Amet.
1760 5138 1775 5168 .-
1854 5121 2262 5174 enandrenium.

962 5226 974 5238 .
1114 5228 1127 5251 ,
1164 5195 1270 5242 not.
1341 5228 1355 5242 .

808 5253 869 5315 4)
913 5256 1155 5309 Ochinus
1187 5273 1239 5309 a.
1293 5253 1429 5309 1545
1474 5262 1722 5324 vergente
1769 5257 2077 5325 Auqustam
2126 5274 2181 5312 se
2231 5260 2549 5330 contulerat,
2605 5307 2613 5329 Γ

595 5323 703 5380 ubo·
731 5323 909 5379 italici
938 5329 1123 5379 coetus
1154 5325 1455 5378 ministerio
1486 5325 1818 5394 fungebatur
1834 5341 2002 5395 usque
2036 5325 2165 5380 dum
2200 5326 2385 5382 dedita
2419 5329 2553 5385 urbe

2156 413 2684 483 EPISwLAE
2728 414 3071 480 887-890

4472 415 4569 476 504

2664 600 2927 686 allegas.
2992 597 3189 665 Oerte
3233 598 3289 662 si
3332 595 3503 662 nihil
3546 599 3790 684 egisses
3834 599 3959 665 nisi
4003 619 4086 664 ex
4131 598 4423 681 ipsorum
4452 617 4576 665 con-

2665 688 2829 765 silio,
2873 704 3212 767 nunquam
3254 681 3379 749 hoc
3419 682 3653 750 fuisses
3696 704 4064 769 aggressus.
4151 682 4443 749 Putasne
4470 682 4578 752 illis

2665 773 3010 857 probatum
3060 769 3146 834 iri
3199 775 3383 834 tuam
3437 769 3752 836 causam?
3856 769 4108 854 Scripsi
4163 771 4345 854 prius
4397 766 4469 834 de
4504 770 4579 836 iu-

2669 859 2852 925 niore
2887 856 2969 923 ad
3004 874 3204 939 quam
3239 855 3666 938 aspiraveras,
3700 856 3854 939 quid
3890 876 4013 942 ego
4047 854 4582 940 reprehenderem.

2668 944 2749 1010 In
2788 944 2910 1009 hac
2944 940 3262 1006 tentanda
3294 939 3536 1006 videris
3572 941 3811 1007 oblitus
3849 942 4070 1022 fuisse,
4115 940 4273 1024 quid
4307 941 4392 1007 ad
4430 941 4584 1007 illam

2670 1027 3010 1097 discedens
3030 1027 3156 1093 scri
3205 1025 3419 1091 sisses.
3492 1025 3906 1111 Quanquam,
3943 1028 4198 1093 etiamsi
4234 1026 4404 1094 nihil
4435 1027 4589 1094 aliud

2671 1114 3045 1191 obstitisset,
3086 1110 3166 1176 de
3211 1132 3405 1177 ueras
3443 1114 3707 1178 omnino
3751 1114 3833 1179 ab
3877 1114 4058 1180 omni
4102 1114 4390 1198 coniugii
4430 1135 4589 1179 meu·

2671 1201 2847 1266 tione
2900 1208 3297 1281 temperare,
3368 1196 3575 1265 donec
3642 1221 3769 1282 quo
3823 1197 4135 1264 tendebat
4186 1199 4589 1282 pervenisset.

2673 1288 2765 1353 At
2807 1286 2861 1353 si
2905 1304 3136 1350 verum
3182 1293 3284 1348 est
3325 1282 3494 1367 quod
3539 1285 3682 1368 ipsa
3723 1293 4017 1364 testatur,
4075 1285 4379 1368 pessimis
4419 1285 4591 1350 ratio-

2676 1373 2869 1439 nibus
2913 1369 3293 1438 conciliatae
3327 1369 3608 1435 fuissent
3651 1371 3938 1455 nuptiae.
4006 1371 4292 1436 Proinde
4327 1392 4462 1436 non
4494 1369 4594 1436 ali·

2674 1472 2773 1524 ter
2817 1478 2856 1521 a
2898 1458 3185 1524 Domino
3229 1477 3371 1522 esse
3410 1457 3785 1541 coniugium
3804 1508 3818 1534 ,
3873 1458 4044 1540 quod
4104 1456 4295 1534 dicis,
4356 1456 4595 1523 credam

2673 1544 2950 1629 quum3)
2995 1542 3353 1609 ostenderis
3398 1562 3540 1607 eam
3586 1543 3883 1622 mentiri,
3942 1564 4143 1625 quum
4202 1544 4502 1619 affirmat,
4541 1561 4598 1607 se

2672 1631 2900 1697 multis
2942 1629 3285 1698 calumniis
3331 1630 3446 1695 abs
3490 1637 3555 1695 te
3595 1629 3793 1696 fuisse
3837 1635 4398 1712 praeoccupatam.
4476 1628 4601 1693 Etsi

2672 1719 2926 1783 fortiter
2960 1724 3174 1801 negat,
3221 1716 3337 1782 tibi
3385 1715 3584 1782 ullam
3619 1715 3815 1782 fidem
3854 1738 3924 1781 se
3960 1713 4234 1792 dedisse,
4282 1723 4405 1780 aut
4436 1712 4602 1797 quid·

2672 1825 2869 1887 quam
2914 1800 3233 1888 pactionis
3277 1803 3453 1867 inter
3500 1824 3615 1868 vos
3658 1801 4119 1879 intercessisse,
4165 1801 4323 1884 quin
4363 1820 4603 1882 semper

2671 1891 3018 1974 exciperet,
3063 1907 3133 1953 sc
3177 1887 3399 1952 omnia
3441 1910 3521 1952 ex
3568 1887 3836 1954 consilio
3879 1887 3963 1952 D.
3991 1885 4261 1952 Fanesii
4303 1893 4598 1950 acturam.

2671 1976 2765 2041 'Pe
2818 1995 2976 2042 vero
3027 1974 3407 2051 asseruisse,
3481 1983 3877 2056 compertam
3940 1971 4057 2037 tibi
4126 1993 4267 2037 esse
4334 1971 4601 2036 hominis

2670 2062 3096 2128 voluntatem.
3200 2059 3485 2124 Tantum
3542 2060 3685 2125 eius
3742 2079 4010 2123 uxorem
4069 2057 4401 2124 difficilem
4463 2057 4601 2136 fore,

2668 2169 2833 2230 quae
2877 2144 3237 2211 nobilitatis
3278 2146 3490 2211 fumos
3534 2144 3748 2210 adhuc
3783 2144 4163 2227 suspiceret.
4252 2144 4444 2209 Haec
4485 2164 4605 2207 non

2666 2241 2887 2298 essent
2929 2229 3059 2296 Dei
3101 2232 3404 2314 auspicia.
3473 2230 3607 2297 Sed
3651 2230 3958 2314 prohibes
3996 2252 4077 2295 ne
4120 2228 4405 2295 credam.
4473 2229 4603 2313 Ego

2666 2329 2885 2383 autem
2928 2318 3140 2383 facere
3176 2338 3423 2399 nequeo
3458 2318 3617 2402 quin
3655 2327 4009 2398 utramque·
4033 2325 4284 2399 partem
4332 2313 4605 2379 audiam.

2663 2403 2842 2469 Dum
2888 2402 3107 2469 omnia
3141 2403 3487 2486 perpendo,
3532 2400 3851 2484 quaedam
3887 2409 4206 2485 apparent
4239 2421 4413 2483 quae
4453 2399 4607 2463 mihi

2664 2489 3009 2572 displicere
3066 2488 3292 2553 fateor.
3391 2486 3586 2567 Quod
3647 2509 3751 2552 me
3806 2487 4146 2567 admones,
4205 2498 4281 2551 ut
4337 2486 4606 2552 heroum

2662 2575 2992 2639 interdum
3036 2594 3269 2657 graves
3328 2594 3534 2638 noxas
3591 2594 3732 2638 esse
3774 2574 4084 2657 cogitem:
4152 2593 4276 2656 ego
4320 2593 4485 2638 vero
4528 2571 4604 2635 D.

2664 2660 3011 2725 Falce-sium
3052 2660 3199 2724 aliis
3242 2659 3615 2724 nominibus
3661 2679 3807 2723 amo
3842 2669 3910 2723 et
3947 2659 4088 2724 colo
4123 2678 4316 2740 quam
4355 2658 4608 2722 fucosae

2662 2743 3132 2830 magnitudinis
3166 2766 3295 2828 qua
3319 2745 3459 2810 sola
3493 2743 3787 2827 plerique
3823 2753 4165 2828 magnates
4200 2744 4603 2826 superbiunt.

2662 2831 2918 2897 Deinde
2962 2831 3176 2897 nullas
3220 2830 3543 2896 hactenus
3599 2832 3724 2895 nisi
3776 2828 4145 2896 moderatas
4204 2830 4285 2895 ab
4331 2850 4413 2894 eo
4459 2849 4605 2911 que-

2659 2917 2973 2982 rimonias
3018 2916 3257 2982 audivi.
3344 2916 3490 3000 Ego
3547 2926 3767 2980 autem
3823 2936 4085 2981 causam
4141 2915 4355 3001 magis
4414 2934 4607 2997 quam

2659 3023 2969 3086 personas
3030 3002 3310 3067 intuitus
3364 3023 3530 3066 sum.
3630 3002 3901 3069 Utinam
3968 3010 4032 3067 te
4088 3001 4233 3067 istis
4291 2999 4606 3066 molestiis

2659 3110 3000 3173 nunquam
3043 3087 3501 3170 implicuisses:
3561 3087 3673 3154 sed
3718 3086 3978 3171 quando
4021 3089 4116 3153 ita
4160 3086 4416 3166 accidit,
4464 3084 4608 3151 reli·

2702 3197 2857 3240 uum
2898 3184 2998 3240 est
3039 3184 3117 3238 ut
3159 3182 3224 3237 te
3265 3174 3521 3257 cupiam
3566 3173 3748 3241 brevi
3792 3173 4169 3257 expeditum
4186 3226 4203 3254 ‚
4255 3173 4437 3256 quod
4483 3173 4607 3237 iam

2685 3269 2901 3326 actum
2947 3280 3090 3325 esse
3132 3258 3404 3325 confido,

2828 3344 2933 3411 De
2976 3343 3182 3411 fundo
3223 3365 3416 3427 quem
3460 3352 3559 3411 tot
3600 3343 3891 3409 millibus
3934 3345 4170 3410 emisse
4213 3342 4429 3423 dicor,
4490 3363 4606 3409 nae

2658 3452 2777 3530 ego
2820 3432 3080 3514 ineptus
3123 3431 3265 3510 sim,
3310 3431 3369 3496 si
3391 3430 3600 3497 multa
3636 3432 3833 3498 verba
3875 3449 4251 3495 consumam
4298 3430 4605 3495 refellen-

2657 3517 2759 3583 dis
2805 3528 2941 3582 tam
2985 3516 3220 3583 crassis
3277 3516 3652 3583 mendaciis.
3740 3516 3952 3581 Nemo
4012 3515 4120 3581 hic
4175 3522 4306 3596 est,
4368 3527 4490 3581 aut
4540 3516 4605 3579 in

2655 3612 2793 3668 tota
2836 3602 3108 3682 vicinia,
3164 3601 3276 3684 qui
3332 3603 3590 3686 ignoret
3645 3624 3749 3667 me
3800 3600 4032 3685 pedem
4093 3608 4306 3666 terrae
4353 3601 4606 3666 nullum

2654 3688 3002 3772 possidere.
3090 3686 3482 3770 Quicunque
3515 3697 3731 3754 autem
3766 3709 3875 3752 me
3918 3697 4179 3766 norunt,
4234 3689 4463 3753 sciunt
4505 3707 4619 3759 me

2655 3795 2991 3857 nunquam
3060 3772 3365 3839 habuisse
3418 3773 3763 3856 pecuniam
3812 3775 4045 3857 iugero
4100 3772 4378 3838 emendo
4397 3826 4413 3854 ,
4481 3771 4599 3838 nisi

2657 3881 2858 3944 quum
2918 3859 3081 3925 mihi
3138 3867 3526 3924 numeratur
3578 3858 3750 3942 quod
3816 3859 4008 3924 tertio
4068 3880 4322 3942 quoque
4377 3878 4603 3924 mense

2655 3944 3038 4029 expendam.
3106 3943 3412 4011 Nondum
3449 3952 3625 4011 certe
3658 3945 3949 4027 perveni,
3987 3945 4099 4027 qui
4137 3945 4356 4010 adhuc
4392 3945 4608 4010 aliena

2655 4042 2802 4097 utor
2856 4029 3277 4115 supellectile.
3376 4030 3548 4095 Nam
3602 4051 3812 4114 neque
3870 4050 4100 4095 mensa
4156 4052 4354 4114 super
4408 4049 4603 4114 quam

2656 4118 2942 4195 edimuS,
2999 4137 3213 4199 neque
3265 4115 3515 4200 sponda
3569 4137 3767 4199 super
3809 4137 4002 4198 quam
4050 4115 4414 4183 dormimus
4460 4135 4606 4181 mea

2658 4214 2772 4270 est.
2845 4201 3038 4269 Unde
3078 4202 3281 4285 igitur
3321 4202 3431 4268 isti
3476 4202 3816 4268 rumores?
3835 4206 3889 4279 ⁶)
3952 4202 4204 4284 Nesci0,
4250 4202 4381 4268 nisi
4428 4197 4601 4286 quod

2656 4288 2821 4354 mihi
2861 4287 3143 4371 improbi
3203 4287 3497 4353 homines
3552 4286 3699 4353 ideo
3757 4287 4187 4365 maledicunt,
4247 4299 4320 4353 ut
4378 4298 4602 4354 notam

2653 4376 2923 4440 inurant
2963 4373 3318 4457 evangelio.
3417 4373 3769 4456 Nunquam
3825 4382 4046 4439 tamen
4100 4374 4384 4439 efficient
4446 4373 4601 4457 quin

2655 4461 2839 4526 dives
2882 4464 3027 4535 sim,
3071 4459 3224 4542 quia
3277 4480 3426 4525 mea
3481 4462 3793 4524 tenuitate
3838 4458 4097 4525 abunde
4139 4481 4285 4526 sum
4331 4470 4599 4527 conten-

2654 4556 2781 4622 tus,
2827 4554 2896 4611 et
2937 4566 3138 4629 quum
3184 4546 3430 4611 nemini
3474 4545 3563 4611 sit
3606 4546 3790 4610 oneri
3832 4567 3981 4611 mea
4024 4558 4405 4629 paupertas,
4455 4545 4596 4629 qui·

2654 4631 2930 4697 busdam
2974 4642 3193 4697 tamen
3234 4640 3341 4697 est
3379 4629 3765 4697 levamento.
3865 4631 4063 4709 Vale,
4120 4640 4186 4696 et
4240 4653 4346 4696 me
4388 4632 4599 4697 amico

2653 4739 2795 4784 esse
2829 4738 2989 4801 erga
3023 4726 3087 4781 te
3121 4717 3338 4781 animo
3376 4715 3495 4779 tibi
3528 4716 3864 4799 persuade.
3932 4717 4205 4782 Utinam
4251 4715 4598 4800 aliquando

2652 4811 2958 4886 suppetat
2998 4802 3234 4868 laetius
3276 4801 3599 4866 scribendi
3642 4818 4122 4887 argumentum.

2795 4990 3012 5044 ‘stratu
3044 5004 3180 5053 mm,
3214 5004 3283 5042 ne
3317 4990 3376 5041 in
3416 4987 3670 5043 Caesaris
3702 5005 3899 5043 manue
3932 4988 4221 5057 incideret,
4266 4990 4400 5043 claun
4439 4989 4595 5043 dini-

2655 5064 2799 5113 sertt.
2881 5056 3017 5111 Tam
3049 5057 3284 5124 primam
3323 5055 3701 5113 Constantiam
3735 5074 3793 5113 se
3822 5060 4038 5127 recepit,
4076 5056 4275 5111 deinde
4304 5057 4358 5111 B
4435 5059 4448 5071 ‘

2656 5142 2784 5181 mom
2831 5127 2916 5181 Ar
2951 5131 3270 5192 moratum,
3316 5127 3415 5181 ubi
3455 5127 3566 5181 iam
3602 5142 3670 5181 ui.
3710 5127 3920 5183 Martio
3970 5124 4102 5181 1547
4145 5128 4323 5193 fussee
4364 5126 4581 5181 videt-cr

2654 5143 2950 5263 (stechseq
2966 5194 3033 5247 11.
3067 5192 3214 5259 209.)

2859 5261 2920 5328 5)
2956 5264 3004 5317 le
3081 5284 3097 5313 .-
3133 5263 3279 5332 quin,
3317 5268 3442 5317 aiat.-
3478 5279 3639 5332 quam
3677 5280 3855 5332 quum.

2862 5330 2920 5398 6)
2958 5278 3243 5387 flottam
3277 5346 3344 5386 ea:
3378 5340 3556 5401 coapta
3602 5332 3757 5388 domo
3797 5350 3938 5404 quae
3977 5332 4208 5389 Faueria·
4226 5336 4427 5403 flaura
4461 5336 4592 5386 erat.
