4825 6175
519 395 644 460 335

510 592 746 665 essent,
787 609 816 654 ς
863 596 950 640 »os
991 577 1238 643 frustra
1292 580 1445 661 niti,
1502 603 1587 647 ne
1630 580 1887 667 legibus
1971 590 2250 651 arerent.
2341 585 2511 651 Nam

507 670 566 734 si
620 678 714 736 tot,
768 694 836 742 ΘΒ
887 669 1042 726 sent
1097 662 1461 731 diademata
1530 668 1599 732 in
1658 668 1848 734 domo
1970 670 2296 750 abrorum,
2355 683 2516 755 quot

487 765 658 834 gant
701 760 858 827 rabi,
907 768 1015 812 esa
1055 750 1284 832 capita,
1347 753 1414 816 id
1472 775 1607 818 non
1657 754 1795 821 fore
1841 755 2308 839 impedimento
2351 758 2513 840 quin

493 848 831 920 &ominus
866 871 882 912 ·.
927 834 1091 899 foret
1125 836 1441 920 superior.
1509 840 1796 907 Maritus
1817 840 2223 925 Lugdunum
2257 843 2514 910 interea

493 952 904 1005 ffinoegserm
947 928 981 996 '··,
1026 941 1299 1004 sperans
1342 946 1485 991 rem
1532 927 1728 992 tacite
1772 927 2102 1011 sepultum
2141 929 2244 994 iri.
2336 928 2511 996 Oen-

503 1025 627 1103 sui,
659 1028 747 1087 ut
788 1020 926 1084 iure
968 1006 1256 1073 ‘iurando
1312 1009 1394 1075 ad
1453 1014 1595 1077 veri
1654 1014 2120 1080 confessionem
2166 1015 2511 1100 adigeren-

505 1125 634 1177 tur,
706 1105 946 1173 comm
992 1113 1026 1157 s
1067 1093 1219 1160 illos
1263 1097 1539 1177 monuit,
1589 1120 1659 1163 se
1702 1120 2114 1183 nequaquam
2156 1122 2510 1185 passurum

510 1207 585 1265 ut
626 1194 968 1279 peierarcn
1008 1188 1050 1245 t.
1145 1180 1294 1247 Non
1349 1183 1544 1249 modo
1592 1185 1870 1250 confessi
1914 1195 2071 1250 sunt
2113 1185 2286 1271 quod
2326 1187 2509 1252 vole-

508 1286 762 1357 bamus,
801 1273 924 1341 sed
966 1292 991 1338 t
1017 1288 1069 1331 te
1118 1288 1197 1332 eo
1243 1267 1348 1335 die
1407 1269 1686 1337 salta-sse
1731 1269 1904 1354 apud
1948 1270 2367 1338 Bazthasaris
2409 1273 2510 1338 vi-

514 1371 730 1436 duam.
744 1363 802 1449 ⁸)
879 1358 1010 1425 ³011
1029 1374 1173 1419 ines
1218 1353 1289 1419 in
1336 1376 1669 1421 carcerem
1706 1356 2012 1423 coniecti:
2060 1357 2376 1442 syndicus
2406 1359 2512 1422 -in-

513 1457 702 1540 signe
741 1438 1235 1515 moderationis
1280 1440 1662 1525 exemplum
1707 1442 1851 1507 fuit.
1874 1445 1931 1517 9)
1995 1443 2062 1508 Ν
2064 1464 2173 1509 8111
2214 1445 2285 1509 111
2327 1466 2400 1511 88
2444 1452 2513 1510 et

515 1552 731 1608 totum
798 1547 1078 1619 gregem
1139 1528 1439 1593 severius
1499 1539 1600 1593 est
1659 1529 2115 1607 concionatus,
2182 1551 2380 1613 quam
2437 1540 2513 1596 ut

513 1621 880 1711 oportuerit
906 1633 1065 1683 cum
1135 1633 1216 1677 eo
1271 1613 1488 1677 multa
1549 1614 1751 1679 verba
1795 1615 2024 1680 facere.
2115 1615 2512 1682 Admonitus

519 1724 742 1779 ‘tamen
788 1703 1077 1792 graviter
1136 1698 1268 1763 fuit
1324 1700 1395 1763 in
1442 1700 1829 1765 consistorio
1869 1700 2012 1766 loco
2056 1721 2180 1766 suo
2220 1701 2512 1767 deiectus

514 1800 734 1866 ‚donec
798 1783 1245 1876 poenitentiae
1304 1785 1764 1850 testimonium
1845 1785 2178 1852 edidisset.
2292 1786 2512 1852 Perfi-

529 1905 681 1952 mcm
723 1875 1056 1962 Lugdu-no
1101 1889 1454 1936 reversum
1505 1871 1727 1939 aiunt:
1773 1871 2092 1955 quidquid
2138 1880 2310 1957 agat,
2353 1893 2511 1956 poe-

520 1992 686 2039 nam
727 1984 867 2030 non
911 1956 1208 2041 effugiet.
1234 1957 1318 2037 ¹⁰)

703 2045 1057 2118 Henrichas
1135 2041 1486 2108 abdicatus
1564 2042 1698 2106 fuit
1774 2041 1963 2106 nobis
2043 2042 2512 2107 consentienti-

529 2146 682 2212 bus:
711 2141 794 2213 ¹¹)
817 2133 950 2200 illic
990 2129 1333 2194 altercatio
1357 2126 1598 2193 incidit
1620 2146 1757 2191 non
1791 2126 2078 2210 illepide..
2150 2127 2510 2193 Confessus

427 2208 437 2218 ³
525 2232 747 2297 fuerat
770 2213 1026 2287 'verum
1069 2233 1215 2280 esse
1254 2212 1578 2297 quidquid
1622 2233 1663 2277 a
1706 2214 1987 2278 testibus
2023 2213 2344 2295 scriptum
2367 2213 2512 2278 fue-

529 2323 658 2383 rat.
709 2307 986 2375 Interim
1007 2299 1436 2383 confugiebat
1458 2298 1546 2362 ad
1567 2298 1736 2363 illud
1772 2298 2200 2381 praesidium:
2248 2298 2511 2363 Adver-

537 2424 650 2469 sus
691 2392 1152 2481 presbyterum
1187 2386 1675 2452 accusationem
1713 2405 1799 2449 ne
1840 2383 2169 2462 admittas,
2214 2384 2343 2449 nisi
2387 2384 2512 2449 sub

541 2484 791 2556 duobus
834 2487 949 2544 aut
987 2472 1205 2539 tribus
1250 2469 1547 2536 testibus.
1622 2469 1901 2554 Rogavi,
1947 2470 2294 2535 cuiusnam
2338 2478 2516 2535 esset

542 2568 872 2642 sententia
911 2562 1105 2627 haec:
1151 2558 1261 2624 Ex
1296 2578 1407 2622 cre
1442 2566 1558 2621 tuo
1595 2562 1663 2620 te
1697 2553 1931 2632 iudico,
1977 2575 2169 2620 serve
2204 2576 2511 2637 nequam.

543 2662 692 2727 Iam
737 2653 914 2719 cuim
970 2664 1238 2713 causam
1296 2644 1365 2707 in
1427 2641 1696 2706 testium
1756 2641 1886 2706 fide
1941 2662 2077 2705 non
2132 2642 2513 2718 consistere,

537 2744 666 2814 -scd
706 2740 962 2806 ineius
1007 2729 1427 2798 confessione.
1519 2726 1749 2808 Quum
1802 2736 2007 2793 testes
2059 2725 2276 2792 adhuc
2318 2746 2515 2810 repu-

554 2834 782 2906 diaret,
825 2822 1205 2888 dilemmate
1248 2812 1489 2880 institi:
1539 2814 1678 2878 Aut
1719 2835 1945 2879 veram
1988 2833 2130 2878 esse
2173 2811 2313 2878 eius
2357 2833 2516 2878 con-

543 2916 917 2985 fessionem,
965 2916 1080 2971 aut
1124 2902 1382 2966 falsam:
1430 2899 1490 2963 si
1535 2919 1692 2965 vera
1735 2907 1942 2977 esset,
2002 2898 2171 2963 nihil
2230 2898 2517 2982 amplius

557 2993 1017 3071 haesitandum
1062 3010 1231 3066 esse;
1290 2987 1394 3051 sin
1438 2985 1604 3050 falsa
1619 3035 1634 3062 ,
1684 3008 1836 3051 eum
1880 2987 2092 3050 teneri
2135 3006 2325 3050 reum
2367 3005 2517 3068 per-

553 3087 733 3165 iurii,
769 3077 948 3167 quod
993 3078 1246 3143 iuratus
1288 3071 1480 3138 aliter
1524 3070 1802 3138 dixisset
1839 3066 2038 3157 qua‘m
2076 3093 2180 3138 res
2214 3070 2516 3137 habebat.

559 3179 664 3244 Eo
711 3191 913 3253 usque
955 3163 1282 3248 prorupit,
1341 3169 1417 3223 ut
1470 3158 1716 3224 diceret
1761 3180 1830 3225 se
1890 3159 2054 3224 falso
2110 3173 2179 3223 et
2220 3158 2519 3240 nequiter

562 3265 906 3343 loquutum
951 3271 1111 3317 esse.
1199 3246 1424 3328 Quum
1468 3245 1767 3329 iniquum
1826 3267 1968 3312 esse
2025 3243 2271 3311 diceret
2315 3243 2396 3309 ab
2443 3265 2519 3309 eo

551 3371 638 3416 se
660 3343 886 3431 premi,
928 3338 1042 3423 qui
1086 3334 1353 3400 deberet
1387 3353 1539 3398 eum
1569 3331 1935 3411 defendere,
1980 3332 2209 3415 rogavi
2235 3351 2519 3413 quonam

563 3437 713 3501 iure
755 3429 854 3495 illi
897 3422 1246 3490 obstrictus
1307 3440 1519 3486 essem
1572 3418 1655 3484 ad
1711 3418 1952 3485 malam
2010 3437 2275 3483 causam
2330 3427 2521 3482 tuen-

556 3522 755 3587 ·dam:
800 3529 1142 3593 nunquam
1186 3507 1363 3573 enim
1404 3528 1511 3573 me
1545 3507 1796 3572 iurasse
1827 3506 1902 3570 in
1935 3504 2284 3570 factionem
2304 3501 2524 3568 Fran-

563 3608 918 3675 ·ciscanam.
949 3598 1002 3640 ¹²
1096 3594 1314 3660 Multa
1347 3592 1664 3659 eiusmodi
1687 3594 1772 3671 ¹⁸)
1808 3590 1983 3656 ultro
2020 3591 2312 3672 citroque
2349 3587 2528 3655 dicta

565 3695 858 3766 fuerunt,
905 3706 974 3750 se
1063 3683 1157 3747 ita
1213 3691 1288 3745 ut
1345 3680 1580 3764 probro
1633 3687 1701 3743 et
1754 3677 1903 3742 odio
1945 3675 2243 3743 omnium
2286 3675 2525 3760 plenus

576 3773 961 3846 discesserit.
1072 3767 1431 3834 Abdicatus
1495 3764 1857 3830 ministerio
1874 3815 1890 3842 ,
1968 3761 2166 3828 simul
2228 3769 2527 3828 retrusus

576 3866 702 3932 fuit
745 3865 816 3928 in
860 3874 1216 3927 carcerem:
1261 3852 1437 3919 unde
1481 3861 1705 3917 tamen
1746 3848 1966 3915 triduo
2009 3857 2157 3932 post
2197 3848 2324 3912 fuit
2362 3847 2527 3913 libe-

577 3963 780 4018 ratus.
869 3946 1014 4011 Illic
1061 3951 1372 4008 strenuus
1415 3939 1543 4004 fuit
1586 3936 2011 4002 saltationum
2054 3939 2404 4018 patronus:
2462 3942 2531 3998 et

573 4035 788 4122 quoad
823 4033 1035 4117 potuit
1069 4026 1489 4095 exacerbavit
1521 4025 1594 4089 in
1628 4044 1733 4087 me
1768 4042 1993 4087 eorum
2036 4018 2202 4099 odia,
2249 4019 2363 4104 qui
2396 4020 2528 4084 iam

573 4133 734 4191 ante
782 4121 928 4205 plus
972 4116 1130 4184 satis
1175 4122 1365 4180 erant
1409 4108 1692 4176 alienati.
1756 4108 2006 4173 Verum
2053 4105 2367 4190 quidquid
2410 4127 2533 4190 per

579 4213 722 4277 eius
767 4205 1014 4274 similes
1058 4201 1365 4267 moliatur
1409 4195 1655 4275 Satan,
1716 4192 2090 4279 exemplum
2134 4191 2323 4261 valde
2381 4214 2531 4277 pro·

793 4367 924 4375 ι--ο-

789 4447 848 4511 8)
890 4446 1071 4501 Bazth.
1112 4445 1275 4515 Sept„
1313 4441 1604 4565 Igleichaelis
1634 4443 1799 4507 filius,
1835 4456 1870 4495 a
1896 4438 2113 4495 Calvini
2140 4436 2396 4506 partibus
2431 4441 2533 4490 ste·

606 4526 739 4576 erat.
840 4516 970 4571 Galo·
1014 4531 1056 4581 e,
1091 4515 1129 4568 1.
1163 4515 1196 4568 1.
1275 4553 1286 4564 .
1396 4551 1409 4564 .
1999 4525 2004 4529 ·

583 4526 607 4577 t
792 4519 854 4649 9()
888 4517 1054 4639 Legit
1099 4585 1182 4637 Sr.
1231 4515 1491 4649 {indigue
1549 4598 1582 4632 a
1640 4577 1914 4648 respondu
1971 4593 2038 4630 en
2086 4574 2408 4630 remerciant
2456 4574 2535 4627 les

587 4660 795 4712 bonnes
831 4653 1217 4709 ammonicions
1265 4658 1388 4704 tant
1430 4649 1581 4703 selon
1619 4648 1755 4701 Dien
1842 4664 1910 4701 ue
1957 4646 2110 4699 selon
2143 4646 2224 4698 les
2259 4644 2404 4699 editz
2440 4642 2536 4696 des

589 4729 892 4798 Seigneurs.
966 4721 1131 4792 (Req.
1167 4721 1244 4776 du
1282 4718 1514 4775 Consi-st.
1552 4715 1637 4773 15.
1679 4719 1728 4770 A
1835 4721 1877 4776 .)
2021 4784 2030 4795 ι
2157 4783 2167 4795 ·

764 4792 852 4862 10)
896 4790 1006 4861 Qui
1050 4798 1100 4846 et
1143 4792 1261 4859 ipse
1306 4787 1359 4842 d.
1415 4786 1492 4841 13.
1545 4786 1695 4841 Maii
1750 4786 1814 4839 in
1866 4782 2198 4841 Oomwtom
2242 4782 2539 4849 amplum

596 4865 792 4922 Cornea·
826 4869 1083 4934 sequutus
1115 4865 1209 4915 esi.
1283 4858 1484 4926 Galiffe
1513 4873 1570 4925 p.
1606 4855 1657 4910 6.
1734 4855 1962 4910 Gaberel
1992 4869 2046 4920 p.
2082 4849 2201 4905 384.
2259 4850 2541 4905 Caeterum

592 4935 723 4990 haee
758 4933 853 4987 υίτ
889 4947 955 4986 ac
989 4946 1057 4984 ne
1100 4933 1197 4984 vix
1245 4927 1460 4998 quidem
1507 4926 1797 4980 conciliari
1833 4927 2064 4992 possunt
2114 4936 2234 4976 cum
2282 4935 2357 4973 ns
2401 4935 2541 4989 quae

595 5003 754 5069 infra
784 5002 918 5055 dicit
953 5000 1019 5054 de
1060 5000 1293 5052 Pers-ino
1326 4998 1389 5049 in
1424 5010 1637 5050 carcere
1664 4994 1941 5060 fremente.

768 5069 860 5131 11)
900 5068 974 5122 Η.
1014 5068 1080 5122 de
1115 5067 1170 5120 la
1192 5065 1371 5131 Mare,
1405 5064 1653 5117 minister
1686 5064 1747 5116 in
1767 5065 1887 5117 vieo
1909 5060 2099 5184 Jusely,
2139 5058 2400 5113 dimissus
2431 5057 2545 5124 ficit

594 5140 652 5197 d.
687 5139 767 5193 15.
807 5137 1034 5206 Aprilis.
1107 5134 1331 5204 (Galiff.
1365 5150 1419 5202 p.
1455 5131 1526 5186 38
1558 5147 1698 5202 seqq.
1773 5130 2004 5186 Gaberel
2069 5167 2081 5180 .
2119 5127 2287 5213 360.)
2453 5197 2465 5209 ·

771 5206 860 5270 12)
903 5205 975 5260 ld
1008 5210 1088 5260 est
1108 5203 1392 5259 Gallorum
1426 5216 1716 5270 eortamque
1742 5208 2104 5269 patronorum
2141 5198 2546 5266 (Guillermme,

601 5276 1044 5411 stansslfnlssb:
1082 5341 1346 5397 eiusmodi
1382 5339 1502 5397 edd.
1533 5340 1823 5409 praebent.-
1857 5338 2077 5393 homini.

2110 396 2638 467 EPISTOLAE
2683 404 2722 465 7
2726 403 2937 466 91-7
2941 401 3023 463 92

4452 407 4559 470 336

2619 585 2807 653 derit.
2875 587 3030 654 Duo
3072 589 3252 655 enim
3292 587 3429 654 iam
3472 587 3677 673 vulgo
3721 587 4052 669 dicuntur,
4097 587 4359 655 nullam
4400 612 4557 674 spem

2618 694 2763 738 esse
2803 674 3217 757 impunitatis
3278 694 3480 758 quum
3536 674 3870 757 primariis
3928 696 4060 740 non
4120 686 4456 758 parcatur,
4501 688 4561 743 et

2617 779 2726 823 me
2769 759 2979 824 nihilo
3024 761 3234 845 magis
3278 758 3505 826 amicis
3549 780 3746 843 quam
3790 759 4024 827 alienis
4081 761 4332 827 favere.
4425 761 4560 829 Per-

2616 845 2804 911 rinus
2845 867 2998 911 cum
3041 867 3249 911 uxore
3303 845 3528 911 fremit
3582 847 3654 910 in
3708 866 3999 912 carcere:
4055 845 4261 912 vidua
4315 868 4561 931 prorsus

2615 930 2892 997 insanit:
2952 930 3070 996 alii
3124 932 3373 1014 pudore
3427 930 3677 998 confusi
3733 931 3947 997 silent.

2788 1016 2933 1082 Iam
2950 1017 3243 1083 venioad
3268 1025 3416 1083 tuas
3435 1016 3686 1096 literas,
3719 1016 3938 1083 Vtrae.
3977 1015 4163 1082 Nihil
4183 1018 4351 1084 novi
4371 1020 4428 1084 si
4449 1019 4565 1104 gal-

2613 1102 2829 1167 licana
2850 1101 3124 1168 ecclesia
3148 1123 3315 1186 quae
3338 1102 3747 1187 Argentinae
3769 1111 3870 1168 est
3893 1102 4152 1187 ineptit.
4187 1103 4337 1188 Ego
4360 1113 4565 1171 tamen

2616 1187 2931 1253 admonui
2975 1210 3094 1272 per
3140 1187 3475 1254 Nicolaum
3504 1188 3586 1266 ¹⁴)
3641 1187 3985 1254 columnas
4028 1198 4102 1253 ut
4141 1190 4421 1272 posthac
4458 1190 4568 1257 sibi

2616 1283 2988 1357 temperare
3032 1274 3305 1341 discant.
3373 1273 3498 1338 Est
3540 1272 3678 1339 illic
3718 1273 4021 1340 indoctus
4060 1276 4431 1343 monachus
4466 1277 4566 1359 qui

2614 1357 2746 1425 sibi
2790 1359 3070 1424 multum
3112 1359 3345 1444 placet.
3414 1358 3550 1424 Alii
3584 1366 3701 1424 aut
3735 1358 3903 1424 nihil
3920 1359 4250 1441 iudicant,
4293 1369 4416 1426 aut
4446 1382 4570 1427 non

2615 1456 2873 1511 curant.
2963 1443 3100 1510 Sed
3143 1444 3326 1511 vobis
3372 1448 3498 1509 erit
3540 1443 3847 1528 expedita
3888 1447 4087 1522 ratio,
4142 1448 4197 1511 si
4244 1447 4571 1512 hominem

2618 1529 2971 1615 diligenter
3013 1530 3393 1596 observetis.
3481 1529 3644 1595 Mox
3704 1530 3884 1595 enim
3927 1550 3998 1595 se
4042 1531 4291 1615 prodet.
4388 1530 4573 1614 Quod

2618 1617 2679 1681 si
2721 1617 2988 1700 propius
3032 1614 3585 1699 congrediendum
3629 1616 3776 1694 erit,
3831 1626 4059 1700 rogate
4102 1638 4396 1699 quonam
4437 1618 4574 1684 lite-

2620 1723 2731 1767 ras
2774 1701 3000 1766 tulerit
3040 1722 3201 1785 quas
3238 1724 3278 1766 a
3319 1712 3547 1767 nostro
3591 1700 3867 1785 collegio
3907 1701 3989 1766 ad
4035 1713 4335 1768 vestrum
4378 1705 4575 1786 petie-

2620 1796 2743 1852 rat.
2831 1787 3059 1870 Neque
3103 1788 3279 1852 enim
3322 1786 3666 1852 ferendum
3724 1797 3826 1852 est
3878 1795 3957 1852 ut
4012 1786 4240 1854 literas
4296 1810 4424 1855 sno
4477 1809 4575 1853 ro-

2621 1882 2780 1957 gatu
2822 1875 3097 1956 scriptas
3141 1872 3225 1938 ad
3258 1894 3459 1938 unam
3503 1871 3779 1938 classem
3813 1873 4185 1956 supprimat
4225 1873 4336 1939 vel
4378 1874 4579 1940 inter-

2620 1959 2822 2040 cipiat
2864 1979 2984 2041 pro
3019 1978 3138 2023 sua
3178 1956 3466 2023 libidine.
3558 1956 3635 2023 Si
3677 1957 4031 2036 videbitur,
4076 1959 4179 2025 fac
4223 1968 4300 2024 ut
4343 1960 4578 2026 fratres

2619 2043 2958 2127 postulent
2997 2052 3296 2109 nostrum
3339 2043 3811 2122 testimonium,
3852 2051 3920 2108 et
3960 2065 4067 2108 me
4101 2044 4319 2110 tribus
4362 2044 4580 2112 verbis

2622 2129 2902 2194 admone
2938 2129 3093 2213 quid
3138 2129 3319 2195 velis.
3407 2129 3562 2194 Erit
3618 2130 3795 2194 enim
3840 2127 4199 2195 absurdum
4242 2131 4301 2196 si
4348 2131 4580 2197 antici-

2621 2235 2788 2298 pem.
2879 2213 3273 2299 Quanquam
3317 2234 3453 2280 non
3497 2214 3726 2280 dubito
3770 2214 3930 2296 quin
3972 2216 4162 2282 vobis
4205 2215 4582 2300 suppeditet

2619 2300 2870 2384 largam
2915 2302 3256 2365 materiam
3301 2301 3356 2365 si
3393 2300 3594 2366 fuerit
3636 2301 4044 2365 observatus.

2793 2387 2898 2451 De
2952 2395 3376 2453 conterraneo
3428 2405 3576 2450 meo
3634 2406 3905 2469 sequere
3963 2384 4284 2470 quidquid
4344 2387 4585 2452 fratres

2620 2470 3048 2538 decreverint.
3138 2471 3287 2538 Nisi
3329 2471 3495 2537 forte
3537 2471 3941 2556 mitigandae
3983 2470 4163 2537 illius
4206 2472 4476 2538 odiosae
4506 2472 4585 2539 de

2619 2557 3016 2623 eucharistia
3048 2557 3453 2641 quaestionis
3481 2558 3752 2622 inventa
3787 2558 3987 2623 fuerit
4018 2556 4362 2625 commoda
4397 2559 4583 2624 ratio.

2621 2643 2704 2708 In
2745 2643 2895 2710 aliis
2939 2653 3316 2710 coerceatur
3359 2652 3545 2707 tanta
3589 2643 4071 2726 importunitas.
4166 2642 4478 2709 Salem-tes
4507 2645 4586 2720 ιὅ)

2624 2730 2762 2813 agit
2804 2750 2924 2794 suo
2963 2750 3163 2794 more.
3255 2728 3620 2794 Ambitiose
3655 2728 3894 2793 omnia.
3958 2727 4253 2794 Proinde
4295 2729 4371 2793 in
4407 2730 4588 2796 illius

2624 2814 2904 2899 gratiam
2948 2837 3033 2879 ne
3076 2814 3283 2899 pilum
3341 2813 3603 2897 quidem
3660 2835 3699 2879 a
3753 2814 4080 2879 sententia
4138 2812 4469 2880 dimoveri
4526 2824 4589 2881 te

2622 2901 2840 2966 velim.
2931 2900 3210 2984 Semper
3253 2901 3430 2965 enim
3488 2898 3767 2965 ludibrio
3821 2901 4068 2965 erimus
4120 2901 4478 2984 improbis,
4534 2902 4591 2967 si

2624 2985 2707 3051 ad
2751 3007 2979 3052 eorum
3023 2986 3371 3053 arbitrium
3414 2987 3761 3051 flectamur
3801 2986 3913 3069 qui
3956 2983 4041 3050 ad
4075 2985 4439 3068 quamlibet
4472 3008 4593 3053 au-

2626 3095 2768 3138 ram
2817 3083 3070 3140 nutant.

2797 3161 3044 3227 Divino
3079 3160 3298 3243 aliqua
3329 3179 3413 3222 ex
3444 3164 3631 3241 parte
3653 3155 3810 3242 quid
3832 3157 4115 3224 voluerit
4140 3156 4489 3224 PiochetuS.
4508 3159 4591 3236 ¹⁶)

2623 3246 2828 3311 Putat
2866 3248 3041 3312 enim
3096 3246 3216 3311 tibi
3263 3243 3713 3310 concreditum
3770 3265 3915 3309 esse
3970 3242 4143 3327 quod
4201 3242 4377 3327 apud
4439 3265 4593 3310 eum

2626 3331 2936 3398 Christus
2980 3331 3299 3415 deposuit,
3342 3337 3423 3394 ut
3465 3330 3523 3396 si
3566 3330 3847 3395 otiosum
3905 3330 4118 3396 iacere
4161 3330 4342 3395 sinas
4384 3330 4592 3396 ratio-

2627 3440 2779 3484 nem
2841 3419 2932 3484 sis
2990 3416 3383 3482 redditurus.
3485 3417 3751 3481 Literas
3808 3425 4030 3481 tamen
4085 3436 4220 3480 non
4274 3414 4593 3501 indignas

2628 3504 3049 3587 responsione
3084 3504 3435 3569 existimat.
3497 3500 3671 3566 Nam
3712 3499 3919 3582 Gopus
3958 3501 4125 3566 mihi
4167 3501 4400 3566 retulit
4436 3522 4590 3567 eum

2627 3599 3008 3674 exspectare
3049 3587 3205 3672 quid
3248 3609 3403 3652 nam
3461 3589 3552 3653 sis
3594 3586 3676 3653 ad
3720 3586 3884 3652 haec
3922 3587 4388 3671 rescripturus.

2804 3676 3084 3741 Diazius
3117 3674 3476 3757 Hispanus,
3502 3675 3584 3749 ¹⁷)
3628 3693 3823 3756 quem
3868 3672 4042 3757 apud
4069 3672 4441 3740 Gallam
4484 3672 4592 3740 hic

2631 3761 2868 3841 vidisti,
2905 3761 3124 3841 Wrete,
3160 3768 3229 3825 et
3262 3759 3373 3843 qui
3397 3758 3723 3825 Neocomo
3748 3760 3816 3823 in
3844 3758 4274 3824 Germaniam
4303 3759 4593 3841 proficis·

2632 3870 2787 3915 cens
2809 3848 3165 3912 transierat
3197 3866 3345 3912 cum
3384 3843 3639 3911 duobus
3664 3843 4101 3923 Senarcleniis,
4137 3843 4594 3911 crudelissime

2630 3935 2755 3999 fuit
2795 3933 3198 3999 interfectus.
3287 3928 3512 4013 Quum
3547 3931 3796 3997 Caesar
3838 3932 4370 4015 appropinquare
4414 3930 4591 3998 dice-

2632 4031 2833 4099 retur,
2878 4017 3304 4103 Neoburgum
3347 4038 3418 4084 se
3462 4016 3855 4095 contulerat,
3917 4015 4087 4100 quod
4129 4016 4446 4102 oppidum
4494 4025 4595 4083 est

2815 4294 2904 4360 14)
2941 4294 3163 4350 eundem
3197 4294 3312 4350 scal.
3337 4294 3437 4364 qut·
3466 4291 3747 4362 epistolam
3764 4290 4167 4360 praecedentem
4190 4291 4269 4345 ad
4286 4290 4591 4347 Falleeium

2633 4370 3066 4500 asportlagrgh
3096 4431 3307 4500 prudent·
3243 4500 3269 4511 ..
3341 4429 3676 4511 hic=Nostro
3693 4435 3770 4512 ’et'
3805 4429 3988 4483 Vir-eto
4026 4434 4306 4497 suspectus
4337 4439 4475 4496 erat,
4509 4435 4589 4484 ut·

2630 4510 2762 4574 pote
2811 4520 2925 4556 non
2969 4496 3302 4571 ὄρθοποδων
3352 4514 3485 4566 προς
3531 4495 3631 4561 τήν
3673 4496 3951 4561 αληθειαν.
4001 4495 4242 4553 Senatus
4287 4499 4401 4554 scil.
4450 4499 4589 4553 Ber-

2639 4572 2827 4627 nensis
2859 4573 2953 4626 illo
2990 4578 3222 4638 tempore
3255 4583 3438 4622 omnes
3469 4569 3754 4621 mmistros
3797 4566 4159 4621 iureiurando
4206 4566 4390 4637 adegit
4422 4573 4486 4621 ια
4523 4569 4589 4620 Ιο-

2637 4643 2797 4711 yion-s
2829 4640 3205 4696 ecclesiasticis
3237 4639 3307 4692 ab
3341 4638 3464 4706 ipso
3495 4635 3628 4690 latis
3672 4650 3729 4690 ae
3773 4636 4100 4691 miscerent
4141 4636 4310 4689 simul
4340 4637 4592 4691 artie-alis

2708 4710 2843 4765 nodi
2873 4710 3171 4764 Bemensis
3205 4713 3256 4762 et
3298 4704 3693 4774 disputationis
3725 4704 4149 4760 Lausonnevm‘e
4180 4705 4591 4761 subscriberent.

2729 4782 2818 4834 ius
2854 4780 3056 4834 decreti
3083 4779 3227 4833 inter
3259 4776 3400 4830 alios
3425 4772 3682 4828 Salem
3711 4774 3775 4827 in
3809 4789 3946 4844 aqro
3991 4772 4236 4829 Vadaei
4264 4773 4593 4844 excoquendi

2641 4851 2881 4918 officium
2915 4849 2978 4902 in
3010 4863 3068 4902 se
3100 4845 3300 4915 recepit
3333 4845 3536 4910 (mense
3571 4842 3760 4909 Maio)
3794 4858 3846 4898 v.
3883 4841 4121 4899 Ructat.
4158 4842 4236 4897 V.
4253 4842 4377 4899 308.
4430 4842 4590 4901 Hun-

2643 4918 2913 5069 doe'mfilss
2946 4914 3330 5065 ῗὲξσεῖιςοῖη,
3346 4981 3602 5035 habemus
3633 4978 3770 5051 quid
3803 4979 4050 5036 dieamus
4081 4982 4202 5035 nisi
4228 4982 4378 5052 quod
4405 4995 4476 5035 ετ
4510 4997 4588 5050 ep.

2638 5072 2910 5191 promae)
2926 5048 3527 5188 ‘lmzssmgadug
3554 5056 3641 5171 {git
3671 5046 3898 5173 (fflii
3935 5117 4006 5184 cf.
4053 5117 4302 5172 Historia
4348 5135 4475 5173 vera
4518 5118 4585 5180 de

2647 5201 2824 5251 morte
2868 5194 2942 5247 Io.
2987 5190 3159 5246 Diazii
3206 5195 3298 5244 ete.
3384 5204 3445 5241 er
3479 5186 3556 5242 cl.
3592 5187 3937 5241 Sensi-eleum
3983 5204 4028 5240 c.
4064 5186 4233 5257 praef.
4269 5187 4344 5242 M.
4379 5185 4583 5242 Bueeri.

2648 5263 2784 5319 1546
2818 5263 3000 5333 (eciam
3031 5259 3240 5330 qam).
3372 5271 3399 5310 e
3587 5256 3725 5311 labro
3764 5272 3815 5310 v.
3858 5255 4166 5321 Schemom,
4219 5255 4307 5310 Er
4374 5255 4456 5311 ul.
4493 5255 4582 5310 111.

2647 5333 2767 5390 862.
2840 5326 3396 5399 OfietiamSleidan.
3490 5323 3658 5379 .435.
3731 5323 4207 5392 Seekendorfiul.
4312 5325 4469 5380 2ete.
