4825 6175
207 471 326 533 669
410 486 417 493 ·

205 655 389 721 1111116
434 654 674 721 ducatu
719 674 837 720 suo
874 653 1087 720 modis
1132 652 1432 721 omnibus
1474 654 1741 737 privare
1784 666 2073 720 conatur.
2096 658 2153 739 ⁰)

207 738 339 808 Sed
395 738 479 806 ad
525 761 691 824 quae
749 750 973 806 tamen
1030 740 1250 805 omnia
1290 740 1625 824 piissimus
1673 738 2157 821 Christophorus

207 830 425 894 noster
466 840 692 891 manet
741 827 1027 893 invictus
1042 877 1056 903 ,
1114 826 1528 891 voluntatem
1570 824 1845 891 Domini
1888 846 2155 909 exspec-

208 922 369 978 tans.
457 911 680 993 Quare
723 932 840 977 ora
881 918 958 976 tu
1000 911 1360 976 Dominum
1405 933 1522 995 pro
1567 912 1755 977 nobis
1799 918 1869 977 et
1909 912 2157 995 optime

207 997 350 1065 vale
391 997 465 1062 in
507 997 776 1063 Christo
820 997 974 1063 Iesu
1017 1019 1167 1063 cum
1212 1019 1417 1063 uxore
1460 1006 1528 1063 et
1569 996 1974 1082 symmystis,
2020 997 2157 1081 qui-

207 1084 327 1150 bus
382 1082 664 1149 salutem
719 1082 1072 1166 plurimam
1123 1082 1299 1148 dices
1355 1104 1502 1148 meo
1559 1084 1843 1148 nomine.
1935 1083 2157 1147 Mons-

209 1167 579 1252 belg-ardiae
623 1171 724 1272 23.
772 1169 1002 1234 Martii
1054 1173 1234 1234 1548.

1369 1289 1551 1355 Tuus
1595 1309 1678 1353 ex
1722 1289 1941 1352 animo

1421 1390 1498 1456 P.
1545 1391 1896 1455 Tossanus.

995 1684 1400 1692 ——-.---—-——---.—

1087 1901 1279 1971 1002.

671 2053 1202 2154 BALDtJlNUs
1250 2054 1685 2121 oALvmo.

387 2223 595 2308 Usque
636 2225 940 2310 Luydum'
981 2232 1393 2292 commoratus·
1431 2228 1755 2293 variorum
1797 2233 1854 2293 et
1894 2248 2017 2294 sua
2056 2249 2158 2294 ne-

204 2310 368 2393 90110
408 2311 613 2395 lepide
654 2319 713 2378 et
744 2312 1049 2397 eleyanter
1078 2334 1203 2394 pro
1245 2333 1412 2379 more
1444 2314 1674 2394 paucis
1715 2319 2025 2381 retractat.

260 2482 444 2548 (Edid.
481 2482 735 2538 Calvinus
769 2485 825 2538 in
862 2485 1046 2538 libello
1082 2489 1273 2538 contra
1306 2484 1628 2538 Balduinum
1665 2486 1868 2555 scripto
1904 2505 1956 2557 p.
1993 2488 2101 2551 44.)

373 2635 443 2705 S.
487 2638 718 2722 Egone
754 2638 998 2722 aliquid
1033 2648 1099 2705 te
1133 2639 1434 2720 celarem,
1481 2640 1573 2704 mi
1615 2649 1818 2724 pater,
1864 2642 1935 2706 in
1969 2643 2154 2708 cuius

209 2721 417 2788 sinum
460 2724 745 2808 ineptias
780 2746 1033 2809 quoque
1068 2746 1249 2790 meas
1284 2736 1351 2790 et
1382 2747 1594 2809 nugas
1630 2728 1889 2810 saepius
1932 2726 2151 2807 effudi,

209 2817 273 2872 et
326 2829 520 2891 quem
574 2810 995 2876 consiliorum
1055 2812 1348 2876 omnium
1409 2812 1647 2877 habere
1703 2814 2036 2878 conscium
2087 2821 2154 2879 et

210 2900 532 2974 autorem,
607 2895 858 2979 quoties
915 2896 1132 2962 animo
1188 2905 1450 2980 reputo,
1517 2898 1631 2964 vix
1697 2920 1854 2982 prae
1914 2898 2151 2983 gaudio

209 2980 371 3061 apud
416 3003 525 3047 me
568 2981 759 3047 sum?
829 2980 965 3048 Sed
1005 2982 1337 3047 interdum
1380 3004 1486 3048 me
1531 2983 1749 3066 pudet,
1794 2984 2150 3067 hominem,

208 3067 313 3147 qui
354 3071 437 3133 tot
478 3069 785 3146 sustineat
826 3073 882 3134 et
920 3074 1097 3135 tanta
1135 3070 1382 3152 περσεία
1422 3070 1622 3148 solue,
1680 3072 1874 3137 toties
1917 3071 2149 3138 obtun-

211 3150 372 3233 dere,
416 3161 483 3220 et
527 3154 777 3220 leviora
815 3164 971 3221 sunt
1012 3155 1264 3221 isthaec
1308 3163 1533 3222 nostra
1576 3176 1769 3239 quam
1815 3167 1892 3222 ut
1931 3179 2152 3241 quem-

208 3256 393 3319 quam
436 3247 701 3324 praeter
755 3261 861 3304 me
914 3241 1249 3325 implicare
1294 3241 1592 3307 debeant.
1681 3241 2024 3308 Nihildum
2067 3243 2150 3307 li-

207 3334 488 3390 terarum
535 3348 573 3391 a
616 3327 822 3392 fratre
867 3327 1104 3410 accepi,
1131 3331 1180 3403 ¹)
1226 3336 1293 3392 et
1349 3349 1388 3392 a
1432 3326 1724 3410 Ori-spino
1741 3330 1795 3404 2)
1839 3338 2148 3411 exspecto

207 3410 426 3476 multis
470 3412 553 3477 de
598 3413 811 3478 rebus.
898 3412 1191 3491 Interea,
1248 3413 1408 3477 dum
1452 3414 1969 3502 typographicae
2010 3436 2148 3481 sce-

207 3514 324 3558 nae
367 3498 602 3577 servio,
618 3500 675 3583 3)
721 3500 937 3564 666010
973 3499 1129 3582 quid
1163 3499 1328 3564 mihi
1366 3499 1592 3564 intrivi
1627 3500 1802 3584 quod
1837 3500 2149 3567 excedere
2181 3501 2186 3508 '

209 3589 301 3667 est
339 3603 623 3650 6606666.
694 3583 807 3650 Sic
850 3585 1026 3650 enim
1049 3585 1222 3651 malo
1266 3585 1430 3650 nihil
1455 3607 1650 3670 agere
1684 3607 1881 3670 quam
1904 3588 2146 3653 otiosus

207 3685 356 3733 esse.
448 3669 751 3736 Ferratus
764 3673 826 3754 ⁴)
887 3670 1112 3737 doctor
1169 3672 1332 3741 iuris
1388 3671 1599 3737 civilis
1657 3693 1777 3738 sua
1834 3673 2146 3740 civilitate

401 3875 458 3945 6)
502 3875 668 3931 Miles
716 3876 1009 3946 Hispanus
1068 3876 1329 3932 ducatum
1373 3891 1546 3948 usque
1591 3885 1910 3947 occupatum
1955 3880 2148 3934 misere

209 3944 430 3999 vexabat
463 3952 518 4000 et
548 3944 757 4000 iudices
791 3946 1074 4000 constituti
1103 3951 1261 4000 erant
1293 3946 1604 4014 imperiales
1638 3949 1737 4016 qui
1752 3947 1817 4002 de
1850 3950 1993 4017 reyis
2015 3947 2148 4002 Fer·

255 4010 265 4023 ‘
336 4013 438 4067 ndi
468 4017 592 4068 iure
626 4015 687 4067 in
721 4015 863 4068 illud
893 4015 1239 4082 territorium,
1275 4014 1423 4084 quod
1457 4015 1566 4069 sibi
1580 4019 1630 4068 is
1655 4019 1970 4087 arrogabat,
2005 4017 2145 4072 deci-

207 4075 399 4136 ‹leo-eat.
470 4082 678 4152 (Hcyd,
724 4080 910 4137 Uli-ich
941 4084 1041 4137 111.
1078 4081 1184 4136 470
1216 4087 1317 4150 66.)

207 4143 385 4204 1002.
408 4150 466 4217 1)
509 4151 584 4206 N.
617 4149 737 4204 987.
809 4152 1147 4219 Luydunum
1183 4167 1241 4205 er
1276 4170 1308 4206 o
1341 4153 1649 4222 reliquerat.

313 4271 324 4286 ,
399 4220 461 4280 2)
501 4222 645 4274 alias
679 4219 990 4288 But-qundo
1026 4220 1127 4288 (N.
1161 4170 1306 4287 803).

400 4286 458 4354 3)
496 4287 707 4341 Moram
744 4287 1158 4357 Lugdunensem
1192 4289 1490 4344 Balduinus
1541 4292 1876 4361 consumpsit
1921 4308 2027 4345 non
2064 4307 2148 4344 60-

208 4349 309 4404 lum
346 4354 403 4408 in
438 4356 843 4410 commentariis
877 4358 1121 4412 iuridicis
1146 4359 1524 4427 concipiendis,
1562 4361 1659 4414 sed
1696 4362 1860 4414 etiam
1895 4367 1958 4413 ut
1980 4360 2145 4412 babe-

209 4427 288 4472 ret
321 4425 461 4478 unde
500 4426 712 4478 viveret
745 4426 960 4480 functus
997 4435 1081 4480 est
1112 4429 1171 4480 in
1208 4435 1342 4498 typo
1441 4427 1570 4496 pbia
1606 4430 1731 4483 Seb.
1767 4428 1995 4498 Gryphii
2029 4446 2146 4481 mu-

209 4503 330 4543 nere
363 4495 686 4551 correctoris
723 4494 1055 4565 (Hevelinq).
1126 4497 1295 4560 Beza,
1336 4444 1501 4565 guez).
1540 4498 1617 4551 αα
1651 4497 1817 4552 Bald.
1856 4501 1918 4551 in
1962 4497 2143 4553 Tract.

207 4553 277 4609 lI-
311 4558 428 4628 216,
464 4580 585 4618 eum
621 4561 864 4632 Gryphii
890 4565 1075 4619 manci
1124 4567 1223 4619 'um
1258 4570 1426 4619 vocat.

223 4693 233 4704 ·
402 4631 463 4698 4)
505 4633 766 4686 Aemilius
781 4632 1022 4686 -Ferreti
1163 4649 1258 4689 cus
1293 4633 1445 4689 Ictus
1636 4649 1764 4688 uam
1799 4634 1973 4688 variis
2011 4634 2143 4688 locis

210 4709 266 4746 m
291 4696 468 4776 ‘Italia
502 4701 994 4770 iurisprudentiam
1029 4703 1283 4768 εωενσιιᾱ,
1315 4703 1556 4771 primum
1649 4704 1881 4757 aleariae
1911 4703 1974 4756 in
2011 4701 2139 4756 Del-

247 4762 431 4822 binata
462 4771 743 4837 professor
775 4772 902 4840 fait,
938 4776 1050 4825 tam
1088 4787 1124 4824 a
1157 4771 1460 4827 Francisco
1495 4787 1618 4840 reqc
1652 4773 1714 4825 in
1733 4772 2142 4826 Par-lamentum

261 4835 516 4891 arisiense
561 4841 790 4904 acc-itus,
850 4847 961 4893 tum
1006 4841 1259 4907 temporis
1306 4841 1574 4910 Lugduni
1614 4840 1850 4909 deyebat.
1942 4839 2144 4894 Postea

215 4897 521 4960 Florentiae
554 4908 682 4975 fuit,
717 4907 946 4978 denique
981 4909 1260 4963 Avenione
1302 4910 1400 4964 ubi
1432 4927 1482 4963 a.
1522 4907 1656 4963 1552
1703 4910 1852 4965 obiit.
1926 4908 1998 4964 Ei
2028 4909 2141 4963 Hc·

216 4969 431 5041 velinqio
475 4982 667 5030 autore
701 4977 1017 5032 Balduimas
1063 4978 1257 5032 librum
1295 4977 1565 5046 Luyduni
1605 4979 1806 5032 editum
1853 4977 2141 5033 dedicavit.

215 5035 329 5120 Ian}
360 5044 494 5098 tales
524 5045 656 5100 libri
686 5046 987 5100 laudantur
1021 5048 1082 5100 ia
1116 5046 1266 5116 Biqa
1295 5063 1352 5113 p.
1393 5046 1517 5101 157:
1561 5048 1791 5101 Annott.
1837 5048 1894 5100 in
1931 5047 2035 5100 Tit.
2073 5047 2142 5100 de

214 5106 441 5188 aedilitio
499 5114 675 5167 edicto
729 5114 903 5185 Lugd.
961 5133 1002 5167 s.
1041 5133 1087 5168 a.
1124 5122 1174 5169 et
1217 5117 1424 5169 Breves
1471 5132 1658 5169 comm.
1709 5117 1763 5169 in
1824 5117 2143 5185 praecipuas

211 5170 483 5252 lastiniani
527 5183 661 5252 Imp.
712 5185 969 5238 novellas.
1014 5185 1183 5253 Lugd.
1234 5183 1382 5237 1548.
1461 5182 1738 5240 Caeterum
1781 5183 2145 5251 familiaritas

213 5241 304 5297 *lla
333 5263 443 5301 non
477 5251 576 5304 clia
609 5251 839 5306 duma—se
869 5253 1099 5322 videtur,
1169 5270 1243 5308 aa
1277 5254 1482 5308 abusus
1515 5253 1834 5308 Balduinas
1869 5253 2074 5310 dicitur
2107 5269 2143 5305 a

215 5307 356 5393 Βθξα
389 5317 446 5383 (l.
463 5319 494 5371 l.
530 5318 732 5388 p.203.·
768 5338 834 5374 ex
872 5328 1055 5375 vetere
1091 5322 1131 5376 il
1153 5341 1186 5375 a
1220 5323 1466 5388 formula,
1504 5321 1571 5372 τᾶ
1605 5323 1717 5373 τῶν
1752 5321 1931 5392 φίλων
1964 5319 2140 5386 κοινά)

215 5394 303 5447 qui
334 5398 449 5439 eam
483 5394 534 5443 et
567 5404 696 5458 crya
730 5391 896 5445 alium
930 5391 1211 5445 illiberalis
1247 5392 1414 5461 plagii
1450 5399 1683 5449 accusat.
2027 5425 2030 5428 >

1975 471 2139 533 1548
2184 465 2470 533 MART.

4088 470 4214 534 ew

2255 654 2423 719 mihi
2464 654 2786 721 molestus
2839 662 2957 720 est.
3047 654 3183 721 Sed
3226 676 3377 721 01116
3420 656 3725 722 Cretensi
3769 656 4211 723 cretisandum

2258 750 2358 806 est
2394 748 2634 820 tamen,
2680 742 2735 806 si
2779 741 2971 806 modo
3016 750 3274 806 tantum
3319 740 3486 806 161111
3528 744 3887 826 permittas.

2432 823 2721 893 Senatus
2745 826 3398 910 Gratianopolitanus
3431 827 3513 892 ad
3548 828 3712 893 iuris
3749 828 4213 911 professionem

2257 931 2367 976 me
2410 911 2652 977 invitat
2695 913 2952 996 magnis
2996 912 3266 978 salariis.
3285 910 3342 998 ⁵)
3429 913 3561 997 Egi
3603 915 3850 997 gratias
3894 924 3961 978 et
4003 913 4213 979 multa

2260 1018 2582 1063 excusans
2626 996 2952 1080 respondi,
2997 999 3310 1064 maiorem
3373 1019 3481 1063 606
3528 998 3607 1064 (16
3653 1000 3917 1064 absente
3962 1000 4210 1082 opinio-

2261 1103 2411 1147 nem
2478 1084 2849 1165 concepisse
2918 1103 3116 1167 quam
3188 1104 3498 1166 praesens
3562 1085 3890 1150 sustinere
3957 1106 4207 1168 queam.

2261 1167 2518 1233 Volunt
2550 1169 2659 1233 isti
2695 1169 3012 1248 homines,
3057 1169 3210 1251 quia
3245 1190 3350 1233 me
3386 1191 3514 1234 non
3555 1171 3712 1235 satis
3749 1180 4006 1246 6011161,
4044 1171 4213 1235 mihi

2259 1253 2675 1337 persuadere,
2720 1254 2882 1319 iuris
2936 1256 3220 1337 peritum
3277 1275 3419 1319 6666
3475 1277 3611 1333 616,
3671 1277 3875 1339 quum
3920 1258 4045 1320 sim
4087 1256 4212 1319 mi·

2258 1339 2455 1405 nime.
2523 1339 2847 1422 Equidem
2891 1340 3249 1422 plurimum
3294 1340 3596 1423 optabam
3627 1341 3749 1406 'hic
3792 1342 4013 1420 latere,
4060 1345 4213 1424 quia

2259 1424 2346 1490 sit
2399 1424 2563 1489 mihi
2616 1425 2733 1489 lux
2786 1423 3136 1490 admodum
3191 1436 3520 1508 suspecta,
3580 1426 3693 1491 sed
3755 1426 3866 1491 vix
3920 1448 4206 1510 possum.

2255 1509 2487 1592 Neque
2531 1530 2689 1575 vero
2733 1518 2873 1575 tam
2915 1510 3156 1575 stultus
3200 1532 3347 1576 sum
3394 1520 3468 1575 ut
3508 1513 3681 1577 inter
3716 1522 3815 1578 tot
3856 1514 4094 1579 fluctus
4138 1521 4206 1577 et

2258 1596 2487 1660 brevia
2545 1606 2612 1661 et
2669 1605 2884 1679 syrtes
2936 1598 3179 1681 fingam
3242 1596 3669 1680 tranquillum
3725 1598 4006 1681 aliquem
4068 1618 4210 1663 esse

2260 1692 2541 1764 portum.
2631 1679 2808 1761 Quid
2851 1679 3062 1747 dicam
3107 1684 3181 1747 in
3225 1689 3486 1748 nostras
3529 1684 3657 1748 iam
3697 1684 4023 1768 Alcyones
4068 1705 4210 1749 sae-

2259 1788 2413 1831 vam
2459 1787 2714 1849 quoque
2768 1767 3073 1852 hyemem
3132 1777 3200 1832 et
3255 1769 3571 1851 procellas
3614 1769 3911 1834 irruere?
3997 1767 4063 1830 Ὁ
4105 1769 4209 1832 αὖ·

2258 1854 2562 1938 τοκράιωρ
2606 1851 2864 1935 publico
2907 1874 3024 1918 suo
3069 1854 3167 1917 elo
3218 1854 3276 1918 ‘o
3311 1855 3445 1918 iam
3488 1853 3741 1937 pridem
3780 1856 4072 1920 minatur
4107 1856 4209 1920 ul-

2259 1946 2365 2002 tra
2408 1959 2479 2003 se
2523 1959 3043 2022 progressurum.
3199 1961 3327 2004 unc
3389 1940 3445 2004 si
3489 1939 3790 2005 omnibus
3830 1940 4209 2007 cedentibus

2259 2032 2614 2108 grassetur,
2658 2046 2902 2089 novum
2947 2045 3088 2090 6666
3118 2045 3251 2090 606
3297 2026 3504 2092 debet.
3571 2027 3668 2092 Ac
3712 2026 4008 2093 fortassis
4040 2047 4213 2092 unus

2265 2108 2513 2177 Pellaeo
2553 2111 2769 2175 iuveni
2809 2131 2930 2176 non
2973 2110 3210 2193 sufficit
3251 2112 3432 2177 orbis.
3523 2109 3659 2177 Sed
3681 2104 3842 2176 ‘non
3883 2110 4066 2179 videt
4109 2113 4210 2177 16-

2258 2196 2419 2261 felix
2461 2196 2713 2279 61101106
2756 2206 2978 2260 161666
3000 2217 3141 2261 6666
3185 2198 3365 2273 6666,
3413 2218 3573 2279 quos
3615 2219 4041 2281 perrumpere
4077 2220 4208 2263 non

2259 2283 2483 2364 possit.
2573 2281 2840 2346 Interea
2895 2282 2952 2346 si
3007 2303 3160 2347 6606
3216 2281 3322 2349 1110
3378 2282 3588 2348 obteri
3632 2284 3956 2349 Dominus
4000 2284 4208 2367 patia-

2260 2375 2403 2444 tur,
2463 2388 2592 2432 606
2651 2374 2894 2432 1616610
2947 2367 3016 2431 1(1
3076 2368 3219 2432 6611
3282 2370 3538 2433 60116116.
3642 2367 3821 2449 Quid
3884 2370 3943 2435 si
4009 2371 4206 2436 etiam

2261 2450 2526 2518 tandem
2582 2474 2689 2517 eos
2745 2472 3016 2518 evocare
3072 2453 3236 2518 velit
3298 2453 3531 2536 quibus
3602 2454 3838 2537 dignus
3908 2478 4038 2520 non
4105 2465 4207 2522 est

2258 2537 2592 2603 mundus?
2675 2537 2913 2603 Valeat
2953 2539 3025 2602 in
3149 2550 3215 2603 ta
3262 2551 3434 2605 terra
3476 2552 3540 2604 et
3583 2548 3810 2623 pereat
3853 2541 3909 2605 si
3953 2541 4206 2607 servari

2258 2624 2443 2689 nolit.
2527 2624 2792 2689 Habeat
2848 2635 2914 2688 et
2967 2646 3006 2689 a
3051 2634 3193 2690 oret
3250 2626 3437 2691 illum
3482 2648 3673 2691 suum
3727 2627 3911 2691 cuius
3952 2627 4206 2693 Paulus

2256 2711 2557 2775 meminit
2598 2715 3056 2793 κοσμοκράτορα.

2429 2794 2624 2876 Quod
2678 2817 2925 2874 mones,
2946 2797 3004 2880 ⁶)
3075 2795 3169 2860 mi
3224 2804 3440 2879 pater,
3495 2821 3578 2863 ne
3639 2797 3800 2863 haec
3854 2819 4040 2863 mora
4095 2807 4208 2864 aut

2255 2881 2498 2965 ignava
2541 2882 2840 2959 (16661110,
2886 2890 3002 2947 6111
3044 2882 3261 2948 666010
3305 2882 3490 2948 061116
3530 2884 3803 2968 periculi
3862 2884 4020 2969 fuga
4063 2905 4206 2950 esse

2255 2966 2577 3046 videatur,
2628 2967 2864 3034 faciam
2906 2978 2982 3033 ut
3022 2989 3378 3033 memorem
3423 2971 3751 3036 monuisse
3795 2970 3979 3036 scias.
4070 2968 4207 3036 Sed

2253 3051 2423 3118 illud
2466 3053 2808 3120 molestum
2869 3064 2969 3120 est
3026 3054 3194 3137 quod
3243 3051 3655 3122 subverearis
3705 3078 3788 3121 ne
3844 3055 4009 3121 mihi
4065 3076 4205 3121 mo-

2252 3139 2421 3206 lesta
2463 3139 2551 3204 sit
2593 3138 2964 3217 admonitio,
3010 3140 3139 3206 nisi
3183 3142 3413 3206 iocosa.
3504 3141 3696 3208 Serio
3755 3149 3822 3208 et
3875 3163 4102 3208 severe
4146 3142 4205 3210 si

2253 3227 2638 3310 castig-ares,
2690 3246 2811 3291 nec
2867 3237 3004 3292 tam
3049 3227 3212 3291 mihi
3267 3227 3492 3309 placeo
3552 3228 3709 3312 quin
3763 3229 4000 3293 merito
4059 3229 4204 3294 fieri

2386 3331 2677 3378 oscerem
2693 3362 2709 3390 ,
2779 3333 2898 3378 nec
2957 3323 3092 3377 tam
3158 3312 3456 3394 ingratus
3512 3336 3661 3379 sum
3712 3315 3871 3396 quin
3926 3335 4202 3398 magnas

2254 3394 2302 3460 ti
2347 3397 2372 3461 i
2415 3398 2661 3481 gratias
2711 3419 2993 3482 agerem.
3082 3398 3227 3464 Imo
3279 3420 3435 3466 vero
3492 3400 3720 3465 acerbe
3775 3399 3954 3466 hunc
4009 3410 4201 3466 tuum

2250 3482 2760 3552 homuncionem
2801 3484 3009 3549 ferito.
3079 3484 3253 3549 Nam
3296 3491 3373 3549 ut
3415 3493 3489 3550 tu
3533 3486 3673 3551 iure
3716 3493 3829 3550 tuo
3871 3485 3939 3549 id
3983 3485 4199 3563 facies,

2253 3576 2320 3633 et
2362 3589 2484 3653 ego
2525 3569 2722 3653 longe
2765 3570 3139 3653 graviorem
3185 3571 3463 3635 ferulam
3518 3574 3836 3637 meruisse
3889 3592 3995 3637 me
4036 3572 4201 3638 fate-

2252 3654 2388 3720 bor.
2459 3654 2594 3720 Sed
2629 3656 3078 3736 intercederet,
3122 3658 3371 3739 opinor,
3417 3657 3780 3723 communis
3824 3657 3935 3724 hic
3977 3669 4201 3724 noster

2252 3744 2532 3821 amicus,
2590 3741 2659 3806 16
2715 3762 2845 3825 quo
2901 3763 3036 3807 non
3090 3742 3308 3807 minus
3364 3741 3610 3808 favoris
3655 3765 3811 3826 erga
3853 3765 3959 3807 me
4001 3764 4201 3825 quam

2251 3827 2492 3892 summi
2536 3848 2692 3911 erga
2733 3835 2800 3893 te
2835 3829 3073 3893 amoris
3118 3826 3536 3910 deprehendi.
3602 3826 3680 3894 Si
3715 3828 3866 3911 quid
3912 3830 4198 3906 omnine,

2252 3913 2379 3979 hoc
2422 3922 2600 3978 certe
2643 3912 2880 3979 iudicio
2922 3913 3087 3977 mihi
3130 3912 3345 3979 facere
3392 3914 3648 3991 videor,
3709 3914 3880 3996 quod
3938 3936 4088 3979 eum
4133 3929 4199 3978 et

2252 3999 2501 4082 aliquot
2563 4000 2701 4064 61116
2768 3998 3047 4078 similes,
3128 3999 3241 4082 qui
3304 4008 3460 4065 sunt
3522 4001 3837 4065 bonorum
3903 4000 4200 4065 omnium

2252 4084 2702 4161 amantissimi,
2748 4084 3108 4168 plurimum
3151 4105 3383 4149 amem.
3471 4085 3579 4149 Ex
3622 4108 3697 4151 60
3739 4084 3897 4169 quid
3932 4085 4039 4151 1110
4082 4087 4200 4150 661

2249 4170 2509 4255 plenius
2551 4170 2793 4236 audies.
2883 4169 3159 4238 Gaudeo
3203 4169 3285 4236 ad
3332 4192 3446 4236 vos
3490 4172 3727 4235 iterum
3775 4171 4113 4254 proficisci,
4140 4173 4197 4250 ⁷)

2248 4265 2343 4334 ut,
2387 4276 2582 4338 quem
2627 4277 2744 4339 per
2785 4254 3010 4321 literas
3067 4277 3277 4338 nuper
3330 4258 3764 4334 commovisti,
3823 4257 3980 4322 viva
4038 4278 4196 4322 voce

2249 4345 2460 4425 magis
2518 4341 2847 4408 accendas.
2952 4342 3097 4426 Ego
3153 4342 3249 4405 illi
3301 4363 3482 4407 meas
3547 4341 3972 4407 salutationes
4026 4343 4195 4420 istuc

2248 4427 2665 4510 perferendas
2731 4425 2898 4492 dedi.
3011 4428 3226 4492 Amici
3290 4427 3583 4493 fortassis
3647 4449 3779 4492 non
3847 4426 4197 4492 admittent

2247 4514 2439 4578 toties
2492 4512 2615 4579 hac
2672 4513 2743 4578 in
2800 4536 2873 4578 re
2929 4513 3265 4578 vicarium.
3363 4512 3500 4579 Sed
3564 4511 3831 4577 difficile
3880 4512 4012 4578 illis
4070 4515 4197 4579 erit

2246 4620 2395 4665 cum
2441 4599 2602 4665 iuris
2645 4599 2857 4683 perito
2899 4593 3176 4683 litigare.
3267 4597 3446 4679 Quid
3490 4602 3666 4663 enim
3723 4620 3855 4663 606
3900 4599 4193 4664 causabi-

2450 4836 2507 4905 5)
2545 4839 2706 4893 Certe
2752 4844 2864 4890 tam
2918 4837 3137 4890 habitus
3188 4839 3295 4891 iam
3342 4845 3473 4892 tuuc
3514 4837 3619 4890 fuit
3662 4852 3763 4906 pro
3808 4836 3924 4890 Icto
3971 4837 4193 4892 minime

2246 4908 2456 4977 vulg-ari
2492 4911 2552 4960 ut
2588 4924 2695 4961 non
2733 4907 2907 4959 solum
2943 4906 3436 4977 Gratianopolitani
3480 4906 3647 4959 talem
3693 4904 4053 4973 professorem
4102 4922 4189 4958 re-

2248 4977 2528 5045 quirerent
2574 4976 2815 5044 (tametsi
2852 4974 2979 5043 quia
3013 4976 3137 5028 istic
3169 4978 3383 5029 vixerat
3417 4974 3869 5029 existimationem
3904 4990 4056 5027 suam
4093 4976 4191 5027 mi-

2246 5045 2479 5110 nuisset)
2528 5045 2624 5098 sed
2673 5049 2730 5097 et
2775 5043 3048 5113 Bituriges
3097 5050 3194 5097 etc.
3269 5044 3418 5112 Biya
3452 5059 3512 5111 p.
3550 5040 3668 5112 157,
3717 5043 3813 5096 ubi
3855 5059 4039 5097 annus
4072 5045 4192 5111 qui-

2247 5115 2364 5167 dem
2411 5116 2577 5167 huius
2619 5113 2918 5167 vocationis
2969 5128 3081 5166 non
3127 5112 3431 5178 iudicatur,
3491 5127 3644 5182 quem
3691 5110 4048 5181 Hevelinqius
4092 5128 4192 5166 suo

2246 5183 2368 5236 iure
2403 5180 2539 5235 1547
2572 5180 2746 5247 fuisse
2780 5183 3012 5236 coniicit.

2452 5251 2514 5320 6)
2552 5250 2844 5306 Interciclit
2891 5265 3015 5319 erqo
3048 5249 3137 5331 liic
3183 5249 3370 5318 aliqua
3411 5248 3631 5303 Calvim'
3666 5250 3891 5319 epistola
3907 5292 3920 5317 ,
3966 5266 4031 5304 ea
4072 5251 4189 5317 for-

2248 5326 2391 5374 ‘“⁸⁸⁶
2425 5315 3687 5458 Wffififflssff'juffifflfssaffiffim
