4825 6175
633 404 759 466 259

631 592 890 658 nuisses
939 590 1014 656 in
1070 596 1251 656 casta
1305 590 1714 674 honestaque
1768 588 2131 675 disciplina.
2219 590 2591 675 Utrumque

633 676 893 743 abunde
933 676 1342 761 praestitisti.
1411 675 1522 742 Ita
1564 676 1743 742 enim
1786 683 1852 741 te
1895 675 2161 761 gessisti
2204 684 2282 742 ut
2322 675 2404 742 ab
2448 698 2590 742 am-

633 763 877 830 bitione
920 762 1398 829 alienissimum
1441 783 1585 828 0000
1628 761 1824 828 claris
1858 763 2328 846 experimentis
2362 783 2590 828 omnes

631 855 1115 934 cognoscerent.
1201 848 1309 913 Ita
1364 845 1780 932 splendorem
1821 853 2042 928 tuum,
2087 849 2279 914 sicuti
2322 868 2591 914 necesse

630 942 791 1015 erat,
852 933 1186 1001 retinuisti
1203 985 1220 1013 ,
1286 941 1365 999 ut
1416 933 1601 999 nulla
1662 933 1739 998 in
1792 932 2241 999 mediocritate
2299 932 2590 1000 sordium

581 1086 584 1089 ,
628 1028 788 1087 nota
830 1021 1241 1106 apparuerit,
1298 1027 1365 1086 et
1405 1028 1629 1085 tamen
1668 1018 1890 1103 palam
1933 1027 2133 1098 esset,
2174 1027 2243 1085 te
2284 1019 2590 1104 magnifi-

629 1107 913 1174 centiam
966 1106 1195 1192 fugere
1251 1106 1471 1191 potius
1528 1126 1730 1189 quam
1774 1126 1815 1170 0
1858 1112 2099 1188 petere.
2184 1104 2295 1171 Ita
2336 1126 2588 1172 comem

626 1192 1122 1276 humanumque
1175 1191 1478 1258 omnibus
1532 1197 1601 1257 te
1654 1125 2046 1271 exhihuisti,
2101 1197 2180 1256 ut
2221 1198 2404 1257 tuam
2447 1212 2587 1257 mo—

628 1278 904 1345 destiam
946 1277 1218 1344 laudare
1261 1287 1656 1362 cogerentur
1708 1296 1966 1343 omnes:
2024 1277 2353 1344 neminem
2410 1284 2587 1343 certe

626 1364 734 1516 {el
789 1364 1138 1429 minimum
1181 1364 1392 1430 fastus
1435 1370 1551 1429 aut
1590 1363 1983 1429 insolentiae
2024 1362 2342 1430 indicium
2376 1364 2585 1429 offen·

674 1457 833 1516 eret.

796 1534 904 1601 De
937 1534 1188 1600 familia
1220 1555 1357 1600 uno
1391 1534 1589 1600 verbo
1625 1533 1870 1602 dixisse
1902 1534 2220 1601 sufficiat:
2254 1534 2351 1600 ita
2381 1534 2585 1601 fuisse

624 1623 1068 1701 constitutam,
1105 1627 1182 1687 ut
1200 1619 1473 1687 Domini
1493 1621 1836 1705 ingenium
1871 1641 2231 1705 moresque,
2267 1629 2584 1704 tanquam

625 1707 965 1793 speculum
1008 1706 1096 1771 ali
1139 1704 1272 1772 uod
1311 1706 1406 1771 im
1499 1706 1703 1786 'nem,
1748 1706 2042 1773 referret.
2129 1706 2277 1773 Hoc
2320 1707 2455 1772 iam
2499 1705 2582 1772 ad

623 1794 1058 1859 imitationem
1097 1793 1110 1807 '
1167 1799 1349 1858 ustre
1387 1792 1637 1871 fuisset,
1673 1812 2030 1875 rarumque
2051 1792 2316 1859 virtutis
2356 1813 2580 1858 exem-

622 1878 785 1964 plar.
871 1879 1125 1944 Verum
1168 1877 1379 1944 multo
1421 1879 1631 1961 pluris
1673 1878 1873 1958 facio,
1918 1876 2092 1961 quod
2128 1878 2579 1962 improborum

621 1965 961 2032 hominum
996 1963 1340 2030 calumniis
1374 1963 1551 2049 apud
1585 1963 1940 2030 Caesarem
1979 1964 2144 2029 falso
2179 1971 2513 2049 gravatus,
2530 1964 2580 2047 ¹)

623 2071 836 2135 neque
868 2050 940 2116 id
977 2050 1106 2116 alia
1141 2049 1222 2115 de
1255 2070 1458 2116 causa
1494 2050 1622 2117 nisi
1656 2050 1827 2134 quod
1862 2071 1972 2116 eos
2011 2048 2264 2116 Christi
2296 2071 2580 2134 regnum

624 2137 821 2204 simul
863 2145 1059 2220 atque
1112 2137 1327 2221 coepit
1367 2135 1607 2203 alicubi
1662 2137 2068 2203 efflorescere
2124 2136 2208 2201 ad
2248 2136 2577 2202 insaniam

620 2224 999 2305 rabiemque
1062 2221 1301 2306 adigit,
1365 2222 1646 2289 infracta
1717 2222 1921 2288 animi
1987 2222 2444 2308 magnitudine
2509 2228 2576 2287 te

527 2382 538 2399 ,
623 2315 981 2376 sustentas:
1027 2329 1150 2375 nec
1193 2308 1433 2373 minori
1476 2328 1627 2373 cum
1669 2307 1862 2374 laude
1904 2309 2119 2391 patria
2159 2329 2337 2374 nunc
2371 2329 2572 2386 cares,

622 2414 819 2478 quam
853 2402 973 2460 tua
1013 2394 1389 2478 praesentia
1422 2393 1701 2460 antehac
1736 2394 1948 2477 ipsam
1983 2395 2248 2460 ornasti.
2294 2393 2577 2460 Caetera

622 2481 932 2558 subticeo,
978 2480 1132 2563 quia
1174 2479 1373 2546 nimis
1414 2479 1689 2565 longum
1723 2487 1898 2546 esset
1937 2481 2257 2564 persequi.
2315 2479 2397 2545 Id
2432 2481 2575 2561 qui·

623 2566 772 2632 dem
818 2566 993 2632 inter
1036 2564 1453 2632 Christianos
1505 2567 1657 2650 plus
1712 2585 1910 2649 quam
1964 2587 2311 2632 commune
2367 2567 2574 2632 usita-

620 2661 896 2735 tumque
950 2671 1093 2718 esse
1153 2649 1494 2730 debuerat,
1551 2671 1684 2716 non
1774 2651 2001 2717 raedia
2039 2651 2236 2716 modo
2278 2658 2348 2716 et
2390 2671 2576 2718 arces

621 2745 688 2803 ct
724 2736 1132 2822 principatus
1166 2758 1375 2820 aequo
1412 2737 1631 2802 animo
1666 2674 1919 2803 Christi
1952 2757 2152 2803 001100
2184 2737 2573 2820 relinquere,

620 2822 737 2889 sed
780 2824 979 2889 etiam
1026 2823 1330 2889 alacriter
1387 2822 1799 2906 libenterque
1851 2843 2008 2906 prae
2051 2824 2195 2908 ipso
2240 2823 2575 2908 despicere

620 2907 935 2993 quidquid
988 2909 1111 2975 sub
1170 2908 1347 2974 00010
1409 2908 1950 2992 pretiosissimum
2017 2908 2292 2975 ducitur.
2383 2908 2575 2990 Quae

618 3002 845 3060 tamen
910 3001 1137 3060 nostra
1199 2996 1335 3060 fere
1399 2995 1697 3060 omnium
1760 3002 1865 3061 est
1926 2995 2195 3080 ignavia
2251 2995 2454 3062 simul
2509 3002 2575 3060 01

618 3079 941 3160 socordia,
1007 3089 1082 3147 ut
1134 3079 1457 3166 singulari
1520 3079 1952 3149 admiratione
2016 3079 2219 3166 digna
2282 3091 2384 3148 est
2445 3083 2575 3148 ista

616 3168 833 3234 virtus
847 3218 866 3246 ,
927 3169 1024 3233 ita
1087 3189 1291 3251 quum
1352 3166 1427 3232 in
1489 3173 1558 3232 te
1621 3168 1784 3234 adeo
1847 3168 2200 3252 conspicua
2262 3170 2570 3247 cernitur,

616 3254 877 3319 utinam
918 3254 1162 3319 multos
1204 3252 1287 3317 ad
1327 3253 1782 3320 aemulationis
1825 3253 2119 3320 studium
2162 3254 2568 3320 exstimulat:

615 3360 734 3492 ἲέα
754 3337 1954 3510 Ρξὶῖξὲῗῃῖιοᾶζίἷῖἰὲὲωᾞὶοὲἓὲ
1995 3340 2574 3509 ἐῗῗῖᾇωῑᾚᾚὲ

615 3511 889 3595 spiritus
931 3510 1273 3578 christiani
1314 3511 1685 3578 scintillam.

791 3596 991 3678 Quod
1046 3604 1268 3662 autem
1321 3598 1515 3664 novis
1569 3597 1850 3665 subinde
1892 3597 2461 3665 criminationibus
2502 3605 2571 3665 te

617 3682 1025 3762 adoriuntur,
1061 3704 1223 3767 quos
1258 3690 1517 3750 constat
1548 3705 1692 3750 esse
1723 3684 2003 3750 furiosos
2038 3684 2304 3768 pietatis
2325 3685 2569 3764 hostes,

614 3768 788 3834 nihil
822 3769 1167 3853 proficient
1201 3769 1382 3835 aliud
1417 3769 1549 3835 nisi
1583 3770 1757 3853 quod
1792 3770 1917 3835 hac
1951 3776 2090 3835 tam
2125 3790 2346 3836 crassa
2379 3792 2569 3837 men-

615 3854 824 3920 tiendi
880 3854 1150 3921 licentia
1201 3857 1412 3940 magis
1465 3875 1541 3921 ac
1585 3856 1797 3940 magis
1852 3854 2115 3938 putidos
2158 3878 2229 3923 se
2271 3856 2566 3923 reddent.

617 3939 816 4006 Certe
855 3960 1051 4006 nemo
1094 3962 1293 4008 sanus
1335 3962 1472 4006 non
1515 3943 1838 4026 agnoscit,
1881 3939 2143 4008 rabidos
2187 3962 2331 4009 esse
2374 3964 2569 4009 canes

612 4026 727 4109 qui
768 4047 969 4109 quum
1026 4026 1392 4110 discerpere
1435 4034 1503 4093 te
1546 4034 1858 4110 cuperent
1911 4027 2026 4094 ubi
2079 4028 2380 4095 mordere
2436 4030 2569 4094 iam

610 4117 979 4195 nequeunt,
1037 4112 1340 4178 latrando
1391 4134 1462 4178 se
1503 4113 1923 4180 ulciscantur.
2010 4114 2198 4180 Bene
2252 4122 2357 4181 est
2397 4112 2570 4197 quod

609 4198 837 4282 procul
850 4249 867 4277 ,
922 4204 999 4263 ut
1041 4198 1208 4263 nihil
1260 4197 1544 4264 laedant.
1630 4200 1999 4283 Impiorum
2061 4220 2221 4267 vero
2283 4200 2566 4280 iniuriis,

608 4285 876 4350 tametsi
919 4283 1205 4349 multum
1247 4285 1639 4351 imminutae
1682 4294 1843 4351 sunt
1882 4294 2036 4352 tuae
2070 4286 2387 4366 fortunae,
2433 4308 2568 4352 non

609 4372 830 4437 minus
883 4377 1112 4436 tamen
1164 4369 1338 4454 apud
1395 4373 1539 4456 pios
1581 4393 1779 4438 verae
1822 4372 2072 4456 gloriae
2111 4371 2231 4438 tibi
2276 4374 2566 4439 accessit.

610 4457 963 4524 Caeterum
1031 4465 1135 4536 tu,
1202 4457 1395 4523 sicuti
1460 4457 1794 4523 hominem
1865 4458 2300 4535 christianum
2361 4458 2566 4538 decet,

608 4543 875 4627 longius
918 4544 1205 4626 respicis.
1273 4543 1502 4628 Neque
1547 4545 1725 4609 enim
1770 4544 1926 4609 alibi
1969 4545 2325 4628 acquiescis
2368 4567 2567 4630 quam

607 4629 679 4693 in
724 4628 988 4694 coelesti
1033 4629 1271 4714 gloria,
1331 4650 1498 4712 (11100
1541 4631 1730 4697 001110
1773 4629 1949 4713 apud
1991 4631 2215 4696 Deum
2257 4632 2566 4716 reposita,

609 4713 808 4780 simul
866 4722 1061 4798 atque
1116 4725 1429 4781 externus
1483 4716 1681 4781 homo
1724 4724 1951 4782 noster
1992 4717 2335 4797 interierit,
2381 4725 2567 4801 pate-

607 4803 740 4867 fiet.
827 4801 998 4867 Vale
1014 4851 1030 4879 ,
1087 4802 1649 4884 praestantissime
1693 4803 1814 4881 vir,
1873 4823 2024 4868 cum
2079 4822 2397 4887 generosa
2449 4813 2568 4869 tua

609 4889 902 4973 coniuge.
970 4888 1297 4953 Dominus
1342 4888 1528 4953 Iesus
1571 4886 1797 4954 ambos
1843 4886 1954 4953 diu
1998 4897 2341 4955 conservet
2380 4890 2565 4955 inco-

611 4976 820 5039 lumes
865 4975 932 5038 in
979 4973 1168 5058 regni
1222 4974 1326 5039 sui
1377 4974 1948 5058 propagationem,
2009 4982 2208 5057 atque
2263 4975 2336 5039 in
2378 4974 2565 5041 vobis

612 5148 914 5156 ...α--ο--ψ-
961 5148 1018 5154 --—

631 5262 770 5319 ¹753.
812 5265 866 5329 1)
905 5263 1016 5318 Hic
1049 5264 1381 5330 conferenda
1399 5265 1671 5336 Apologia
1704 5282 1867 5335 quam
1906 5265 2169 5320 Calvinus
2206 5265 2437 5320 Fallest‘t
2470 5281 2566 5321 no·

609 5334 753 5386 mine
787 5334 1129 5401 conscripsit.
1208 5331 1349 5403 Opp-
1397 5333 1454 5386 Τ.
1485 5334 1554 5388 Χ.
1595 5334 1750 5390 Part.
1788 5335 1838 5389 Ι.

2181 401 2711 472 EPISTOLAE
2756 409 2793 471 7
2800 407 3008 471 53-7
3016 408 3094 470 56

4519 413 4616 479 260

2696 592 2776 660 (10
2822 592 3077 661 8010110
3123 601 3389 679 totaque
3432 594 3725 663 hostium
3766 616 4035 664 suorum
4077 596 4359 663 factione
4397 618 4621 684 sempor

2694 680 3082 764 triumphet.
3134 680 3448 749 Genevae
3493 686 3551 748 9.
3590 680 3862 749 Calend.
3907 681 4260 749 Februarii
4307 687 4554 765 1546.²)

3599 1195 3751 1268 754.

3081 1346 3432 1414 CALVIN
3473 1352 3538 1415 A
3580 1348 3673 1414 M.
3719 1348 3848 1415 DE
3892 1349 4257 1418 FALAIS.

2861 1517 2939 1584 Il
2971 1517 3068 1584 lui
3099 1522 3401 1586 trans-md
3433 1520 3500 1586 la
3532 1522 3768 1587 minute
3807 1522 3883 1588 de
3922 1521 3989 1588 la
4020 1522 4304 1591 de'dicaae
4338 1526 4428 1593 du
4472 1524 4627 1598 Gom-

2687 1606 2990 1671 mentaire
3025 1625 3144 1670 sur
3179 1605 3246 1671 la
3267 1606 3580 1686 premiere
3613 1628 3746 1673 aux
3783 1606 4191 1689 Corinthiam,
4228 1630 4397 1687 pour
4431 1613 4629 1679 savoir

2686 1690 2748 1755 si
2791 1690 2902 1755 οΠ0
2931 1695 3089 1772 peut
3132 1692 3258 1757 &bre
3299 1692 3642 1774 imprimes.

2690 1860 3074 1932 (Autographe
3110 1862 3179 1916 de
3213 1863 3269 1916 la
3302 1862 3441 1916 Bibl.
3482 1864 3550 1917 de
3587 1862 3821 1917 Geneve.
3858 1863 3988 1917 Ood.
4025 1863 4143 1931 194,
4179 1866 4271 1921 sol.
4304 1865 4390 1921 24.
4429 1899 4501 1908 —
4533 1868 4609 1923 Im

2684 1929 2890 2000 primes
2926 1930 3062 1984 dans
3097 1930 3339 1985 l’edition
3375 1930 3703 1987 d’Amsterd.
3780 1972 3792 1986 .
3826 1931 3920 1995 39;
3959 1932 4094 1987 dans
4129 1936 4209 1989 les
4244 1935 4470 1991 Lettres
4500 1896 4630 1993 stan:

2684 2000 2855 2069 001000
2890 1999 2950 2053 Τ.
2974 1999 3015 2053 Ι.
3054 2016 3107 2069 p.
3134 1999 3252 2053 138.
3275 2027 3342 2038 —
3365 2001 3503 2054 Mus.
3529 2001 3668 2079 helv.
3692 1949 3776 2054 Hp
3803 1998 3923 2069 569,
3961 2007 4020 2056 et
4038 2002 4237 2057 Edinb.
4261 2005 4321 2058 Τ.
4348 2007 4424 2061 11.
4448 2023 4503 2076 p.
4528 2006 4558 2061 1
4592 2010 4630 2074 .)

2972 2190 3037 2253 A
3079 2187 3550 2273 Monseigneur
3590 2189 3937 2255 Monsieur
3979 2187 4059 2255 de
4101 2189 4344 2258 Fallez.

2850 2323 3343 2409 Monseigneur,
3387 2323 3617 2410 depuis
3659 2346 3798 2391 mes
3831 2327 4063 2392 lettres
4104 2330 4389 2410 escrites,
4437 2332 4503 2397 ie
4538 2353 4633 2399 me

2681 2411 2816 2476 suis
2872 2409 3136 2475 radvise
3188 2410 3507 2477 touchant
3570 2411 3839 2494 lepistre
3894 2411 4289 2480 dedicatoire
4344 2416 4429 2482 de
4485 2439 4633 2484 mon

2680 2497 3177 2562 commentaire:
3232 2518 3345 2562 car
3401 2516 3645 2579 pom-ce
3701 2518 3827 2580 que
3880 2505 4018 2564 cest
4068 2508 4269 2584 grant
4320 2505 4523 2586 poine
4572 2512 4636 2570 et

2680 2581 2995 2648 difficulte
3039 2580 3120 2648 de
3163 2582 3563 2648 sastraindre
3609 2605 3649 2648 a
3690 2583 3965 2667 remplir
4007 2591 4159 2649 tant
4201 2586 4283 2653 de
4323 2609 4533 2674 pages
4574 2597 4635 2656 et

2679 2688 2816 2733 11011
2878 2668 3044 2751 plus,
3111 2670 3172 2733 10
3235 2668 3518 2752 lenvoye
3571 2675 3752 2733 toute
3806 2669 4020 2736 faicte.
4107 2671 4175 2737 Ν
4176 2677 4558 2742 0001100100
4596 2695 4634 2741 a

2679 2754 2834 2821 telle
2890 2754 3223 2820 condition
3282 2754 3498 2837 quelle
3553 2775 3641 2820 ne
3697 2754 4034 2838 simpl-ime
4076 2778 4206 2841 que
4246 2779 4370 2841 par
4413 2768 4634 2829 vostre

2679 2840 3264 2907 commandement.
3307 2840 3634 2906 Pourtant
3666 2838 3819 2925 laije
3859 2842 4117 2909 enclose
4152 2841 4317 2912 dans
4352 2846 4450 2914 les
4491 2868 4633 2933 pre-

2679 2934 2898 2993 sentes
2964 2927 3122 2992 affin
3186 2947 3311 3010 que
3371 2926 3669 2993 Vendelin
3692 2930 3742 3001 ¹)
3807 2949 3892 2993 ne
3950 2927 4073 2993 lait
4134 2950 4265 3012 que
4329 2953 4457 3016 par
4521 2955 4634 3002 vos

2677 3013 2908 3079 mains.
2999 3010 3104 3077 Sil
3159 3032 3246 3078 ne
3303 3034 3466 3079 vous
3519 3012 3766 3079 semble
3822 3033 3942 3097 pas
3993 3015 4349 3099 expedient
4404 3040 4536 3104 que
4575 3020 4633 3086 ie

2679 3120 2843 3167 vous
2892 3099 3213 3179 ladresse,
3269 3101 3377 3165 ien
3416 3101 3621 3185 ‘feray
3674 3120 3804 3165 une
3857 3102 4194 3182 nouvelle,
4254 3112 4481 3172 estant
4524 3106 4636 3173 ad·

2677 3207 2794 3251 ver
2870 3236 2885 3250 .
2976 3188 3086 3250 Au
3130 3192 3304 3252 reste
3344 3206 3430 3250 ne
3473 3207 3637 3252 vous
3689 3185 4059 3253 esbahissez
4113 3188 4170 3254 si
4212 3190 4275 3255 ie
4318 3191 4510 3274 parle
4553 3213 4635 3258 en

2675 3271 2815 3338 brie
2877 3270 2957 3337 de
2992 3292 3178 3337 vous.
3240 3270 3373 3337 Car
3392 3272 3457 3337 ie
3479 3272 3853 3357 craingnois
3895 3272 4285 3342 dattoucher
4363 3278 4634 3363 uelques

2676 3358 2936 3441 espines
2993 3379 3075 3422 en
3118 3379 3168 3442 y
3210 3364 3480 3423 entrant
3534 3357 3684 3443 plus
3739 3366 3958 3424 avant.
4047 3359 4223 3427 Mais
4277 3383 4349 3428 se
4375 3386 4468 3430 00
4512 3385 4634 3448 (1110

2673 3442 2770 3509 100
2814 3443 3045 3510 choses
3099 3464 3170 3508 se
3211 3451 3579 3527 porteront,
3636 3463 3803 3508 noun
3858 3465 4217 3527 pourrons,
4273 3468 4358 3514 011
4402 3449 4636 3534 plaisir

2675 3528 2758 3595 de
2792 3528 2986 3608 Dien,
3032 3549 3073 3594 a
3107 3529 3173 3595 la
3206 3529 3487 3596 seconde
3528 3530 3915 3614 impression
3931 3533 3989 3611 2)
4033 3533 4339 3600 desduire
4379 3536 4636 3619 pleine-

2673 3622 2860 3681 ment
2902 3622 3047 3681 tout
3088 3636 3163 3681 ce
3205 3616 3318 3699 qui
3361 3637 3510 3681 sera
3553 3614 3632 3680 (10
3674 3617 3959 3682 mestier.
4021 3617 4343 3685 Combien
4385 3623 4634 3689 iaurois

2674 3700 2887 3785 grand
2940 3699 3141 3781 desir,
3200 3702 3257 3767 si
3316 3701 3545 3768 cestoit
3599 3702 3662 3767 le
3717 3702 3947 3785 plaisir
4001 3702 4083 3769 de
4138 3705 4345 3784 Dieu,
4410 3708 4633 3775 destre

2674 3808 2835 3854 avec
2889 3808 3054 3854 vous
3107 3787 3271 3854 trois
3321 3809 3407 3853 ou
3503 3796 3718 3853 uattre
3769 3790 3980 3869 iours,
4033 3811 4201 3873 pour
4244 3791 4511 3860 deviser
4555 3794 4633 3860 de

2671 3872 2928 3939 bouche
2966 3873 3247 3956 plustost
3288 3894 3413 3957 que
3501 3875 3758 3940 escrire.
3839 3874 4001 3940 Cest
4040 3877 4328 3959 possible
4368 3880 4555 3946 follie
4595 3900 4634 3945 a

2672 3980 2830 4044 mo)r
2874 3957 2956 4025 de
2997 3980 3235 4044 penser
3279 3980 3407 4042 que
3448 3980 3559 4024 ma
3600 3978 3912 4044 presence
3955 3982 4121 4029 vous
4161 3966 4386 4031 servit.
4456 3966 4633 4032 Mais

2673 4066 2843 4131 quoy
2859 4043 2891 4108 ?
2952 4063 3151 4111 encor
3202 4065 3328 4128 que
3383 4045 3450 4111 la
3492 4046 3731 4112 faculte
3776 4045 4089 4126 deffaille,
4143 4049 4485 4117 laffection
4527 4070 4633 4117 me

2670 4131 2829 4197 faict
2888 4131 3108 4213 parler
3161 4130 3343 4197 ainsi.
3435 4133 3764 4197 Toutefois
3824 4153 3899 4197 ce
3954 4143 4107 4199 sont
4160 4138 4459 4203 souhaitz
4521 4135 4633 4221 qui

2672 4226 2823 4282 sont
2862 4218 3014 4300 plus
3058 4236 3098 4282 a
3143 4238 3249 4285 sez
3287 4239 3327 4283 a
3359 4218 3522 4283 faire
3564 4239 3689 4300 que
3733 4219 4064 4302 acomplir.
4121 4222 4317 4288 Ainsi
4359 4236 4633 4290 conten·

2672 4310 2822 4369 tons
2866 4324 3036 4368 nous
3124 4325 3161 4369 e
3203 4325 3278 4369 ce
3321 4324 3449 4386 que
3493 4304 3667 4370 Dieu
3710 4326 3880 4370 nous
3923 4303 4154 4372 donne.

2841 4387 3011 4454 Hier
3052 4411 3221 4455 nous
3265 4409 3523 4455 eusmes
3566 4389 3672 4474 icy
3713 4390 4057 4457 nouvelles
4103 4393 4183 4458 de
4222 4393 4292 4460 la
4327 4395 4631 4462 deffaicte

2673 4473 2756 4540 de
2798 4483 3057 4557 quattre
3115 4474 3298 4540 mille
3355 4475 3637 4559 Anglois
3692 4497 3813 4559 par
3869 4475 4056 4561 cincq
4114 4500 4272 4545 cens
4321 4481 4629 4548 chevaux

2670 4560 2932 4645 legiers.
3022 4560 3197 4628 Mais
3241 4569 3379 4626 cest
3420 4560 3502 4627 de
3543 4561 3816 4628 Franco.
3834 4562 3894 4648 ⁸)

2875 4851 2936 4922 2)
2972 4853 3022 4908 h.
3048 4868 3091 4908 0.
3125 4849 3209 4905 24.
3246 4850 3510 4906 Ianuarii
3541 4869 3652 4907 non
3684 4851 3786 4919 22„
3821 4854 3969 4924 quod
4002 4855 4162 4910 habet
4194 4858 4371 4912 versio
4403 4856 4626 4925 anglica

2668 4935 2905 5043 eqdeqi
2928 4920 3152 5043 εεῧιῖᾱῗίο
3185 4922 3212 4974 i
3247 4921 3538 5043 selae-ditari
3554 4921 3750 5044 ίῆαῑέιιιε
3783 4922 3860 5008 iot⁸
3884 4923 4098 5047 ff&
4121 4925 4202 4991 fr.
4249 4923 4309 4979 T.
4337 4925 4387 4980 I.
4416 4941 4482 4994 p.
4508 4923 4624 4979 138.

2794 5026 2835 5140 Γ
2877 4992 2937 5122 2))
2978 5059 3100 5111 Ello
3132 5006 3234 5112 Βειιιε
3252 5005 3399 5141 alt-6:⁴8¹
3428 5006 3518 5112 25²⁸
3538 4998 3665 5112 1151131
3681 4995 4383 5140 ,πεαᾷίναΐὲὸίέιᾌᾶηὲυο
4413 5061 4621 5129 ivo-fol-

2673 5127 2830 5181 Mazs
2865 5128 2922 5182 la
2956 5127 3209 5181 dedteace
3243 5127 3338 5180 1ιά
3373 5126 3453 5182 ete'
3485 5128 3721 5198 chanqee
3753 5146 3819 5182 en
3854 5145 3991 5185 men.

2874 5195 2935 5261 3)
2973 5197 3055 5251 Le
3100 5197 3308 5251 combat
3354 5204 3443 5250 eut
3487 5199 3594 5250 lieu
3641 5213 3757 5251 aux
3799 5200 4056 5252 environs
4103 5198 4170 5253 de
4213 5198 4339 5252 Bou
4512 5239 4528 5265 ,
4576 5199 4624 5252 lo

2666 5264 2974 5319 lendemain
3024 5265 3100 5319 du
3152 5263 3349 5334 de'part
3411 5266 3506 5320 des
3557 5267 3979 5321 ambassadeurs
4029 5268 4329 5322 allemands
4492 5274 4517 5322 t
4566 5267 4623 5322 la

2669 5335 2897 5388 mnbsion
2933 5335 3086 5388 avait
3118 5331 3316 5390 00110οέ
3350 5334 3458 5401 (Ν.
3476 5332 3595 5401 749,
3614 5341 3722 5390 not.
3742 5335 3821 5402 8).
3858 5337 4129 5392 Postridie
4165 5354 4430 5392 annonam
4470 5336 4617 5391 Galli
