4825 6175
671 393 799 459 239

674 599 895 729 nen-<5⁶35²
936 578 1137 662 officio
1167 599 1364 662 pares
1404 598 1528 644 non
1566 578 1840 659 fuerunt.
1898 576 2058 642 Alia
2094 576 2399 642 nonnulla
2442 573 2527 651 ὥς
2569 577 2630 640 ἐν

673 685 837 752 παρα
877 688 945 752 φ.

674 837 786 904 (Ex
821 837 1157 908 autographo
1192 835 1322 892 God.
1344 835 1549 890 Gener.
1569 833 1687 900 106,
1709 834 1799 888 sol.
1823 831 1940 887 150.
1997 832 2326 902 Apographa
2358 833 2631 887 habentur

674 912 739 959 ut
771 907 950 960 solent
982 907 1040 960 in
1076 905 1205 959 Ood.
1232 903 1332 957 111
1346 917 1373 946 ⁸
1371 945 1429 1027 gt
1434 905 1526 1026 fgli.
1523 903 1597 1026 131
1598 942 1612 967 ‚
1648 901 1776 1025 1ν1ἐ1,
1802 903 1899 1025 ἰὲἑ
1905 901 2044 1037 )130;
2081 903 2247 955 Bern.
2285 901 2410 956 VH.
2449 919 2503 972 p.
2528 901 2630 957 738

672 1146 937 1213 Eximio
981 1146 1254 1211 Domini
1304 1145 1513 1210 nostri
1570 1143 1728 1209 Iesu
1772 1142 2029 1209 Ohristi
2085 1142 2383 1207 ministro
2428 1142 2628 1207 Petro

847 1232 1077 1296 Vireto
1119 1230 1615 1297 Lausannensis
1668 1228 1978 1295 ecclesiae
2034 1228 2286 1312 pastori
2329 1228 2521 1293 fratri
2563 1238 2630 1293 et

845 1325 1251 1401 symmystae
1292 1317 1645 1383 carissimo,

847 1453 1073 1535 Quum
1116 1475 1224 1518 me
1267 1473 1477 1535 nuper
1511 1459 1810 1536 rogasset
1833 1450 2127 1516 Farequs
2163 1458 2240 1516 ut
2274 1450 2355 1516 de
2388 1450 2629 1518 Iacobo

691 1540 939 1607 Valerio
991 1549 1210 1606 tecum
1267 1559 1527 1624 agerem
1545 1588 1561 1617 ‚
1620 1537 1931 1620 respondi
1994 1544 2068 1602 ut
2132 1536 2361 1602 debui:
2430 1539 2627 1604 nimis

671 1626 870 1693 stulte
927 1645 1038 1691 eos
1095 1626 1325 1691 fecisse
1342 1676 1358 1703 ,
1417 1625 1531 1708 qui
1588 1623 1713 1689 sibi
1756 1623 2078 1707 eligerent
2119 1644 2314 1704 quem
2360 1644 2400 1688 a
2445 1622 2626 1689 vobis

671 1712 948 1779 electum
1008 1712 1093 1776 iri
1150 1710 1459 1777 sciebant.
1551 1708 1630 1775 Si
1674 1710 1932 1776 veneris
1947 1759 1963 1787 ,
2023 1707 2439 1791 dispiciemus
2499 1730 2628 1792 qua

667 1799 922 1864 ratione
980 1797 1221 1882 corrigi
1274 1797 1479 1880 possit
1532 1816 1758 1860 eorum
1802 1794 2103 1860 stultitia.
2192 1794 2422 1877 Neque
2466 1815 2626 1860 vero

669 1902 1006 1951 successor
1045 1882 1403 1966 Gapunculo
1445 1890 1705 1946 tantum
1748 1878 2159 1964 quaerendus
2200 1883 2342 1959 erit,
2388 1880 2505 1945 sed
2549 1879 2629 1946 de

669 1977 808 2035 toto
852 1970 1163 2035 ecclesiae
1203 1969 1387 2034 illius
1430 1976 1605 2034 statu
1649 1965 2080 2032 tractandum.
2169 1965 2384 2032 Simul
2431 1966 2626 2031 etiam

669 2053 896 2120 audies
940 2055 1116 2120 unde
1160 2055 1445 2121 excitata
1484 2052 1687 2118 fuerit
1730 2051 2079 2135 trepidatio
2114 2052 2183 2117 in
2218 2051 2343 2117 hac
2378 2051 2556 2118 urbe.
2575 2057 2625 2127 ι)

668 2139 844 2205 Nam
923 2140 1134 2206 literis
1201 2160 1425 2205 veram
1490 2158 1757 2205 causam
1821 2138 2189 2221 exprimere
2253 2159 2389 2202 non
2453 2138 2623 2204 licet.

666 2227 842 2293 Puto
887 2226 1228 2293 Nicolaum
1278 2225 1688 2291 Schindemm
1703 2275 1720 2302 ‚
1740 2223 1800 2306 ²)
1843 2244 2047 2307 quum
2089 2224 2251 2290 istac
2293 2224 2625 2302 transiret,

669 2312 913 2395 aliquid
978 2313 1096 2379 tibi
1160 2310 1405 2377 dixisse
1467 2310 1547 2376 de
1612 2308 1940 2375 mandatis
2018 2330 2187 2392 quae
2264 2310 2628 2374 attulerunt

669 2399 984 2481 postremi
1019 2399 1239 2482 legati.
1287 2396 1690 2463 Obtulerunt
1712 2397 1887 2462 enim
1918 2416 1988 2460 se
2026 2395 2109 2460 ad
2146 2396 2391 2460 omnia:
2430 2393 2627 2479 idque

667 2484 813 2550 fieri
848 2504 932 2548 ex
966 2485 1187 2549 animo
1219 2483 1386 2548 mihi
1422 2482 1703 2548 asseruit
1730 2481 2052 2547 Nicolaua
2124 2479 2628 2563 Champerellmn

668 2569 873 2635 fuisse
933 2568 1292 2635 admissum
1346 2591 1476 2634 non
1535 2578 1634 2633 est
1689 2566 1862 2650 quod
1904 2567 2181 2632 mireris.
2270 2567 2442 2633 Nam
2488 2568 2628 2634 eius

667 2675 931 2721 causam
976 2655 1108 2721 duo
1151 2653 1466 2739 praefecti
1508 2660 1964 2736 susceperant,
2020 2673 2237 2736 neque
2277 2654 2481 2718 finem
2521 2655 2627 2718 in-

671 2741 890 2807 standi
956 2742 1251 2807 fecerunt
1313 2739 1519 2806 donec
1584 2738 1851 2804 tandem
1918 2737 2281 2803 obtinuerit
2336 2739 2629 2823 qualem-

668 2848 930 2910 cunque
996 2828 1229 2894 looum.
1329 2826 1593 2892 Profuit
1654 2845 1810 2908 ergo
1875 2823 1972 2889 illi
2033 2824 2278 2890 habere
2348 2824 2631 2891 Pauuoii

669 2932 961 2979 uxorem.
981 2914 1039 2996 ³)
1098 2913 1453 2979 Caeterum
1491 2932 1531 2975 a
1563 2910 1881 2976 fratribus
1924 2912 2166 2976 nostris
2207 2909 2387 2975 haud
2433 2910 2627 2977 dubie

666 2996 912 3082 proditi
968 3016 1215 3065 sumus.
1305 2995 1702 3080 Quanquam
1759 2995 1935 3061 enim
1989 3016 2126 3061 non
2181 2995 2376 3062 credo
2392 3047 2407 3075 ,
2456 2995 2628 3080 quod

665 3083 795 3151 iste
852 3084 1094 3151 nebulo
1145 3083 1393 3169 passim
1448 3084 1678 3162 iactat,
1725 3104 1837 3149 eos
1893 3082 2095 3149 fuisse
2138 3082 2280 3149 suff
2433 3091 2624 3163 tores,

667 3169 861 3237 video
919 3178 1142 3237 tamen
1195 3170 1482 3237 officium
1537 3189 1951 3253 nequaquam
2006 3170 2250 3235 fecisse.
2407 3170 2628 3235 aleant

668 3257 874 3342 igitur
914 3259 987 3322 in
1027 3263 1384 3342 posterum.
1443 3255 1704 3321 Cruseti
1723 3255 1781 3338 ⁴)
1824 3255 2128 3321 minister
2170 3255 2475 3340 proximo
2494 3254 2628 3322 Ve-

668 3344 847 3410 neris
893 3341 997 3408 die
1039 3352 1191 3427 post
1233 3342 1521 3408 natalem
1566 3340 1839 3407 Domini
1872 3361 1913 3404 a
1946 3341 2134 3408 vobis
2177 3349 2359 3425 petet
2399 3342 2627 3409 classis

665 3429 937 3494 nomine
1001 3438 1077 3494 ut
1131 3428 1585 3494 intercessioni
1648 3446 1845 3511 quam
1908 3427 2268 3493 instituunt
2331 3436 2626 3495 vestrum

668 3534 924 3598 quoque
988 3536 1227 3581 nomen
1295 3511 1703 3580 subscribere
1772 3512 2006 3578 velitis.
2093 3512 2290 3594 Quod
2344 3534 2385 3578 a
2439 3514 2626 3580 vobis

666 3598 1179 3683 impetraturum
1214 3600 1487 3667 confido.
1548 3597 1738 3678 Vale,
1774 3598 1868 3663 mi
1906 3598 2111 3663 frater
2145 3607 2215 3664 et
2248 3600 2456 3666 amice
2490 3600 2625 3666 sin-

786 3686 938 3752 aris.
1026 3687 1252 3752 Tavtor
1294 3683 1587 3750 nondum
1632 3681 1844 3750 rediit.
1933 3683 2019 3749 In
2063 3684 2359 3769 singulas
2400 3694 2625 3751 tamen

716 3790 866 3838 oras
909 3792 1061 3836 eum
1103 3780 1427 3856 exspecto.
1515 3772 1621 3836 De
1670 3790 1876 3836 uxore
1924 3778 2040 3836 tua
2092 3772 2346 3836 utinam
2403 3773 2626 3855 proxi-

665 3857 795 3922 mis
813 3858 875 3934 ὅ)
928 3857 1140 3923 literis
1196 3857 1431 3924 laetius
1486 3857 1676 3923 nobis
1734 3855 1983 3939 aliquid
2041 3856 2388 3940 significes.
2478 3858 2626 3924 Nisi

603 3947 622 3954 “
664 3950 1023 4008 matertera
1065 3944 1200 4009 iam
1243 3941 1608 4028 periculum
1655 3941 1971 4020 evaserit,
2032 3943 2233 4008 timeo
2276 3964 2363 4008 ne
2407 3952 2623 4009 actum

667 4029 758 4095 sit
801 4028 881 4093 de
923 4029 1066 4094 eius
1109 4031 1266 4096 vita.
1338 4027 1666 4094 Dominus
1708 4026 1896 4094 vobis
1942 4026 2130 4108 adsit,
2176 4050 2292 4095 vos
2337 4037 2623 4110 tueatur,

665 4134 790 4181 vos
834 4115 1071 4198 spiritu
1116 4114 1580 4181 consolationis
1624 4114 1891 4198 repleat,
1967 4116 2202 4180 Amen.
2286 4114 2622 4202 Genevae,

673 4205 770 4266 18.
817 4201 1129 4269 Decemb.
1183 4207 1365 4268 1545.

1594 4285 1877 4351 Ioannes
1920 4284 2237 4353 Calvinus
2279 4293 2449 4353 tuus.

872 4495 932 4626 εὖ
976 4561 1068 4616 sic
1109 4532 1309 4617 σοῖιοω.
1382 4560 1645 4615 scomma
1688 4560 1848 4616 habet
1885 4559 2260 4629 ammaum,
2307 4560 2455 4630 quoa
2487 4575 2623 4618 sm

662 4630 1100 4698 praeferendum.
1185 4630 1411 4685 Videtur
1455 4628 1632 4695 fuisse
1685 4635 1906 4685 senator
1952 4629 2341 4697 Remmium,
2391 4639 2621 4700 quorum

666 4700 830 4753 etiam
902 4702 963 4754 ui
996 4699 1083 4753 hic
1119 4699 1424 4752 laudantur
1455 4700 1636 4768 leqati.

911 4771 933 4834 )
972 4768 1127 4822 Haec
1173 4767 1251 4821 ad
1293 4768 1562 4822 interiora
1615 4767 1949 4834 pertinuisse
1989 4766 2154 4832 facile
2197 4767 2480 4835 coniides,
2523 4785 2622 4824 nec

665 4837 865 4890 mirum
898 4837 1042 4891 mm
1071 4836 1212 4891 lucis
1245 4836 1767 4906 Hundeshaqenium
1802 4837 1999 4903 afferre
2025 4852 2083 4903 p.
2121 4833 2242 4889 201.

873 4905 936 4966 4)
980 4904 1169 4959 Oroaeet
1212 4905 1365 4960 vicus
1410 4907 1555 4960 inter
1604 4904 1722 4959 Gex
1767 4910 1817 4959 et
1855 4903 2024 4972 Serqy
2077 4904 2156 4958 ad
2191 4904 2362 4959 lurae
2405 4904 2622 4960 radices

667 4973 823 5028 situs.
890 4973 1042 5028 Certe
1077 4976 1138 5029 in
1172 4974 1295 5042 ipso
1323 4989 1472 5043 payo
1512 4972 1816 5028 Genevensi
1848 4973 1954 5027 tale
1987 4988 2182 5027 nomen
2216 4990 2330 5028 non
2364 4974 2620 5029 occurrit.

872 5041 933 5109 5)
976 5041 1069 5098 Sic
1099 5044 1437 5098 restituimus
1469 5042 1619 5113 quod
1667 5042 2047 5112 automaphoa
2083 5044 2338 5111 praebet.-
2380 5044 2620 5113 proimis.

672 5111 886 5167 Caetera·
918 5114 1233 5168 emendcmt:
1267 5113 1474 5181 primis.

1458 5289 1865 5297 mffld

2222 384 2751 498 ΕΡῌΤΟΙΑΑΕ
2796 389 3136 453 743-746

3636 574 3790 649 744.

3123 711 3479 779 OALVIN
3521 715 3585 778 A
3629 713 3724 779 M.
3770 712 3900 779 DE
3944 713 4308 782 FALAIS.

2904 867 3118 932 Elui
3169 868 3593 933 recommande
3648 888 3762 934 son
3819 868 3985 951 frere
4037 870 4290 936 double
4345 872 4641 954 voyage&

2728 952 3115 1105 ma
3162 951 3539 1037 Strasbourq
3593 959 3652 1019 et
3703 959 3793 1019 est
3832 954 4129 1022 desis-em:
4186 956 4431 1023 d’avoir
4470 958 4643 1024 deses

2732 1191 3127 1315 (AutoEgraphe
3157 1191 3226 1273 de
3269 1193 3325 1245 la
3360 1192 3503 1246 Bibl.
3542 1192 3611 1246 de
3646 1191 3882 1248 Geneve.
3940 1193 4070 1248 Cod.
4106 1193 4226 1278 194,
4259 1195 4351 1250 fol.
4387 1195 4437 1251 2.
4505 1197 4568 1251 M.
4595 1198 4648 1254 de

2932 1262 3065 1314 alais
3101 1265 3238 1314 ecrit
3272 1279 3342 1314 au
3376 1261 3501 1315 dos:
3544 1261 3846 1330 Respondit
3878 1262 3927 1317 le
3959 1260 3996 1316 5
4030 1262 4268 1318 Janvm·
4302 1281 4380 1319 an
4412 1263 4524 1332 46.)

2987 1418 3049 1481 A
3095 1416 3566 1502 Monseigneur
3607 1416 3950 1483 Monsieur
3990 1417 4071 1484 de
4114 1418 4356 1484 Fallez.
4430 1494 4439 1500 ,

2900 1554 3389 1637 Monseigneur,
3437 1573 3677 1637 pource
3721 1576 3848 1636 que
3891 1576 4045 1621 mon
4088 1557 4261 1620 frere
4304 1558 4559 1623 servii-a
4592 1556 4655 1624 de

2728 1639 2958 1705 lettres
3015 1640 3125 1725 iay
3182 1640 3399 1705 bonne
3455 1661 3694 1706 excuse
3739 1640 3822 1705 de
3866 1662 3953 1706 ne
3996 1663 4160 1708 vous
4219 1642 4403 1725 point
4449 1644 4656 1709 esci-ire

2730 1726 2877 1808 plus
2921 1746 3007 1789 au
3050 1725 3225 1809 long.
3311 1723 3387 1789 Ie
3429 1747 3589 1810 croy
3644 1726 3785 1809 quil
3839 1747 3987 1793 sera
4031 1727 4300 1811 besoing
4344 1729 4485 1812 quil
4525 1750 4658 1795 vous

2728 1820 3059 1895 racompte
3102 1810 3168 1876 la
3210 1830 3404 1876 cause
3445 1811 3528 1876 de
3570 1832 3689 1877 son
3733 1813 3965 1897 voiage
3996 1813 4047 1896 ¹)
4091 1822 4159 1879 et
4199 1813 4339 1897 quil
4380 1836 4470 1880 en
4510 1834 4657 1881 oom-

2729 1896 3084 1979 municque
3126 1916 3286 1964 avec
3328 1918 3514 1964 vous.
3575 1897 3850 1969 Comme
3891 1899 3957 1964 ie
3991 1919 4224 1984 seroye
4269 1900 4422 1966 bien
4466 1921 4662 1984 marry

2729 1982 2865 2066 quil
2918 1982 3055 2049 fust
3111 1983 3469 2067 enveloppe
3524 2004 3609 2048 en
3667 1984 3809 2049 rien
3864 2006 3953 2049 ou
3997 2007 4166 2051 vous
4210 1987 4466 2053 eussiez
4508 1985 4662 2052 dom·

2729 2090 2951 2153 mage:
2998 2069 3175 2134 aussi
3208 2069 3271 2132 ie
3306 2088 3537 2154 seroye
3577 2068 3825 2135 ioieulx
3867 2071 4003 2153 quil
4048 2091 4210 2138 vous
4253 2072 4442 2154 peult
4483 2073 4662 2138 servir

2729 2176 2770 2220 a
2813 2163 3036 2221 vostre
3078 2154 3325 2237 proflot.
3414 2155 3597 2220 Nous
3639 2176 3922 2222 sommes
3966 2157 4297 2223 tousiours
4340 2156 4665 2223 attendam

2729 2260 2919 2324 apres
2962 2261 3079 2306 vos
3124 2239 3458 2306 nouvelles
3513 2260 3673 2307 avec
3716 2252 3917 2324 grant
3962 2241 4157 2309 desir.
4247 2243 4340 2308 Et
4383 2252 4591 2327 quant
4623 2241 4662 2307 il

2728 2326 3096 2477 ffirssua‘ffi'ss
3119 2325 3479 2494 {333³ss
3513 2347 3711 2478 ⁶¹22?
3732 2330 3904 2480 „2¹:2³2
3945 2329 4665 2481 afflatam

2731 2495 2814 2562 de
2858 2504 3007 2562 tout
3050 2507 3271 2563 vostre
3313 2434 3578 2573 estatg)
3658 2498 3792 2566 Gar
3834 2501 3895 2566 ie
3938 2519 4105 2567 vous
4147 2435 4415 2567 asgeure
4462 2521 4583 2584 que
4617 2500 4667 2565 ie

2730 2583 2991 2667 languis
3035 2591 3242 2666 quant
3284 2584 3347 2647 ie
3390 2584 3530 2649 suis
3573 2584 3731 2668 long
3773 2593 3987 2669 temps
4028 2607 4185 2652 sans
4224 2587 4483 2654 scavoir
4516 2605 4666 2653 oom-

2731 2676 2916 2734 ment
2938 2676 3085 2734 tout
3105 2690 3177 2734 se
3211 2677 3401 2753 porte
3437 2671 3595 2734 ohez
3632 2690 3815 2737 vous.
3856 2672 4452 2756 Principallement
4473 2678 4669 2740 vostre

2729 2775 3055 2838 personne
3097 2763 3165 2820 et
3205 2755 3368 2821 celle
3402 2753 3484 2820 de
3519 2755 4030 2823 Madamoiselle.
4095 2757 4232 2825 Sur
4273 2777 4367 2836 ce,
4414 2759 4667 2833 nonar„

2732 2860 2923 2924 apres
2976 2841 3160 2907 avoir
3213 2841 3373 2907 faict
3427 2862 3567 2907 mes
3622 2842 3924 2909 humbles
3966 2843 4603 2911 recommandations
4637 2863 4670 2907 a

2731 2933 2880 2992 tous
2915 2926 3111 3006 deux,
3154 2926 3220 2992 ie
3251 2927 3514 3013 prieray
3550 2934 3774 2994 nostre
3810 2930 3941 2995 bon
3974 2931 4150 2996 Dieu
4183 2927 4265 2995 de
4299 2951 4475 2998 vous
4509 2928 4670 2997 avoir

2730 3013 3060 3079 tousiours
3104 3034 3190 3078 en
3232 3034 3308 3079 sa
3349 3014 3597 3079 saincte
3653 3013 3856 3098 garde
3871 3067 3889 3096 ,
3945 3036 4116 3082 vous
4171 3024 4566 3101 augmentet
4602 3012 4670 3079 de

2729 3099 2881 3183 plus
2923 3121 3010 3166 en
3043 3100 3194 3183 plus
3229 3121 3313 3166 en
3347 3121 3452 3167 ses
3494 3100 3820 3168 richesses
3862 3101 4135 3169 celestes
4166 3110 4237 3168 et
4274 3123 4443 3170 vous
4478 3100 4670 3170 main·

2728 3185 2906 3251 tenir
2956 3185 3021 3251 le
3063 3187 3370 3271 couraige
3423 3187 3563 3270 quil
3618 3206 3784 3253 vous
3826 3206 3868 3252 a
3910 3186 4124 3254 donne
4178 3186 4259 3254 de
4313 3193 4669 3256 surmontet

2730 3270 2795 3337 le
2823 3269 3080 3338 monde.
3123 3273 3232 3338 De
3255 3273 3552 3340 Genefve
3575 3294 3661 3338 en
3686 3271 3876 3339 haste
3901 3292 3976 3339 oe
3998 3275 4167 3340 xxix
4188 3273 4272 3340 de
4301 3274 4668 3343 Decembre.

3456 3376 3702 3441 Vostre
3747 3377 4073 3442 serviteur
4115 3376 4385 3442 humble
4430 3378 4601 3444 fiere

3553 3473 3621 3527 et
3663 3464 3876 3527 entier
3918 3482 4074 3547 amy
4114 3482 4157 3527 a
4198 3463 4507 3531 iammais

3775 3547 3985 3614 Iehan
4028 3547 4287 3615 Calvia.

3635 3924 3788 3998 745.

3177 4062 3650 4131 OALVINUS
3694 4063 4245 4131 LIBER'I'E'I'O.

2815 4219 3170 4286 Domestica
3186 4224 3241 4285 et
3250 4221 3512 4303 privata
3530 4219 3834 4286 nonnulla
3853 4219 4116 4287 breviter
4134 4219 4384 4303 adimit
4410 4216 4661 4303 ”eydio-

2833 4374 2946 4439 (Ex
2982 4374 3319 4444 autographo
3353 4373 3725 4428 Bibliothecae
3760 4379 4041 4443 pastorum
4076 4373 4578 4438 Neocomensium.)

2723 4528 2847 4595 Pio
2891 4535 2959 4595 et
2999 4527 3256 4594 erudito
3301 4528 3444 4593 viro
3479 4527 3954 4612 christophoro
3987 4529 4208 4596 Fabro
4246 4524 4665 4595 'Bononiensis

2895 4614 3205 4681 ecclesiae
3239 4612 3621 4681 fidelissimo
3641 4616 3887 4699 pastori
3919 4623 4324 4703 symmystae
4344 4612 4665 4683 carissimo

2896 4708 2963 4766 et
3003 4701 3212 4766 amico
3255 4700 3695 4784 integerrimo.

2898 4818 2969 4885 S.
3058 4818 3165 4884 Ita
3205 4819 3379 4885 male
3427 4821 3601 4886 inter
3644 4830 3708 4886 te
3746 4829 3814 4887 et
3857 4820 4177 4908 collegam
4206 4791 4423 4890 ¹fuisse
4466 4830 4664 4886 trans·

2722 4913 2974 4985 actum,
3017 4904 3190 4989 quod
3231 4905 3442 4973 nihilo
3484 4906 3706 4973 futura
3745 4915 3920 4973 esset
3961 4908 4194 4974 melior
4236 4915 4352 4975 tua
4392 4905 4664 4975 conditio

2745 5110 2893 5164 ¹744.
2935 5110 3079 5176 1)11
3111 5125 3236 5165 sera
3269 5126 3459 5166 encore
3570 5113 3742 5167 oetion
3776 5112 3843 5166 de
3876 5129 3935 5168 ce
3968 5129 4171 5183 voyaye
4205 5112 4351 5168 dam
4382 5128 4496 5168 une
4528 5113 4663 5166 lewe

2724 5181 2763 5235 ὰ
2799 5179 2974 5234 Fas-el
3004 5179 3083 5233 du
3114 5178 3198 5233 26.
3223 5179 3454 5248 janvier
3519 5179 3640 5236 546.
4649 5241 4660 5253 ‚

2929 5246 3273 5319 2)118’a9it
3317 5250 3384 5304 dc
3428 5248 3678 5305 laxant&
3721 5249 3800 5304 du
3844 5250 4020 5306 baron
4062 5250 4197 5307 dont
4244 5245 4658 5319 auite'parh

2718 5316 2850 5385 plus
2883 5316 3047 5373 εἴακε
3075 5317 3192 5383 fois
3224 5319 3298 5373 les
3332 5321 3469 5374 mois
3498 5316 3827 5388 praedante.
