4825 6175
187 437 303 498 241

182 621 250 686 in
293 619 465 685 bona
507 638 705 685 causa
747 639 947 702 quam
992 617 1309 686 adversae
1352 621 1559 705 partis
1600 621 1671 686 in
1713 620 1925 686 malal
1986 619 2134 687 Uti-

182 726 335 771 nam
392 725 527 770 non
579 726 712 789 pax
765 704 958 770 modo
1012 703 1129 769 sed
1169 706 1515 772 concordia
1555 708 1754 772 etiam
1798 707 1973 773 inter
2014 728 2134 772 vos

179 793 370 857 firma
435 791 540 855 sit.
629 790 736 854 Ex
799 790 1011 856 literis
1074 811 1239 873 quas
1305 792 1542 857 misisti
1607 791 1850 858 alteras
1916 793 2134 876 recepi

180 877 517 942 duntaxat.
619 875 796 940 Mihi
859 875 1045 941 dolor
1108 897 1379 943 uxorem
1447 885 1632 942 tuam
1695 884 1764 943 et
1829 877 2133 944 Hennam

178 969 469 1028 vestram
510 962 739 1026 morbo
782 961 983 1028 simul
1024 962 1342 1028 afflictari.
1405 963 1580 1029 Nam
1619 984 1702 1028 ex
1737 982 1845 1027 me
1880 964 2130 1030 coniec-

176 1059 394 1112 turam
438 1047 608 1113 facio
652 1047 885 1129 quibus
927 1048 1243 1114 molestiis
1285 1048 1659 1132 impliceris.
1759 1049 1915 1114 Mea
1956 1047 2132 1115 diffi-

175 1133 384 1200 culter
408 1153 479 1198 se
500 1131 769 1216 colligit.
814 1132 1371 1199 Haemorrhoides
1407 1134 1622 1200 adhuc
1643 1154 1789 1200 eam
1814 1135 2129 1201 cruciant.

174 1218 477 1284 Accessit
538 1219 741 1284 tussis
806 1238 972 1300 quae
1029 1217 1318 1284 dolorem
1383 1228 1744 1302 exasperat.
1833 1219 2127 1286 Necdum

174 1304 440 1388 penitus
474 1303 688 1369 soluta
722 1311 823 1368 est
857 1324 897 1368 a
931 1304 1116 1369 febri.
1157 1304 1491 1370 Paulatim
1528 1314 1771 1384 tamen,
1806 1313 1882 1371 ut
1917 1325 2127 1388 spere,

174 1411 241 1455 se
273 1397 342 1454 et
376 1390 555 1455 vires
597 1388 876 1472 colliget.
937 1388 1268 1455 Dominus
1302 1397 1455 1455 tuae
1490 1411 1748 1474 quoque
1783 1400 1852 1457 et
1889 1391 2129 1456 filiolae

172 1475 483 1541 restituat
521 1475 791 1559 plenam
833 1475 1204 1540 sanitatem.
1264 1476 1376 1554 Te,
1422 1497 1621 1559 quum
1666 1497 1784 1559 per
1819 1477 2127 1542 domesti-

172 1583 313 1628 cam
374 1558 906 1627 commoditatem
971 1560 1218 1640 licebit,
1275 1562 1501 1627 videre
1554 1563 1760 1645 cupio,
1847 1563 2126 1629 Reversi

171 1653 324 1712 sunt
370 1647 682 1713 Nicolaus
724 1655 795 1711 et
837 1668 879 1711 a
925 1644 1150 1712 Sancto
1190 1646 1474 1713 Andrea.
1563 1646 1764 1713 Nolui
1805 1654 1871 1712 te
1913 1649 2124 1713 nomi-

171 1755 327 1799 nare
370 1753 579 1815 quum
623 1731 705 1797 de
749 1733 1012 1815 negotio
1057 1744 1171 1797 tuo
1214 1733 1419 1799 verba
1458 1734 1759 1799 facerem.
1838 1732 2124 1799 Causam

167 1819 389 1883 malim
428 1839 519 1883 ex
552 1839 660 1883 me
695 1817 922 1883 audias
954 1825 1023 1881 et
1055 1818 1252 1883 simul
1294 1818 1449 1901 quid
1485 1826 1817 1884 excusent.
1878 1817 2123 1884 Coram

169 1905 365 1989 igitur
409 1903 576 1968 haec
616 1903 853 1968 omnia.
921 1904 1095 1969 Puto
1138 1903 1365 1969 literas
1408 1912 1473 1967 te
1519 1904 1758 1969 habere
1800 1903 1977 1969 unde
2018 1905 2121 1969 in-

171 1990 430 2074 telligas
477 1988 635 2072 quid
679 1989 761 2053 de
803 1990 957 2054 vino
1003 1989 1330 2072 agendum
1389 1989 1494 2054 sit.
1582 1990 1719 2055 Eas
1772 1988 1914 2055 dico
1957 2011 2121 2071 quas

169 2076 277 2142 abs
320 2086 388 2140 te
430 2095 828 2158 receperam.
907 2074 1134 2157 Neque
1191 2075 1366 2139 enim
1419 2076 1486 2139 in
1532 2075 1770 2140 scrinio
1826 2095 1973 2140 meo
2016 2096 2120 2141 re-

168 2161 357 2244 perio.
451 2160 656 2239 Vale,
700 2162 905 2225 frater
947 2168 1014 2224 et
1055 2161 1259 2226 amice
1300 2161 1754 2245 integerrime,
1797 2182 1931 2225 una
1969 2183 2119 2227 cum

169 2267 368 2313 uxore
406 2254 480 2311 et
500 2245 720 2311 filiola.
766 2246 1097 2312 Dominus
1135 2268 1249 2312 vos
1283 2254 1630 2312 conservet
1663 2267 1739 2313 ac
1773 2246 2119 2312 benedicat

1875 438 2038 499 1545
2084 433 2494 502 DEOEMB.

4074 453 4204 516 242

2238 621 2311 686 in
2356 623 2679 691 omnibus.
2768 625 2955 693 Uxor
3009 650 3159 695 mea
3201 643 3267 695 te
3309 638 3377 697 et
3418 631 3569 699 illas
3629 644 4051 718 peramanter
4094 659 4200 705 sa-

2237 705 2430 787 lutat,
2477 717 2544 775 et
2585 710 2824 778 fratres
2867 712 3045 793 Abel,
3095 714 3320 800 Copae,
3371 717 3721 786 Gallasius.
3795 722 4126 791 Genevae.
4141 728 4197 804 ι)

3149 852 3438 921 Ioannes
3482 854 3802 925 Calvinus
3845 865 4017 925 tuus.

3141 1153 3292 1227 74⁶.

2766 1301 3240 1375 OALVINUS
3290 1308 3654 1378 OAPNIO.

2232 1469 2344 1534 (Ad
2360 1470 2504 1525 hunc
2520 1487 2719 1525 aunum
2741 1471 2879 1527 1545
2912 1476 3131 1531 omnino
3166 1478 3409 1547 pertinet
3442 1481 3673 1550 epistola
3703 1483 3799 1537 illa
3820 1501 3959 1554 quae
3993 1487 4191 1558 incipit
4295 1507 4301 1511 ·

2230 1556 2266 1592 a
2297 1540 2510 1594 verbis:
2555 1538 2733 1608 Quum
2767 1543 3015 1598 haberem
3047 1544 3127 1599 ad
3157 1552 3210 1602 te
3242 1548 3448 1628 literas,
3487 1567 3648 1618 quam
3683 1552 4007 1609 inseruimus
4041 1556 4184 1628 Opp.

2228 1607 2382 1663 Tem.
2420 1608 2604 1689 V1.·p.
2643 1607 2762 1690 61:31.
2835 1612 3233 1695 Argumentum
3277 1632 3393 1697 ems
3437 1619 3548 1672 tale
3593 1626 3678 1700 est
3721 1628 3783 1675 ut
3814 1623 3910 1704 yix
3956 1624 4184 1708 dul->ium

2228 1692 2363 1798 {5321
2394 1683 2571 1799 {22⁸5}
2605 1683 3974 1826 ἓῃῗῖρᾞὲιῗρ,’Ῑέἓέωοῗωέῗοῗὲιᾞῖηέἑῗῖ
4041 1699 4183 1818 ῗὲὄὸ

2650 1814 2788 1870 eden
2833 1817 2844 1829 '
2881 1824 3129 1873 autorem
3161 1820 3325 1876 fuisse
3360 1826 3754 1894 cognovimns.)

2257 2049 2401 2105 ¹745.
2440 2051 2505 2134 ¹).
2544 2051 2721 2121 Quum
2746 2056 3056 2114 Liberatus
3091 2060 3271 2115 adhuc
3302 2060 3539 2118 Tononii
3556 2064 3860 2121 ministerio
3884 2070 4207 2140 funqatmz.

2222 2118 2356 2174 haec
2681 2132 2854 2205 ‘ante‘
2898 2143 3127 2183 mensem
3182 2129 3453 2185 Martium
3512 2148 3548 2186 a
3605 2132 3743 2188 1546
3787 2139 3995 2207 scripta
4072 2141 4177 2195 uit.

2231 2186 2390 2256 Quod
2522 2205 2718 2272 “xpm
2764 2195 2999 2250 adversa
3044 2198 3354 2252 valetudine
3396 2200 3531 2255 dicit
3563 2203 3676 2257 iam
3710 2203 3789 2258 ad
3821 2220 3875 2260 a.
3917 2206 3945 2260 1
4086 2225 4180 2263 ex·

2222 2261 2432 2312 euntem
2463 2266 2736 2327 per-tmere
2764 2270 2953 2331 potest.
3034 2265 3260 2322 Caetera
3294 2270 3522 2324 incerta.

3664 5453 3727 5507 16
