4825 6175
211 433 318 495 507

207 614 363 687 nihil
403 616 488 685 sit
527 615 694 682 leve.
780 614 960 683 Dein
1002 615 1225 695 etiam,
1270 615 1444 700 qnod
1488 613 1728 680 atfinet
1768 613 1853 680 ad
1897 612 2143 694 stilum,

206 723 357 851 Qus
412 711 512 768 est
572 699 1179 789 grandiloquentia,
1240 722 1370 787 qua
1407 700 1710 786 equidem
1753 721 1891 767 non
1932 699 2141 767 valeo.

266 789 331 854 ix
370 789 544 857 enim
586 808 751 871 quae
793 789 1060 873 concepi
1393 786 1610 871 eloqui
1656 792 1732 852 ut
1773 785 2007 852 saltem
2040 785 2146 851 in-

205 873 468 959 telligar.
532 874 668 940 Eos
709 881 895 940 taceo
938 874 1053 958 qui
1092 895 1165 939 m
1208 872 1375 940 libro
1417 872 1865 952 nominantur,
1909 870 2145 938 adver-

205 960 398 1029 narios
439 958 776 1038 videlicet,
832 960 1014 1026 viros
1067 966 1242 1026 certe
1297 958 1709 1026 doctissimos
1725 1008 1742 1037 ,
1796 957 2032 1042 quibus
2088 957 2148 1023 si

206 1043 351 1131 qnid
391 1044 752 1130 simplicius
794 1066 912 1112 seu
955 1043 1285 1111 indoctius
1335 1066 1454 1111 sen
1496 1043 1785 1129 ineptius
1826 1050 2145 1123 occurrat,

284 1150 354 1198 os
418 1132 587 1223 risus
600 1183 617 1211 ,
684 1151 882 1215 quem
934 1136 1384 1215 contemptum
1449 1138 1648 1216 putas
1703 1127 2143 1197 excitaturos?

387 1217 401 1233 ⁶
580 1217 901 1301 protinus,
966 1216 1078 1284 ubi
1139 1216 1367 1284 literas
1533 1217 1547 1232 ⁶
1659 1236 1727 1281 m
1782 1223 1850 1282 et
1905 1234 2145 1281 nomen

204 1310 384 1371 tuum
440 1304 827 1387 reperissem
848 1354 865 1383 ,
929 1303 1387 1389 praesentibus
1493 1301 1627 1369 ulio
1681 1308 1747 1366 et
1799 1300 2147 1386 Dryandro

205 1388 516 1456 dixeram:
563 1389 717 1456 Non
762 1410 803 1454 o
847 1411 929 1455 us
968 1390 1183 1456 multa
1239 1389 1707 1455 deliberatione
1725 1440 1742 1467 ,
1795 1387 2148 1453 mittantur

203 1475 421 1542 literae
464 1474 706 1542 Bucari
748 1498 785 1542 a
879 1473 1227 1542 Calvinum.
1315 1474 1386 1541 Is
1431 1477 1550 1554 vir,
1597 1483 1672 1539 ut
1713 1480 1818 1539 est
1856 1471 1941 1538 ad
1975 1473 2149 1539 hanc

202 1582 332 1627 rem
376 1559 856 1639 adcommodus‚
901 1561 993 1627 sic
1038 1560 1321 1627 arbitror
1371 1559 1534 1627 nihil
1577 1562 1795 1644 ipsum
1837 1557 2147 1637 Domino,

203 1647 590 1730 reipublicae
642 1656 709 1713 et
751 1644 1000 1714 Bucero
1061 1654 1476 1732 negaturum.
1585 1644 2149 1711 Adsentiebantur

201 1754 329 1799 non
388 1732 738 1799 difficulter
787 1733 886 1798 illi
957 1733 1168 1799 ambo.
1259 1731 1726 1813 Quaesivimus
1777 1731 1986 1816 igitur
2033 1729 2148 1813 qui

202 1818 416 1885 literas
475 1818 798 1903 perferret
851 1840 1048 1904 quam
1114 1818 1473 1886 celerrime.
1577 1818 1682 1882 Tu
1740 1816 1937 1882 facito
1992 1836 2149 1901 ergo

204 1903 367 1990 qnod
409 1913 598 1989 potes
640 1925 758 1990 per
801 1904 1074 1971 Domini
1116 1903 1418 1990 gratiam,
1476 1909 1552 1969 ut
1590 1923 1698 1968 res
1740 1911 1879 1968 tam
1924 1920 2148 1969 neces-

206 1992 387 2072 saria,
445 1993 835 2076 praesertim
879 1992 1002 2057 hoc
1045 2001 1341 2075 tempore
1357 2040 1373 2068 ,
1429 2009 1564 2055 non
1619 1988 1822 2054 lateat
1880 1985 2145 2053 diutius.

205 2078 401 2145 Liber
457 2087 558 2145 est
616 2079 736 2145 sub
794 2076 1004 2161 prelo,
1076 2097 1279 2161 quare
1331 2096 1497 2160 opus
1554 2082 1656 2140 est
1707 2073 2147 2141 festinatione.

207 2163 419 2245 Quum
500 2166 786 2250 primum
857 2164 1080 2246 itaque
1144 2162 1484 2247 negotium
1560 2159 1918 2226 absolveris
1984 2160 2148 2245 (non

205 2262 318 2327 est=
339 2252 516 2316 enim
562 2249 831 2316 dubium
889 2250 1047 2334 quin
1103 2249 1195 2315 sis
1237 2245 1831 2332 obtemperaturus)
1887 2243 1973 2312 ad
2028 2265 2150 2311 nos

202 2336 441 2418 mittas,
485 2358 569 2402 ne
611 2338 680 2402 in
725 2355 913 2401 mora
954 2333 1044 2400 sit
1083 2334 1466 2419 periculum.
1551 2330 1723 2397 Vale
1765 2333 1838 2397 in
1884 2328 2152 2397 Christo

204 2441 344 2489 cum
409 2423 546 2489 tuis
610 2431 680 2488 et
738 2421 1054 2488 fratribus
1116 2420 1240 2505 piis
1302 2417 1626 2485 omnibus.
1732 2416 2034 2483 Basileae
2088 2419 2149 2481 2.

203 2506 424 2575 Ootob.
467 2530 572 2575 an.
624 2505 871 2596 154[7].
890 2506 948 2594 ⁸)

370 2679 654 2749 Articuli
710 2680 947 2764 quibus
1002 2680 1083 2746 de
1141 2681 1210 2745 in
1269 2676 1574 2745 Comitiis
1589 2679 1648 2753 ⁴)
1706 2673 1958 2741 Caesar
2003 2673 2154 2739 vult

206 2766 553 2834 deliberari
594 2774 756 2832 sunt
794 2766 868 2831 hi
911 2784 1179 2831 novem:

376 2859 429 2919 1.
499 2854 606 2921 De
648 2852 1074 2921 consensione
1115 2848 1456 2936 religionis
1494 2848 1671 2915 inter
1710 2851 2156 2931 protestantes

206 2948 268 3006 et
308 2939 658 3009 concilium
702 2935 1180 3004 Tridentinum.

370 3031 429 3094 2.
505 3027 611 3093 De
646 3044 805 3111 paee
823 3023 1158 3091 communi
1193 3020 1445 3107 pridem
1480 3019 1790 3086 instituta
1822 3030 1890 3083 et
1925 3026 2151 3083 utrum

203 3111 443 3198 aliquid
490 3113 727 3180 debeat
768 3110 939 3178 addi.

370 3205 429 3265 3.
504 3199 611 3264 De
666 3217 960 3265 camerae
1030 3194 1510 3272 adsessoribus,
1589 3199 1665 3256 ut
1741 3188 2008 3256 ordines
2084 3186 2147 3252 id

206 3283 472 3352 ansari
515 3284 795 3351 liberum
835 3282 1241 3368 permittant.

368 3381 429 3437 4.
499 3370 608 3437 De
663 3369 1112 3448 restitutione,
1169 3372 1250 3432 ut
1302 3364 1578 3448 quisque
1630 3360 1867 3428 reddat
1918 3360 2152 3443 cuique

204 3457 373 3541 quod
417 3458 544 3542 ipsi
596 3456 859 3524 ademit.
949 3455 1081 3521 Hic
1124 3452 1372 3520 ansar
1424 3447 1550 3515 sibi
1608 3454 1905 3513 reservat
1957 3466 2152 3531 agere

200 3543 483 3629 benigne
525 3564 643 3610 seu
686 3538 1037 3643 iuridic[e].

373 3636 430 3695 5.
504 3631 711 3695 Arma
761 3629 1041 3693 'l'urcica
1108 3623 1350 3691 debent
1416 3622 1750 3705 quiescere
1806 3639 2013 3701 usque
2070 3615 2153 3682 ad

201 3714 555 3783 adventum
598 3715 806 3800 Regis
846 3710 1152 3779 Romani.

371 3806 429 3869 6.
500 3800 609 3868 De
653 3808 912 3867 moneta
969 3796 1302 3865 communi
1360 3815 1475 3860 seu
1529 3793 1728 3858 unius
1783 3790 2043 3875 generis
2087 3796 2156 3855 et

281 3885 466 3955 liciis.

200 3907 282 3970 po
370 3979 428 4039 7.
501 3972 607 4039 De
672 3969 1102 4037 contensiosis
1176 3966 1548 4051 principum
1611 3962 2008 4030 sessionibus
2082 3963 2156 4026 in

202 4058 500 4209 themidis.
591 4058 682 4124 Et
723 4056 898 4141 quod
956 4064 1177 4139 paroes
1231 4055 1380 4118 iura
1432 4072 1553 4117 sua
1595 4050 1878 4117 debeant
1920 4048 2156 4114 offerre

259 4165 489 4211 assari.
921 4205 926 4210 .

371 4236 431 4295 8.
504 4228 606 4295 Ne
649 4248 1038 4314 congressus
1081 4227 1245 4292 fiant
1284 4222 1565 4307 amplius
1607 4227 1868 4305 praeter
1909 4218 2157 4286 indicta

205 4317 483 4382 comitia.

372 4407 432 4467 9.
519 4400 618 4468 Ut
694 4408 904 4465 status
981 4416 1360 4465 communes
1436 4393 1684 4460 foederi
1763 4412 1834 4458 se
1915 4391 2158 4459 dedant

204 4488 532 4553 communi
572 4495 839 4570 propter
882 4484 1173 4569 quietem
1216 4491 1285 4549 et
1316 4500 1540 4566 pacem
1585 4478 1996 4565 germanicae
2040 4498 2157 4543 na·

204 4573 419 4640 tionis.
1725 4625 1734 4632 .

375 4746 561 4812 Haec
604 4740 842 4811 addere
876 4741 1072 4807 libuit
1104 4753 1182 4805 ut
1217 4740 1513 4806 animum
1537 4735 1839 4804 Caesaris
1879 4734 2155 4802 haberes

209 4830 422 4898 adhuc
461 4831 670 4916 magis
728 4827 1098 4912 cognitum,
1157 4827 1266 4909 qui
1325 4822 1568 4907 alioqui
1611 4822 1989 4888 notissimus
2035 4830 2152 4887 est.

208 4991 358 4998 ——--.-
407 4993 434 4997 -
475 4991 522 4996 ..μ
575 4989 616 4996 .-

409 5087 471 5223 {3
512 5158 563 5211 A
660 5100 872 5238 οῗῐαηίε,
910 5124 1026 5208 bal.
1064 5150 1228 5233 Sept:-
1257 5147 1617 5230 auspicando
1664 5147 1864 5219 quibua
1894 5152 2018 5216 post
2050 5146 2154 5202 bel·

210 5224 320 5280 lum
646 5239 790 5279 mum
844 5237 934 5277 res
993 5222 1223 5290 Impera
1281 5233 1534 5288 conopon
1586 5192 1860 5273 &cebant
1950 5214 2158 5270 Gamo·

216 5293 484 5350 Snaeonem
516 5295 738 5363 capam·
737 5309 790 5346 m
824 5308 886 5348 oo
919 5290 1160 5345 adduoeit
1317 5370 1374 5410 u
1421 5287 1574 5414 ‘avio
1596 5284 2041 5342 meworthae
2072 5300 2155 5338 re-

213 5362 336 5420 lteto
376 5362 570 5431 (sleid.
606 5362 708 5417 111.
744 5359 830 5415 42.
909 5357 1106 5414 Ram
1138 5286 1446 5423 &Q

1655 430 1820 493 1547
1860 422 2733 494 summ-omen.

4079 431 4207 496 598

2248 613 2463 681 Nemo
2502 614 2639 681 fere
2682 634 2817 680 nou
2857 613 3329 698 interpretatur
3369 615 3496 682 ista
3536 615 3610 682 in
3644 616 3883 683 bonam
3927 624 4207 702 partem.

2249 701 2398 786 Ego
2440 720 2565 784 pro
2607 706 2880 785 stupore
2934 720 3080 766 meo
3132 699 3301 766 nihil
3361 700 3549 767 video
3607 709 3869 785 praeter
3910 704 4207 789 hispani-

2250 808 2402 853 cum
2446 787 2807 872 ingenium.
2871 783 3144 871 Colligit
3175 787 3430 853 interea
3449 786 3696 853 Caesar
3729 810 3979 855 novum
4015 810 4207 857 exer-

2251 873 2450 938 citum
2508 870 2805 953 peditum
2862 878 2931 938 et
2981 872 3310 955 equitum,
3369 880 3436 937 et
3490 873 3881 940 immensam
3939 874 4205 943 mandat

2251 959 2618 1042 pecuniam,
2664 956 2980 1042 quidquid
3038 958 3127 1024 sit
3168 960 3236 1024 in
3282 957 3518 1024 animo.
3610 959 3857 1026 Dicunt
3900 961 4009 1027 alii
4054 983 4205 1046 pro-

2247 1045 2576 1112 fecturum
2618 1044 2687 1109 in
2733 1064 2871 1123 nos,
2914 1043 3028 1108 alii
3068 1044 3139 1109 in
3184 1043 3466 1111 Italiam.
3533 1045 3679 1130 Ego
3721 1055 4026 1131 exspecto
4066 1048 4208 1114 Do·

2249 1130 2525 1196 minum.
2612 1129 2787 1196 Vale
2828 1130 3086 1195 iterum.
3702 1150 3707 1157 ·

3291 1265 3367 1329 T.
3414 1263 3526 1331 Os.
3574 1266 3943 1351 Myconius.

3160 1774 3306 1846 951.

2639 1929 3001 1999 LASOUS
3045 1930 3821 2000 HARDENBERGIO.

2427 2104 2605 2171 Inter
2644 2103 2780 2169 alia
2820 2103 2898 2169 de
2937 2101 3188 2170 Gabvini
3229 2101 3436 2169 libello
3478 2107 3693 2168 contra
3726 2103 4208 2186 Anabaptistas.

2255 2275 2449 2343 (Edita
2496 2293 2530 2329 a
2575 2273 2838 2331 Gordesio
2882 2274 2953 2356 in-
2977 2273 3187 2329 Scrinio
3224 2274 3396 2355 antiq.
3444 2272 3513 2327 11.
3560 2272 3612 2328 2.
3661 2291 3712 2344 p.
3764 2272 3869 2329 635
3919 2281 3977 2329 et
4009 2274 4137 2330 inde
4176 2293 4210 2328 a

2634 2344 2900 2415 Kuypero
2935 2360 2994 2396 m
3030 2341 3172 2412 Opp.
3207 2342 3367 2396 Iaasci
3401 2343 3463 2396 Τ.
3502 2343 3570 2396 11.
3606 2360 3661 2413 p.
3696 2341 3846 2410 611.)

2429 2514 2647 2581 Hodie
2691 2514 2776 2580 ad
2821 2522 2887 2580 te
2930 2514 3163 2598 scripsi
3204 2534 3321 2597 per
3377 2524 3652 2579 nautam
3710 2514 4098 2598 quempiam,
4144 2523 4212 2578 et

2257 2612 2373 2668 tua
2420 2600 2743 2667 nonnulla
2784 2600 2904 2666 tibi
2947 2600 3118 2681 misi,
3162 2600 3255 2664 mi
3299 2599 3564 2675 Acheru,
3609 2620 3774 2683 quae
3818 2600 4002 2666 brevi
4044 2599 4209 2667 reci-

2256 2689 2397 2772 pies
2438 2708 2647 2772 spero.
2736 2686 2931 2753 Nunc
2970 2706 3121 2753 ecoe
3163 2706 3433 2752 rursum
3477 2686 3704 2751 scribo.
3795 2686 3997 2753 Hunc
4038 2707 4210 2750 nun-

2256 2774 2430 2842 cium
2475 2772 2804 2839 mittimus
2827 2770 3313 2857 Wittebergam
3360 2771 3442 2837 ad
3480 2771 3868 2855 Phililpum,
3915 2778 4030 2836 aut
4067 2769 4211 2836 ubi-

2257 2859 2370 2926 ubi
2430 2859 2488 2925 is
2541 2861 2658 2934 sit,
2715 2858 3188 2941 scribimusque
3244 2855 3329 2922 ad
3383 2857 3570 2923 illum
3625 2856 3706 2922 de
3762 2858 4098 2925 vocatione
4141 2857 4212 2921 in

2257 2945 2591 3031 Angliam,
2621 2950 2671 3025 ι)
2728 2943 2808 3011 de
2866 2963 2996 3028 qua
3054 2940 3245 3009 hodie
3304 2943 3386 3009 ad
3443 2951 3509 3009 te
3564 2943 3815 3027 scripsi.
3916 2941 3995 3009 Si
4050 2940 4212 3026 quid

2255 3032 2440 3100 voles
2484 3030 2568 3098 ad
2617 3030 2991 3114 Philippum
3048 3028 3330 3098 scribere
3380 3030 3657 3114 poteris,
3719 3050 3873 3096 nam
3930 3026 4212 3096 nuncius

2254 3124 2438 3186 recta
2482 3117 2564 3183 ad
2609 3139 2729 3184 nos
2783 3138 3051 3183 rursum
3112 3116 3369 3182 redibit.
3465 3115 3767 3183 Calvinus
3809 3115 4090 3199 scripsit,
4137 3123 4213 3179 ut

2256 3204 2469 3284 audio,
2515 3216 2746 3271 contra
2765 3202 3251 3286 Anabaptistas.
3270 3204 3329 3286 ²)
3393 3203 3595 3270 Hunc
3641 3203 3700 3268 si
3740 3201 3941 3268 habes
3985 3201 4213 3268 videre

2557 3289 2929 3442 Εἰοοθῖὲπ
2989 3288 3218 3439 ¹².er
3469 3296 3688 3372 p...
3749 3326 3818 3338 -
3869 3324 3954 3335 ·-
4000 3324 4081 3337 -
4129 3323 4212 3334 -

2321 3396 2386 3441 m
2434 3396 2511 3442 ae
2643 3425 2656 3441 .
2769 3396 2804 3441 c
2915 3395 2965 3439 r.
3186 3423 3202 3439 .

3016 3667 3423 3680 ..ψ-..Ἀω-

3160 3902 3313 3974 952.

2761 4056 3246 4127 SULZERUS
3293 4055 3728 4123 GALVINO.

2432 4230 2857 4298 Bet-nemim»
2923 4230 3001 4296 de
3067 4227 3326 4295 Calvino
3381 4232 3438 4292 et
3498 4226 3685 4294 rebus
3755 4226 4214 4294 Genevensibue

2257 4339 2422 4403 quae
2461 4319 2549 4383 sit
2588 4318 2818 4399 opinio.
2901 4314 3050 4398 Ipse
3093 4314 3476 4380 Lau-sannae
3516 4317 3802 4378 versatur
3842 4312 4083 4378 scholae
4116 4315 4213 4378 in-

2255 4405 2636 4471 stitutionem
2699 4406 3059 4468 curatum-s.
3175 4398 3499 4466 Caeterum
3563 4397 3690 4465 sibi
3751 4398 3922 4463 domi
3975 4417 4212 4481 quoque

2257 4512 2377 4559 non
2425 4490 2639 4557 omnia
2682 4509 2758 4554 ecc
2798 4487 2959 4554 votis
3001 4487 3239 4553 cedunt.

2260 4664 2374 4729 (Ex
2410 4660 2750 4744 autographo
2786 4656 2918 4714 Ood.
2954 4659 3158 4714 Genev.
3200 4654 3324 4722 112,
3371 4655 3471 4737 fol.
3502 4654 3588 4736 99.
3657 4653 3827 4707 Stilus
3863 4652 4046 4706 limam
4084 4653 4208 4708 Ari-

2350 4729 2557 4785 starchi
2591 4746 2702 4784 non
2738 4735 2927 4797 sensit,
2965 4726 3109 4797 quod
3144 4731 3207 4780 tu
3239 4741 3310 4780 ne
3345 4725 3502 4779 nobis
3535 4728 3771 4792 imputes
3806 4724 4102 4790 rogamus.)

2291 5006 2426 5062 0⁶1.
2463 5004 2521 5073 1)
2560 5003 2651 5059 Do
2683 5004 2788 5058 hac
2820 5002 3101 5057 vocatione
3121 5000 3292 5055 adeas
3311 4998 3493 5066 ipsum
3515 4994 3941 5050 uelandum
3977 4994 4054 5049 ad
4075 4995 4207 5052 Oro-

2259 5076 2459 5131 deliam
2492 5089 2580 5129 scr
2866 5069 2913 5125 Ο
3013 5109 3025 5124 .
3070 5068 3193 5132 Res.
3228 5068 3329 5121 VI.
3367 5064 3487 5119 714.

2463 5143 2693 5267 2fflpse
2730 5139 2778 5195 0
2830 5086 3189 5195 &usfilham
3223 5141 3418 5218 contra
3450 5133 3850 5255 Anabap'tn‘etas
3881 5130 4207 5256 manat-m

2253 5214 2504 5405 {Filia}
2537 5280 2672 5335 Sene
2705 5278 2873 5334 dubio
2908 5222 3116 5331 Lug&
3150 5217 3661 5354 hornonsssmaegt,
3698 5215 3937 5339 {aad
3966 5268 4035 5325 de
4125 5272 4211 5325 al-

2355 5352 2391 5405 ‘z'
2421 5350 2668 5406 version
2699 5348 2877 5404 latina
2912 5362 2964 5401 a.
3001 5341 3138 5399 1546
3171 5341 3321 5396 edcta
3356 5339 3586 5395 eadunt.
3697 5420 3795 5474 38.
