4825 6175
607 410 731 473 667

604 595 896 680 quotidie
937 595 1210 661 affertur
1225 594 1286 676 8)
1332 592 1458 658 0161
1485 592 1692 656 triste.
1757 592 1928 658 Utut
1947 595 1998 669 ⁹)
2045 592 2369 657 abstinere
2413 591 2552 657 ius-

606 702 721 749 sus
762 682 961 747 fuerit
1015 678 1097 745 ab
1152 677 1450 744 omnibus
1503 678 2015 761 inquinamentis
2069 687 2374 762 papatus,
2432 677 2556 743 hoc

606 775 782 835 certe
840 789 970 832 nou
1028 766 1239 849 potuit
1292 764 1583 848 effugere
1647 763 1806 845 quin
1860 763 2114 830 foedam
2171 763 2340 830 sacri
2394 762 2553 847 bap-

606 854 786 919 tismi
831 852 1347 935 profanationem
1401 857 1715 915 cerneret.
1743 850 1821 931 ¹⁰)
1913 849 2110 929 Vale,
2169 850 2409 915 eximie
2449 850 2556 914 vir

606 945 674 1004 et
716 939 919 1003 frater
961 938 1031 1002 in
1075 937 1360 1002 Domino
1414 934 1772 1019 plurimum
1826 935 2115 1001 colende.
2218 934 2555 1001 Salutabis

606 1022 956 1108 diligenter
999 1043 1143 1088 meo
1186 1021 1454 1086 nomine
1496 1018 1582 1084 D.
1634 1019 2038 1102 Pellinaeum,
2082 1020 2553 1100 Bibliandmm,

611 1109 982 1175 Galtherum
1037 1120 1103 1173 et
1145 1109 1427 1192 reliquos
1481 1114 1881 1191 symmystas
1926 1127 2000 1172 ae
2042 1105 2551 1191 ludimagistros.

604 1193 934 1260 Dominus
978 1195 1163 1260 Iesus
1205 1216 1322 1259 vos
1360 1192 1594 1277 spiritu
1629 1213 1745 1257 suo
1788 1202 1992 1276 regat,
2037 1195 2395 1275 vestrisque
2432 1192 2555 1275 piis

606 1278 938 1347 laboribus
982 1280 1338 1355 benedicat,
1376 1298 1451 1343 ac
1499 1298 1612 1343 vos
1651 1285 1915 1342 tueatur
1957 1278 2336 1345 incolumes.
2419 1278 2552 1343 Ge-

606 1387 817 1433 nevae
872 1365 1178 1434 Calendis
1222 1363 1482 1430 Martiis
1533 1365 1712 1427 1548.
1801 1362 2109 1448 Collegae
2166 1364 2367 1429 etiam
2426 1363 2557 1429 mei

607 1470 836 1518 omnes
880 1475 996 1520 vos
1042 1457 1416 1517 reverenter
1458 1449 1761 1515 salutant.
1793 1451 1877 1532 ¹¹)

1531 1587 1817 1653 Ioannes
1861 1586 2177 1653 Calvinus
2219 1595 2390 1652 tuus.

780 1744 988 1811 Uxori
1034 1742 1440 1825 familiaeque
1484 1752 1635 1806 tuae
1679 1741 2028 1825 plurimam
2073 1741 2368 1808 salutem.
2399 1742 2482 1819 ¹¹)

1383 2036 1789 2047 —————-—-

1492 2254 1680 2324 1000.

1088 2408 1560 2477 OALVINUS
1604 2407 2066 2476 FARELLO.

787 2582 1024 2649 Paucis
1073 2587 1303 2648 narrat
1356 2581 1514 2663 quid
1570 2582 1795 2664 neqotii
1851 2583 1923 2647 in
1970 2579 2209 2646 Senatu
2251 2579 2560 2665 Piynetus

612 2670 927 2737 minimis
960 2669 1263 2749 facessere
1305 2671 1560 2734 conam
1599 2669 1700 2733 sit.

612 2840 808 2907 (Manu
852 2824 959 2894 scri
998 2844 1058 2893 ta
1100 2856 1207 2893 non
1262 2844 1459 2891 exstat.
1542 2839 1797 2892 Servavit
1832 2837 1974 2891 Besa
2007 2837 2107 2891 Ed.
2145 2836 2345 2892 Genev.
2424 2878 2437 2890 .
2472 2836 2559 2906 87,

668 2911 830 2966 Laus.
864 2927 916 2979 p.
951 2857 1071 2975 305,
1108 2907 1315 2961 Hanov.
1353 2923 1407 2975 p.
1442 2906 1562 2974 230,
1599 2907 1810 2961 Chouet
1843 2923 1896 2977 p.
1933 2904 2051 2975 117,
2087 2908 2264 2961 Amst.
2304 2922 2355 2975 p.
2382 2855 2504 2973 gii.)

785 3078 855 3147 S.
902 3079 986 3145 D.
1074 3078 1324 3145 Parum
1394 3076 1606 3144 abfuit
1660 3078 1820 3163 quin
1883 3077 2232 3164 privignus
2296 3101 2484 3146 meus
2510 3083 2559 3159 ¹)

611 3167 754 3233 sine
797 3166 949 3231 ullis
991 3165 1074 3229 ad
1119 3173 1184 3229 te
1216 3165 1426 3231 literis
1459 3164 1623 3231 istac
1664 3165 1993 3231 transiret.
2061 3166 2347 3248 Tempus
2381 3167 2559 3232 enim

610 3250 938 3320 scribendi
979 3252 1154 3316 inter
1196 3253 1570 3317 concionem
1605 3260 1674 3316 et
1714 3250 2067 3335 prandium
2107 3251 2274 3316 mihi
2317 3253 2558 3319 consti-

608 3349 887 3405 tueram.
977 3338 1181 3420 Atqui
1223 3345 1551 3403 certamen
1610 3336 1793 3402 nobis
1835 3337 1965 3402 fuit
2004 3337 2075 3402 in
2119 3344 2370 3418 senatu,
2414 3337 2560 3404 leve

608 3423 778 3490 illud
821 3422 1082 3507 quidem
1116 3432 1186 3487 et
1219 3423 1534 3488 momenti
1565 3423 1780 3489 instar
1813 3423 2151 3501 caducum,
2188 3423 2301 3488 sed
2337 3432 2558 3489 tamen

607 3510 683 3577 in
725 3532 854 3593 quo
898 3519 1157 3592 tempus
1198 3508 1361 3573 illud
1402 3507 1573 3592 quod
1614 3508 1823 3575 literis
1863 3509 2029 3574 meis
2070 3508 2558 3576 destinaveram

610 3596 1152 3679 consumpsimus,
1214 3594 1444 3660 Factio
1465 3613 1659 3678 quam
1681 3593 1856 3660 nosti
1876 3594 2273 3661 calumniam
2296 3604 2556 3662 struxe-

610 3688 734 3759 rat,
780 3682 1069 3746 Antonio
1117 3678 1376 3764 Piyneto
1419 3679 1601 3756 duce,
1642 3700 1811 3763 quae
1853 3688 2147 3745 nostram
2188 3680 2555 3748 libertatem

613 3767 685 3833 in
729 3765 1144 3834 concionibus
1194 3765 1388 3830 valde
1443 3767 1786 3831 minueret.
1885 3766 1981 3832 Ut
2034 3766 2202 3832 scias
2254 3767 2413 3851 'quid
2474 3767 2560 3833 sit

613 3852 868 3919 consilii
913 3860 980 3915 et
1022 3853 1222 3917 animi
1278 3849 1450 3935 apud
1508 3872 1654 3930 nos,
1714 3850 2054 3917 decretum
2107 3859 2250 3918 erat
2303 3862 2381 3919 ut
2438 3874 2558 3919 nos

612 3958 843 4003 omnes
885 3935 1315 4002 admonerent
1354 3935 1836 4019 τεσσαράπρωιοι
1887 3958 1973 4003 06
2016 3939 2087 4002 in
2143 3938 2561 4004 vehementia

611 4042 1053 4109 pergeremus.
1141 4024 1415 4088 Vicerat
1455 4043 1609 4106 pars
1653 4024 1949 4102 deterior,
1995 4024 2126 4088 nisi
2173 4025 2247 4088 in
2288 4044 2559 4089 arenam

610 4109 939 4194 progressi
984 4129 1293 4174 essemus.
1359 4107 1468 4172 Ita
1509 4129 1775 4174 causam
1818 4110 2075 4193 egimus
2121 4108 2372 4175 Christi
2407 4132 2559 4176 nos·-

611 4198 700 4260 tri
744 4194 1067 4277 auspiciis,
1113 4203 1187 4259 ut
1230 4194 1517 4259 hostium
1576 4215 1829 4279 quoque
1871 4216 1991 4261 nos
2034 4195 2330 4279 puderet.
2413 4197 2562 4263 Hoc

611 4281 952 4365 negotium
1009 4299 1116 4343 me
1179 4279 1355 4345 ultra
1434 4280 1754 4346 decimam
1819 4282 2133 4348 exercuit.
2242 4280 2440 4364 Quod
2504 4283 2561 4348 si

612 4367 777 4432 mihi
823 4366 987 4432 liber
1019 4365 1253 4431 fuisset
1291 4372 1468 4431 totus
1503 4364 1660 4445 dies,
1694 4366 1917 4432 nescio
1935 4375 2173 4433 tamen
2207 4366 2366 4453 quid
2400 4369 2560 4436 scri·

613 4454 767 4518 bere
811 4451 1099 4518 debeam.

785 4537 983 4616 Vale,
1054 4537 1259 4603 frater
1312 4543 1381 4601 et
1433 4538 1637 4603 amice
1691 4537 2135 4622 integerrime.
2234 4541 2561 4607 Dominus

613 4622 735 4688 tibi
780 4623 954 4689 adsit
996 4644 1071 4688 ac
1113 4622 1453 4688 benedicat
1496 4624 1740 4690 sanctis
1782 4624 1912 4690 tuis
1954 4624 2287 4692 laboribus
2331 4648 2563 4710 perpe-

613 4717 749 4775 tuo.
797 4705 1033 4775 Saluta
1066 4707 1413 4792 diligenter
1447 4716 1670 4775 nostro
1703 4711 1994 4775 omnium
2030 4712 2291 4777 nomine
2324 4713 2562 4780 fratres

613 4801 684 4860 et
723 4793 1056 4860 familiam.
1152 4799 1247 4861 19.
1294 4793 1540 4860 Martii.
1557 4796 1614 4876 ²)

819 4980 881 5048 8)
918 4982 1140 5036 effertur
1176 4981 1250 5036 H.

788 5049 884 5187 133
913 5050 1170 5175 ¹‹igrrlileret
1202 5134 1307 5174 om.
1338 5118 1414 5172 H.
1477 5188 1488 5201 ·

790 5187 885 5254 11)
931 5186 1228 5259 Utramque
1258 5187 1640 5244 salutamen
1673 5203 1776 5244 om.
1811 5188 1890 5242 Η.

618 5255 810 5313 ωοα
824 5256 886 5394 i}
923 5256 1019 5381 {a
1031 5255 1442 5382 wius
1485 5325 1630 5381 nanc
1671 5340 1786 5381 a„
1828 5325 2168 5394 reformans·
2208 5327 2375 5395 sacae
2404 5330 2562 5386 nous

2130 401 2656 471 EPISTOLAE
2699 409 3079 473 999—1002

4482 410 4589 473 668

2830 593 3026 675 Quod
3069 593 3151 659 ad
3187 602 3479 659 nostram
3516 593 3986 674 velitationem,
4019 615 4333 680 prospere
4366 614 4594 661 600066-

2657 682 2761 745 sit.
2855 678 3157 763 Piynetus
3200 699 3286 744 ex
3344 677 3502 744 urbe
3546 681 3821 746 eiicitur.
3912 679 4198 747 Senatus
4242 680 4327 747 ad
4371 688 4594 749 scorta-

2659 767 2913 830 tionum
2994 766 3327 832 licentiam
3416 765 3841 831 coercendam
3920 767 4183 851 egregie
4262 766 4597 831 animatur.

2656 851 2885 918 Fracti
2928 849 3288 917 adversarii
3332 871 3462 915 non
3509 851 3651 917 6106
3692 873 3938 936 magna
3979 852 4362 937 ignominia.

3415 1143 3826 1154 ———-—-——

3536 1378 3722 1449 1001.

3158 1531 3388 1601 'POSS
3399 1532 3635 1603 ANUS
3683 1533 4118 1601 CALVINO.
4190 1604 4195 1611 ,

2833 1706 3134 1771 Basileae.
3175 1706 3450 1771 invisere
3493 1707 3766 1771 amicum
3806 1726 3932 1771 non
3962 1704 4186 1786 potuit.
4280 1704 4602 1773 Dedioaao

2658 1794 2868 1860 comiti
2915 1791 3353 1873 christophoro
3390 1792 3567 1873 facta
3608 1793 3688 1857 ab
3730 1791 3839 1857 hoc
3877 1796 4054 1876 yrato
4096 1792 4311 1856 animo
4346 1797 4600 1876 accepta.

2659 1879 2870 1945 Ducis
2926 1877 3412 1962 Wirtemberqici
3452 1878 3656 1942 ivistis
3693 1879 3975 1945 conditio.
4586 1930 4595 1937 .

2966 2049 3079 2115 (Ex
3113 2048 3450 2118 autographo
3487 2048 3617 2103 Ood.
3656 2047 3856 2103 Genev.
3897 2049 4013 2116 110,
4050 2052 4140 2105 fol.
4177 2051 4324 2117 157.)

2834 2220 3358 2305 Vigilantissimo
3413 2221 3722 2288 ecclesiae
3766 2220 4180 2288 Genevensis
4232 2224 4479 2307 pastori
4523 2222 4603 2288 D.

2660 2307 2895 2373 Ioanni
2941 2306 3218 2373 Calvino
3262 2305 3524 2371 domino
3567 2313 3635 2372 et
3674 2305 3864 2371 fratri
3907 2328 4053 2373 meo
4097 2307 4568 2376 colendissimo.

4025 2410 4353 2479 Genevae.

2833 2546 2902 2614 S.
2951 2546 3306 2613 Carissimo
3348 2554 3416 2612 et
3454 2545 4048 2614 observandissime
4100 2550 4305 2614 frater
4320 2601 4338 2629 ,
4396 2548 4455 2613 si
4506 2569 4606 2613 res

2662 2641 2923 2699 nostrae
2965 2633 3037 2696 in
3081 2653 3156 2697 60
3199 2632 3341 2699 1000
3384 2644 3606 2698 esseut
3656 2653 3782 2714 000
3825 2634 4005 2700 fuere
4060 2635 4340 2700 antehac
4382 2645 4451 2699 et
4490 2633 4606 2699 tibi

2662 2740 2793 2784 non
2838 2718 3226 2797 timuissem,
3267 2738 3387 2802 ego
3420 2718 3605 2785 lectis
3650 2718 3784 2783 tuis
3825 2719 4035 2785 literis
4077 2731 4257 2787 recta
4275 2719 4605 2785 Basileam

2661 2805 2927 2870 fuissem
2970 2804 3318 2887 profectus,
3343 2806 3394 2889 ¹)
3437 2816 3506 2869 te
3540 2804 3671 2870 huc
3705 2804 4125 2887 pertrahendi
4169 2805 4400 2890 gratia.
4473 2802 4604 2872 Sed

2662 2888 2842 2956 dabit
2885 2890 3213 2956 Dominus
3252 2890 3439 2956 Deus
3482 2889 3831 2974 aliquando
3887 2899 3962 2957 ut
4009 2913 4131 2957 nos
4174 2891 4603 2967 commodiore

2662 2984 2955 3060 tempore
2996 2977 3264 3057 invisas.
3353 2975 3700 3041 Caeterum
3756 2977 3926 3060 quod
3981 2977 4065 3042 ad
4109 2976 4605 3045 commentarios

2665 3070 2814 3130 tuos
2860 3063 3112 3142 attinet,
3158 3083 3267 3129 eos
3311 3064 3531 3128 animo
3574 3061 3999 3130 vehementer
4034 3085 4241 3147 aequo
4296 3073 4366 3129 et
4417 3072 4602 3148 grato

2662 3151 2913 3233 accepit
2964 3149 3459 3214 Illustrissimus
3512 3149 3830 3233 Princeps
3887 3157 4140 3227 noster,
4208 3170 4408 3234 seque
4462 3148 4603 3214 dili·

2661 3245 2892 3319 genter
2925 3235 3245 3301 lecturum
3280 3234 3648 3317 spopondit,
3686 3243 3753 3298 et
3787 3235 4071 3319 aliquam
4107 3257 4265 3320 erga
4297 3247 4368 3300 te
4401 3234 4603 3301 animi

2660 3321 3129 3406 gratitudinem
3174 3317 3521 3404 aliquando
3563 3329 3998 3387 ostensurum.
4016 3325 4071 3404 α)
4149 3320 4344 3402 Quod
4386 3330 4603 3387 autem

2661 3408 2742 3473 ad
2787 3414 3044 3473 caetera
3083 3414 3350 3490 spectat,
3373 3410 3433 3489 ⁸)
3489 3415 3747 3490 praeter
3802 3415 4097 3473 trecenta
4149 3406 4358 3472 millia
4415 3408 4600 3472 flore-

2658 3514 2899 3558 norum
2953 3512 3118 3576 quae
3174 3492 3332 3557 Dux
3400 3499 3624 3557 noster
3680 3490 3980 3560 Ulrichus
4035 3493 4302 3558 Caesari
4370 3513 4599 3558 nume-

2660 3579 2851 3658 ravit,
2870 3577 2927 3662 ⁴)
3000 3577 3253 3662 aliaque
3317 3577 3526 3642 multa
3586 3577 4014 3658 incommoda,
4032 3580 4091 3655 ⁵)
4158 3577 4603 3645 Ferdinandus

2759 3817 3048 3872 suademus
3080 3833 3148 3872 ca·
3181 3819 3256 3872 iis
3289 3834 3428 3887 quae
3458 3818 3537 3872 ad
3568 3818 3714 3874 Mac
3746 3819 3925 3885 ipsum
3958 3818 4100 3872 diem
4134 3819 4379 3885 (Lunae)
4416 3823 4600 3872 notata

2658 3835 2910 3957 guntin
2944 3888 3006 3939 in
3041 3888 3439 3941 commentariis
3491 3894 3712 3942 senatus
3762 3887 3872 3941 Vol.
3907 3884 3992 3952 43,
4022 3888 4121 3953 fol.
4152 3885 4252 3942 45.-
4305 3888 4377 3942 M.
4415 3886 4597 3941 Oalviu

2661 3962 2720 4011 et
2753 3957 2956 4009 aultres
2990 3956 3265 4008 ministres
3301 3962 3399 4009 000
3418 3972 3617 4025 expose
3636 3956 3779 4025 quilz
3797 3962 3895 4008 000
3929 3956 4167 4009 6006000
4192 3973 4298 4024 006
4315 3955 4598 4025 6010110ος11

2662 4036 2798 4080 vont
2831 4026 3005 4078 calum
3047 4025 3199 4078 uiant
3234 4041 3328 4077 601·
3362 4041 3424 4077 06
3461 4025 3605 4093 00116
3639 4024 3931 4093 0666011600
3964 4031 4023 4077 60
4058 4041 4163 4093 006
4198 4026 4287 4078 100
4324 4039 4474 4078 66106

2663 4096 2717 4149 la
2753 4093 2880 4147 ville
2918 4095 3010 4162 qui
3032 4111 3061 4146 z
3110 4101 3209 4147 ont
3250 4093 3478 4162 presche
3523 4110 3628 4162 006
3674 4095 3763 4147 100
3812 4110 3882 4147 06
3915 4094 4064 4163 fayct
4108 4095 4262 4162 point
4296 4095 4367 4146 06
4399 4094 4601 4157 1060106,

2663 4161 2846 4233 priant
2880 4162 3000 4215 leur
3034 4161 3312 4230 declayrer
3346 4162 3627 4231 lesqueulx
3662 4169 3788 4216 sont
3822 4162 3976 4216 ceulx
4013 4162 4108 4231 qui
4142 4163 4222 4216 166
4255 4162 4496 4216 veullent
4526 4176 4603 4213 ac·

2663 4248 2834 4296 cuser,
2872 4237 2930 4283 et
2963 4230 3033 4282 ilz
3068 4235 3193 4284 sont
3225 4239 3379 4299 ptest
3411 4231 3517 4284 den
3551 4248 3638 4285 res
3711 4232 3863 4286 udre.
3916 4231 4149 4285 Resoluz
4169 4248 4276 4301 que
4308 4231 4449 4285 cella
4484 4233 4601 4298 coyt

2663 4304 2967 4354 remonstre
3014 4299 3187 4352 6601οι
3232 4299 3508 4353 ministres
3555 4318 3591 4369 q
3745 4307 3844 4354 000
3901 4301 4156 4370 preaehes
4200 4301 4602 4369 publiquement

2704 4386 2771 4423 ue
2805 4369 2896 4422 lon
2932 4383 3001 4420 06
3034 4368 3231 4437 faysoit
3264 4368 3420 4436 point
3454 4368 3523 4422 06
3556 4369 3748 4423 1060106
3783 4368 3879 4422 066
3913 4369 4160 4437 palliare,
4208 4374 4266 4422 60
4299 4384 4406 4438 006
4443 4372 4600 4437 quant

2664 4439 2681 4491 i
2707 4457 2735 4490 z
2780 4436 3109 4490 entendront
3162 4437 3277 4505 quil
3329 4453 3387 4490 66
3439 4438 3556 4490 fera
3607 4438 3842 4506 quelque
3896 4438 4209 4506 palliardise
4273 4455 4343 4490 ou
4405 4438 4598 4490 aultres

2666 4507 2855 4561 choses
2890 4505 3136 4558 sinistros
3169 4521 3272 4575 par
3304 4506 3359 4558 la
3394 4507 3548 4570 ville,
3596 4507 3739 4575 quilz
3774 4507 3826 4560 le
3860 4505 4141 4575 doybvent
4174 4522 4346 4576 venyr
4380 4506 4602 4560 revellor

2666 4579 2832 4630 avant
2876 4580 3056 4627 tontes
3112 4574 3303 4627 choses
3359 4592 3427 4627 60
3470 4576 3763 4643 magestral
3808 4591 3934 4628 sans
3980 4565 4155 4628 sinsin
4206 4575 4258 4628 le
4314 4576 4529 4645 publier
4568 4590 4598 4626 a

2665 4660 2823 4699 cause
2869 4643 2966 4696 066
3009 4642 3302 4696 auditeurs.
3374 4642 3587 4698 Nomen
3634 4642 3861 4713 Piyneti,
3898 4644 3987 4698 hic
4032 4659 4145 4698 non
4187 4653 4448 4714 apparet,
4492 4657 4596 4700 cae·

2664 4719 2786 4768 tera
2818 4716 2999 4766 autem
3033 4712 3230 4781 optime
3262 4717 3582 4779 conantum.

2662 4781 2844 4906 {93}
2868 4779 2933 4861 i)
2964 4795 3026 4833 eo
3069 4780 3333 4834 niuniu-um
3377 4785 3614 4849 tempore
3654 4797 3761 4852 quo
3810 4778 3868 4835 0.
3917 4779 4177 4835 Baeticae
4222 4780 4413 4847 ficerat
4453 4778 4593 4850 apud

2720 4867 2757 4905 a
2826 4865 2983 4903 mm.

2868 4917 2928 4983 2)
2968 4917 3046 4973 N.
3080 4916 3197 4971 994.
3254 4916 3404 4971 Eum
3437 4922 3617 4974 tamen
3638 4918 3856 4973 minime
3887 4919 3949 4971 ia
3983 4933 4087 4972 sua
4119 4922 4306 4973 castra
4332 4919 4597 4986 pertraxit

2664 4987 3026 5043 dedicationis
3046 4993 3224 5053 anaor,
3260 4986 3577 5042 lutheranae
3596 4986 3869 5054 for-mulae
3891 4987 4083 5055 potius
4101 4986 4307 5051 fidelem
4324 4986 4593 5042 0066010111.

2868 5054 2930 5121 3)
2970 5053 3184 5111 &anun
3217 5054 3452 5111 dmm
3477 5061 3607 5124 post
3633 5055 3828 5111 bellum
3859 5055 4279 5109 smalcaldicum.

2658 5123 2930 5249 make„
2966 5123 3253 5179 dimidiam
3314 5138 3579 5179 mmm
3618 5130 3747 5193 post
3794 5123 4114 5195 quindecim,
4168 5123 4435 5192 reliquant
4476 5124 4593 5188 poet

2661 5234 4596 5395 mssmgmoeffiamdemmauefmaw
