4825 6175
618 428 738 491 127

610 622 870 700 patrem
904 634 1073 691 amo,
1119 613 1215 678 sic
1248 611 1490 695 rapiar,
1526 617 1602 676 ut
1636 630 1862 675 amore
1892 629 2128 676 caecus
2151 628 2283 672 non
2308 606 2568 672 videam

653 709 930 767 uantum
972 700 1044 763 in
1084 699 1478 764 universum
1515 694 1910 772 hominibus,
1955 702 2279 777 quantum
2320 692 2571 777 gloriae

610 723 884 863 amisti,
940 805 1108 869 quae
1166 783 1518 867 purissima
1574 791 1641 847 et
1681 779 1889 847 solida
1930 780 2125 864 plane
2168 799 2311 845 6666
2354 777 2569 857 debet,

611 881 945 955 utcunque
1011 890 1241 936 omnes
1306 869 1609 934 homines
1659 867 2082 932 offendantur
2138 873 2254 930 aut
2317 864 2572 929 coelum

610 960 831 1042 ipsum
886 963 1057 1033 ruat,
1116 978 1156 1021 a
1198 956 1386 1021 nobis
1432 961 1498 1020 et
1540 954 1844 1021 omnibus
1889 953 2155 1035 pietatis
2211 950 2571 1016 cultoribus

610 1045 702 1111 sit
743 1041 1181 1108 tribuendum.
1274 1040 1482 1106 Audit
1523 1061 1701 1116 sane,
1757 1058 2132 1121 quanquam
2187 1043 2574 1121 praeceptor

610 1131 1008 1206 carissimus,
1065 1150 1105 1193 a
1157 1150 1264 1194 me
1320 1125 1612 1210 quotidie
1664 1125 1902 1190 liberas
1950 1144 2158 1189 voces.
2267 1124 2573 1206 Agnosco

611 1236 872 1300 quoque
928 1215 1106 1280 illius
1159 1214 1593 1279 constantiam
1649 1221 1716 1276 et
1768 1209 1972 1275 robur
2035 1219 2103 1275 et
2166 1208 2570 1292 singularem

610 1302 950 1378 virtutem,
987 1322 1184 1383 quam
1208 1320 1351 1366 esse
1376 1305 1629 1362 tantam
1671 1297 1926 1362 affirmo
1961 1303 2039 1360 ut
2077 1292 2575 1359 dissolutionem

612 1387 902 1469 aliquam
944 1386 1244 1451 fortassis
1280 1383 1586 1467 opinione
1621 1392 1848 1448 nostra
1881 1380 2161 1447 celerius
2204 1380 2570 1461 parituram

613 1493 760 1539 esse
816 1472 1095 1537 credam.
1187 1470 1529 1536 Habemus
1584 1468 1693 1533 hic
1750 1466 2030 1551 singulis
2088 1486 2295 1548 paene
2340 1464 2571 1529 diebus

611 1579 788 1624 nova
829 1557 1110 1623 Periclis
1166 1556 1462 1635 fulmina,
1517 1574 1727 1620 novos
1781 1573 2228 1636 paroxysmos,
2292 1571 2572 1633 quorum

610 1646 817 1711 finem
871 1643 1066 1709 valde
1122 1651 1363 1707 metuo.
1383 1641 1438 1726 ⁸)
1531 1640 1883 1705 Caeterum
1932 1659 2131 1721 quam
2175 1636 2572 1701 sententiam

613 1730 696 1797 de
757 1730 1000 1812 scripto
1053 1741 1173 1797 ,tuo
1217 1728 1494 1793 statibus
1535 1724 1810 1809 Imperii
1857 1724 2075 1788 oblato
2089 1725 2150 1806 ⁴)
2194 1730 2570 1787 nostrorum

611 1836 962 1901 procerum
1004 1815 1321 1898 postulas,
1365 1811 1561 1878 audio
1606 1834 1645 1877 a
1681 1810 1954 1875 Iaaethero
1987 1809 2233 1875 lectum
2271 1815 2338 1872 et
2370 1807 2571 1874 vehe-

611 1909 871 1967 menter
924 1921 1066 1966 esse
1120 1898 1583 1965 collaudatum.
1688 1896 2036 1976 Philippus
2088 1895 2375 1959 maxime
2418 1914 2571 1976 pro-

611 1988 745 2055 bat.
851 1986 1102 2052 Doctor
1151 1984 1530 2067 Cruciyerus
1583 1993 1648 2047 te
1702 1983 1976 2047 mirifice
2019 1988 2215 2057 amat,
2289 1999 2411 2045 nec
2456 2000 2568 2061 po·

613 2080 746 2139 test.
787 2095 921 2138 non
956 2071 1316 2155 approbare
1351 2067 1667 2153 quidquid
1689 2066 1805 2133 abs
1842 2075 1906 2133 te
1942 2067 2143 2132 fuerit
2182 2066 2566 2149 profectum.

611 2159 721 2226 Do
766 2158 1171 2241 reliquorum
1216 2177 1492 2221 censura
1546 2176 1679 2219 non
1724 2151 1920 2219 debes
1974 2174 2118 2218 esse
2172 2170 2571 2235 magnopere

612 2244 949 2313 sollicitus.
1038 2243 1186 2328 Ego
1228 2263 1386 2307 sane
1430 2242 1535 2324 (ut
1577 2240 1659 2305 de
1693 2261 1799 2304 me
1835 2259 2089 2322 quoque
2133 2237 2376 2318 dicam)
2422 2247 2571 2301 tan-

611 2337 760 2396 tum
806 2330 1101 2394 animum
1145 2328 1354 2410 recepi
1415 2348 1490 2392 eo
1534 2325 1776 2410 scripto
1820 2325 2109 2407 perlecto
2152 2325 2225 2388 in
2267 2321 2569 2399 vinculis,

611 2417 729 2483 ubi
796 2423 943 2480 tum
994 2435 1193 2491 eram,
1255 2424 1329 2478 ut
1380 2412 1578 2496 plane
1632 2411 1947 2477 sentirem
2000 2432 2107 2476 me
2162 2407 2246 2474 ad
2287 2414 2573 2473 mortem

618 2502 1019 2586 paratiorem
1063 2521 1260 2583 1111661
1301 2507 1497 2564 66166
1539 2498 1812 2563 fueram.

789 2587 917 2652 Est
961 2584 1136 2668 apud
1182 2606 1298 2650 vos
1343 2586 1585 2667 pietate
1627 2604 1703 2648 ac
1746 2581 2042 2648 doctrina
2084 2587 2427 2664 praestans
2470 2578 2574 2643 vir

613 2673 947 2739 Iohannes
998 2669 1311 2746 Deciusss)
1368 2670 1728 2754 Hispanus,
1796 2688 1993 2751 quem
2047 2667 2172 2731 etsi
2227 2665 2387 2731 satis
2454 2685 2575 2728 sua

613 2760 860 2827 virtute
914 2757 1090 2842 apud
1146 2768 1214 2822 te
1277 2753 1808 2822 commendatum
1866 2774 2010 2820 esse
2065 2754 2288 2830 sciam,
2350 2761 2574 2815 161666

613 2845 878 2928 cupiam
913 2842 1021 2911 vel
1056 2862 1205 2908 mea
1252 2862 1451 2909 661166
1492 2842 1638 2907 fieri
1672 2838 2310 2907 commendatiorem.
2383 2835 2575 2934 Bene

617 2930 787 3008 vale,
825 2929 1196 2995 doctissime
1221 2926 1499 3006 Calvina,
1541 2933 1610 2992 et
1642 2948 1748 2991 me
1783 2925 1955 3009 quod
1992 2924 2154 2990 facis
2190 2943 2355 2989 ama.
2423 2921 2577 2985 W1-

614 3018 992 3101 tembergae
1038 3019 1093 3079 3.
1143 3014 1248 3079 dic
1294 3013 1582 3098 Augusti
1625 3034 1797 3077 anno
1851 3017 2029 3075 1545.

791 3101 1128 3169 Scriberet
1192 3121 1447 3183 quoque
1517 3099 1878 3182 Philippos,
1950 3098 2075 3163 nisi
2142 3095 2314 3179 quod
2381 3094 2577 3159 hodie

663 3191 944 3255 refectus
1001 3189 1089 3253 sit
1142 3187 1225 3252 ad
1280 3185 1617 3270 negotium
1677 3186 1835 3249 satis
1889 3184 2239 3250 molestum
2296 3191 2363 3245 et
2423 3200 2578 3244 vere

613 3210 1004 3342 {cricleum
1026 3276 1082 3353 ⁶)
1168 3273 1505 3338 Reversus
1549 3270 1634 3337 ad
1678 3280 1825 3336 tuas
1870 3271 2095 3335 literas
2137 3265 2575 3351 respondebit.

1142 3395 1323 3457 Tuus
1366 3401 1543 3457 totus
1588 3392 1983 3456 Franciscus
2028 3386 2400 3473 Dryander.

791 3567 1056 3630 Literas
1077 3586 1238 3647 quas
1261 3563 1345 3627 ad
1366 3563 1635 3629 Decium
1657 3572 1959 3626 nostrum

619 3650 864 3734 alioqui
906 3653 1215 3733 Rupeum
1258 3650 1469 3725 mitto,
1518 3647 1754 3713 trades.

1534 4158 1684 4229 674.

1013 4293 1363 4360 CALVIN
1405 4296 1470 4359 A
1514 4296 1606 4359 M.
1654 4293 1782 4359 DE
1828 4293 2189 4361 FALAIS.

795 4465 1233 4546 Compliments
1270 4487 1387 4530 sur
1428 4488 1506 4531 sa
1547 4467 2014 4533 convalescence.
2110 4465 2580 4552 Compte-rendu

619 4555 729 4621 des
771 4551 1189 4635 vze'yociations
1223 4573 1392 4632 pour
1434 4553 1662 4617 l‘acleat
1705 4554 1889 4617 d'une
1932 4553 2193 4619 maison.

825 4723 884 4789 3)
926 4721 1135 4777 Variae
1187 4721 1497 4777 Duthmm
1563 4739 1624 4777 eo
1679 4729 1917 4794 tempore
1971 4724 2331 4792 eoeayitabant
2385 4741 2572 4792 cwrae,

617 4809 795 4861 neque
848 4792 991 4845 60106
1036 4790 1416 4859 Zaeoinylianos
1473 4792 1618 4847 diris
1674 4792 1984 4848 devovebat.
2078 4795 2433 4862 Exspatiatus
2492 4806 2576 4848 est

617 4863 893 4917 Lutherus
930 4859 1244 4927 (Lipsiam)
1282 4868 1341 4915 ot
1375 4863 1556 4915 nescio
1591 4880 1752 4929 quam
1790 4864 2215 4933 indignationem
2246 4864 2575 4923 circumfert,

617 4948 718 4985 our
764 4930 943 4984 redire
992 4936 1294 4983 cunctatur.
1367 4930 1528 4991 (Mel.
1576 4930 1743 4998 Corp.
1790 4930 1913 4997 Res.
1960 4932 2024 4984 V.
2061 4929 2209 4995 816.)
2283 4932 2370 4998 Cf.
2405 4932 2573 4986 etiam

619 4999 711 5054 De
760 4998 947 5064 Wette‚
984 4998 1179 5063 Briefe
1218 4999 1285 5053 V.
1324 4998 1441 5052 752.

827 5067 886 5133 4)
925 5066 1178 5134 Supplex
1210 5067 1519 5123 &hortatio
1553 5069 1629 5122 ad
1664 5069 1972 5123 Caesen-em.

828 5137 887 5204 5)
926 5136 1197 5190 Dianium
1252 5136 1400 5191 hunc
1441 5137 1756 5206 significari
1813 5138 2086 5192 credimus
2144 5138 2242 5207 qui
2285 5156 2324 5193 a
2368 5139 2573 5195 Iacobo

619 5204 885 5261 Enzinas
920 5206 997 5259 ad
1030 5205 1373 5274 evanyeliwm
1407 5221 1704 5261 conversus
1735 5210 1937 5273 fuerat.

828 5275 889 5338 6)
930 5274 1015 5327 De
1050 5290 1159 5342 quo
1193 5273 1400 5329 audias
1432 5277 1619 5345 ipsum
1665 5278 1778 5331 loco
1813 5277 1970 5331 modo
2005 5276 2232 5331 laudato
2266 5275 2344 5330 ad
2386 5275 2574 5331 Vicum

633 5341 975 5398 Theodorum
1008 5343 1345 5400 scribentem.

2165 416 2696 486 EPISTOLAE
2743 421 3080 483 673-675

4508 426 4606 490 128

2675 605 2852 676 (Orig.
2898 607 3028 661 auto
3129 607 3250 676 phe.
3337 608 3484 662 Bibl.
3531 608 3600 661 dc
3646 608 3886 663 Goneve.
3977 608 4102 664 Vol.
4153 607 4274 679 194,
4318 610 4411 664 101.
4444 608 4525 664 82.
4555 639 4607 651 -

2675 676 2894 730 Lettres
2938 675 3008 729 de
3071 692 3124 744 q.
3161 677 3231 729 de
3267 676 3706 816 Bou1¹·²gnogg¹1⁸;iewp.l
3711 676 4126 812 'liobg-Jssonnet
4161 677 4212 742 1,
4246 697 4301 749 p.
4341 677 4462 734 124.
4523 680 4607 734 Ed.

3056 900 3120 964 A
3163 900 3636 1002 Monseigneur
3678 901 3841 967 Msr.
3889 901 3970 967 de
4014 902 4256 967 Fallez.

2846 1038 3334 1122 Monseigneur,
3380 1040 3442 1104 ie
3485 1059 3638 1103 rens
3681 1058 3910 1121 graces
3955 1062 3996 1105 a
4033 1048 4259 1106 nostre
4301 1039 4432 1104 bon
4455 1038 4614 1105 Dieu

2675 1124 2755 1190 dc
2800 1146 2874 1190 ce
2917 1124 3056 1207 quil
3098 1144 3268 1189 nous
3310 1144 3351 1189 a
3392 1124 3656 1208 resiouy
3717 1124 3833 1190 des
3872 1127 4125 1192 bonnes
4167 1125 4505 1191 nouvelles
4544 1125 4613 1190 de

2674 1210 2740 1275 la
2782 1217 2970 1275 sante
3013 1209 3152 1293 quil
3208 1230 3372 1276 vous
3429 1232 3470 1276 a
3510 1208 3780 1286 rendue,
3837 1232 3992 1276 sans
4035 1232 4165 1295 que
4208 1231 4377 1277 nous
4421 1232 4614 1295 ayons

2675 1303 2815 1360 este
2857 1297 3208 1362 contristez
3253 1296 3334 1361 de
3376 1295 3443 1361 la
3491 1296 3791 1363 maladie.
3881 1296 4111 1377 Quant
4153 1318 4319 1362 nous
4362 1318 4448 1362 en
4491 1318 4618 1363 6116-

2675 1382 2857 1448 61066
2912 1389 3050 1448 6616
3102 1382 3395 1448 advertis
3450 1403 3489 1446 a
3542 1390 3776 1467 temps,
3842 1404 4013 1449 nous
4067 1383 4393 1449 leussions
4448 1404 4528 1466 pr
4567 1405 4615 1460 e,

2676 1468 2860 1534 selon
2914 1489 3040 1551 que
3094 1488 3263 1533 nous
3305 1491 3351 1553 y
3395 1469 3641 1534 estions
3696 1477 3908 1534 tenus.
3994 1469 4169 1535 Mais
4218 1471 4366 1553 puis
4410 1470 4519 1553 qui
4583 1487 4619 1533 a

2675 1556 2732 1619 61
2788 1552 2942 1619 bien
2996 1552 3307 1638 besoigne
3362 1574 3517 1620 sans
3573 1576 3741 1620 110116
3800 1554 4067 1638 appeler
4110 1576 4151 1621 a
4193 1554 4404 1640 layde‚
4467 1575 4619 1620 nous

2676 1661 2881 1706 avons
2938 1661 2978 1704 a
3020 1640 3082 1706 le
3124 1639 3479 1706 remercier
3533 1637 3976 1706 doublement.
4074 1642 4169 1708 Et
4223 1662 4472 1707 mesme
4522 1658 4621 1704 616

2674 1727 2826 1810 ioye
2883 1732 3270 1809 saugmente
3325 1726 3408 1791 de
3463 1745 3538 1792 ce
3592 1747 3717 1809 que
3770 1727 4032 1793 ientens
4086 1748 4214 1810 que
4257 1739 4435 1793 ceste
4478 1728 4622 1791 visi-

2676 1812 2885 1877 tation
2929 1832 3095 1877 vous
3139 1834 3179 1877 a
3224 1833 3424 1897 servy
3460 1834 3500 1877 a
3534 1810 3734 1897 demy
3762 1811 3845 1876 de
3870 1812 4224 1891 medecine,
4271 1835 4438 1896 pour
4468 1832 4622 1878 vous

2674 1897 2913 1965 rendre
2970 1897 3122 1981 plus
3181 1898 3465 1963 robuste.
3556 1897 3752 1983 Qnoy
3795 1897 3935 1981 quil
3979 1919 4063 1965 en
4107 1901 4253 1977 soit,
4311 1900 4464 1983 puis
4507 1916 4622 1982 (1116

2676 2005 2846 2050 60116
2891 2004 3099 2049 avons
3139 2005 3231 2048 un
3277 1981 3457 2049 Dieu
3498 1985 3611 2067 qui
3653 1985 3839 2068 peult
3881 2008 3963 2051 en
4008 2009 4100 2052 un
4144 1995 4445 2053 moment
4483 2010 4624 2055 sans

2675 2068 2994 2136 difficulte
3038 2070 3274 2134 retirer
3315 2069 3413 2135 les
3458 2071 3636 2135 siens
3673 2069 3764 2136 du
3797 2072 4165 2154 sepulchre,
4209 2072 4258 2137 il
4292 2073 4356 2138 le
4391 2093 4625 2158 pourra

2675 2156 2828 2221 bien
2871 2176 3264 2238 pourmener
3299 2176 3384 2221 au
3417 2156 3569 2222 bort
3601 2165 3748 2221 tant
3780 2157 3921 2239 quil
3955 2158 4250 2233 vouldra.
4296 2180 4453 2226 sans
4568 2183 4626 2226 r-

2675 2249 2920 2308 mectre
2974 2241 3146 2324 quilz
3201 2241 3497 2308 tombent
3549 2241 3816 2322 dedans,
3870 2244 4101 2328 iusque
4159 2267 4199 2310 a
4247 2267 4321 2312 ce
4363 2267 4405 2330 q
4462 2247 4475 2260 ’
4549 2268 4626 2312 611

2676 2328 2804 2394 6011
2846 2334 2978 2392 1616
3028 2349 3077 2392 6.

2849 2412 2928 2479 Si
2969 2349 3177 2478 iiivois
3218 2401 3428 2498 loysir
3471 2412 3756 2480 descrire
3789 2434 3831 2478 6
3863 2415 4375 2496 Μ6116160166116,
4419 2418 4488 2485 16
4519 2420 4630 2503 luy

2675 2499 3049 2564 manderois
3094 2520 3219 2582 que
3264 2520 3369 2565 ses
3409 2498 3637 2566 lettres
3679 2509 3870 2565 mont
3910 2503 4134 2585 aprins
4178 2502 4315 2586 quil
4360 2514 4467 2569 est
4508 2506 4629 2571 bon

2678 2585 2761 2651 de
2802 2586 2926 2650 lire
2963 2586 3197 2668 iusque
3240 2606 3324 2650 au
3372 2583 3531 2649 bont
3586 2584 3831 2651 devant
3883 2608 4008 2670 que
4051 2590 4256 2672 inger.
4346 2589 4488 2657 Oar
4529 2591 4629 2674 iay

2678 2672 2869 2739 cuide
2923 2679 3098 2737 estre
3156 2671 3458 2754 surprins
3515 2694 3601 2737 en
3644 2671 3710 2737 la
3753 2672 4031 2739 seconde
4074 2674 4318 2758 lingue,
4381 2699 4470 2741 ou
4516 2676 4631 2742 elle

2680 2780 2785 2824 me
2827 2756 3125 2824 maudoit
3176 2757 3267 2822 du
3323 2755 3599 2841 dangier
3650 2779 3733 2823 ou
3778 2779 3947 2824 vous
3990 2781 4146 2827 avez
4192 2770 4347 2826 este.
4444 2763 4632 2829 Gom-

2679 2846 2832 2910 bien
2875 2864 3004 2927 que
3047 2863 3121 2909 66
3161 2841 3496 2925 prudence
3537 2864 3648 2909 ma
3682 2843 3850 2928 ayde
3887 2865 3928 2909 a
3969 2867 4075 2910 me
4119 2848 4383 2913 retenir.
4467 2851 4635 2915 'Dant

2679 2954 2724 3016 y
2769 2951 2810 2996 a
2847 2950 2974 3013 que
3017 2929 3132 3013 iay
3174 2936 3312 2994 este
3351 2929 3820 3015 singuliement
3861 2931 4141 3010 console,
4189 2932 4436 2999 devant
4481 2956 4633 3018 qua-

2680 3017 2827 3082 voir
2870 3036 2952 3080 eu
2990 3015 3054 3080 le
3096 3014 3304 3099 loysir
3347 3014 3428 3080 de
3471 3037 3579 3080 me
3622 3016 3896 3082 fascher.

2853 3101 3082 3182 Quant
3125 3124 3165 3166 6
3202 3101 3455 3167 laffaire
3499 3101 3661 3167 dont
3702 3124 3869 3168 vous
3904 3125 4129 3171 mavez
4158 3108 4371 3181 escrit,
4420 3118 4636 3173 vostre

2680 3209 2896 3254 venue
2938 3209 3028 3252 na
3070 3189 3257 3271 point
3300 3199 3437 3253 este
3482 3188 3832 3273 divulguee
3876 3188 3957 3254 de
4008 3213 4130 3274 par
4187 3213 4371 3257 nous.
4467 3194 4636 3259 Mais

2682 3296 2755 3340 ce
2808 3273 3099 3358 pendant
3151 3274 3214 3338 le
3267 3274 3482 3338 bruict
3536 3276 3707 3348 vole,
3773 3284 3841 3341 et-
3905 3297 3989 3340 ne
4041 3299 4318 3343 scavons
4370 3278 4539 3344 dont
4591 3278 4637 3342 il

2681 3361 2887 3436 vient,
2935 3361 3128 3424 sinon
3185 3380 3312 3441 que
3368 3359 3432 3424 16
3475 3370 3634 3425 vent
3675 3361 3738 3425 lc
3781 3372 3983 3444 porte.
4075 3361 4309 3442 Quant
4351 3385 4444 3429 on
4491 3386 4637 3430 men

2683 3446 2884 3529 parle,
2929 3444 3005 3509 'ie
3051 3444 3243 3510 laisse
3286 3445 3533 3510 couller
3574 3446 3729 3521 cela,
3788 3468 3944 3512 sans
4002 3459 4248 3514 mectre
4301 3451 4504 3533 poine
4563 3450 4638 3517 de

2683 3534 2747 3596 le
2791 3532 3051 3596 refuter.
3140 3530 3274 3595 Car
3315 3530 3363 3595 il
3404 3554 3448 3615 y
3494 3542 3593 3596 est
3639 3553 3825 3614 passe
3882 3534 4220 3616 quelquun
4263 3548 4521 3602 venant
4564 3536 4639 3601 de

2686 3618 3105 3699 Strasbourg,
3153 3618 3262 3699 qui
3308 3637 3391 3680 en
3438 3639 3477 3680 a
3507 3617 3640 3682 dict
3682 3641 3935 3683 comme
3970 3621 4047 3683 sil
4094 3621 4270 3685 avoit
4311 3644 4473 3687 66611
4502 3645 4641 3688 vos-

2685 3714 2788 3769 tre
2845 3704 3197 3767 intention.
3295 3703 3606 3789 Parquoy
3659 3704 3702 3767 il
3765 3716 3931 3769 mest
3987 3705 4174 3770 advis
4239 3728 4366 3789 que
4417 3729 4500 3773 ce
4545 3730 4639 3773 se-

2687 3789 2815 3854 roit
2866 3790 3058 3871 poine
3108 3787 3355 3871 perdue
3409 3786 3489 3853 de
3533 3810 3718 3873 nyer,
3768 3792 3929 3855 mais
3964 3813 4092 3874 que
4138 3794 4199 3856 le
4243 3792 4392 3875 plus
4440 3816 4641 3878 expe-

2685 3875 2869 3940 dient
2910 3884 3012 3939 cst
3049 3873 3178 3939 den
3211 3874 3442 3940 laisser
3461 3897 3692 3940 causer
3733 3877 4022 3943 chascun
4056 3900 4129 3944 ce
4165 3879 4301 3961 quil
4342 3880 4637 3946 vouldra.

2686 3961 2804 4026 'rol
2849 3974 2952 4026 est
2994 3983 3168 4025 venu
3215 3982 3254 4026 a
3296 3980 3469 4043 moy,
3529 3963 3640 4043 qui
3687 3982 3798 4027 ma
3843 3976 4171 4046 racomptc
4217 3964 4351 4030 dun
4449 3967 4641 4031 entil-

2683 4047 2945 4112 hommc
2981 4067 3242 4111 nomme
3277 4047 3463 4121 ainsi,
3509 4049 3617 4129 qui
3656 4050 3886 4112 sestoit
3921 4051 4118 4115 retire
4152 4072 4190 4114 a
4214 4049 4408 4117 strae
4459 4074 4638 4135 ourg,

2683 4144 2823 4210 etc.,
2872 4153 3124 4197 comme
3167 4132 3246 4196 sil
3292 4154 3373 4197 en
3411 4143 3558 4198 eust
3598 4133 3744 4215 plus
3779 4156 4075 4218 congneu
4114 4136 4261 4218 plus
4299 4160 4427 4219 que
4465 4160 4636 4224 moy.

2684 4218 2914 4299 Quant
2987 4218 3036 4281 il
3115 4240 3220 4282 me
3297 4217 3674 4283 demandoit
3748 4218 3863 4286 des
3941 4221 4170 4286 choses
4234 4224 4638 4303 manifestes,

2682 4326 2922 4387 pource
2966 4326 3090 4387 que
3125 4312 3308 4370 ceust
3342 4316 3478 4369 6616
3517 4305 3905 4386 impudence
3943 4306 4070 4371 den
4106 4308 4270 4373 faire
4306 4307 4389 4374 de
4433 4311 4641 4395 ligno-

2683 4400 2852 4469 rant,
2895 4392 2956 4454 ie
3001 4391 3115 4475 luy
3155 4389 3493 4456 concedois
3537 4391 3795 4456 aultant
3836 4392 3974 4473 quil
4014 4395 4206 4457 estoit
4249 4398 4637 4461 necessaire.

2683 4476 2877 4541 Ainsi
2923 4498 3086 4541 nous
3130 4475 3625 4541 dissimulerons
3672 4477 3925 4541 aultant
3981 4501 4104 4561 que
4147 4502 4313 4544 nous
4363 4503 4639 4547 verrons

2682 4562 2817 4643 quil
2895 4582 3137 4646 pourra
3210 4564 3496 4647 profiter.
3610 4562 3703 4627 Ce
3770 4562 4060 4645 pendant
4124 4566 4349 4632 faictes
4416 4578 4639 4633 vostre

2681 4656 2956 4730 compte,
3013 4670 3190 4730 quon
3247 4649 3469 4713 devise
3519 4647 3600 4711 de
3644 4662 3868 4714 vostre
3913 4660 4083 4715 estat
4128 4672 4209 4715 en
4259 4660 4480 4718 vostre
4527 4655 4636 4718 ab·

2680 4753 2889 4810 senec,
2937 4754 3089 4799 sans
3134 4737 3319 4798 avoir
3358 4736 3773 4799 commission
3819 4735 3900 4799 de
3944 4757 4127 4800 vous.

2852 4819 3198 4884 'I'ouchant
3253 4819 3316 4882 la
3383 4820 3583 4901 place,
3644 4821 3705 4884 le
3763 4822 3892 4884 sire
3951 4822 4215 4889 Nieolas
4251 4829 4296 4899 Ι)
4354 4846 4436 4888 66
4500 4827 4676 4890 fera·

2712 5004 2860 5059 674.
2901 5006 2956 5070 l)
2995 5005 3193 5060 G'aait
3224 5023 3306 5059 un
3341 5012 3505 5075 ayent
3550 5023 3624 5061 ou
3660 5007 3994 5078 domuique
4025 5009 4103 5063 du
4138 5011 4341 5065 baron:
4387 5013 4638 5069 l’edition

2679 5074 3086 5131 d'Ameterdam
3133 5092 3204 5129 en
3256 5075 3368 5141 fait
3412 5092 3516 5130 son
3560 5078 3856 5144 cuisinier,
3910 5078 4000 5132 M.
4045 5080 4285 5147 Bonna,
4322 5096 4425 5136 son
4461 5082 4635 5138 scorb-

2678 5145 2837 5198 taire.
2914 5144 3002 5200 On
3035 5143 3318 5211 l’identifie
3351 5146 3513 5200 aussi
3547 5161 3679 5200 avec
3710 5147 3759 5201 le
3790 5146 4018 5212 fameux
4057 5149 4133 5202 N.
4171 5150 4238 5203 de
4270 5151 4328 5203 la
4350 5150 4637 5207 Fontm‘ne

2679 5214 2778 5280 qui
2811 5231 2848 5266 a
2875 5215 3012 5283 jou&
3044 5230 3126 5267 wn
3158 5210 3271 5267 role
3305 5213 3515 5269 dansle
3543 5215 3742 5284 proces
3776 5216 3842 5270 de
3862 5216 4070 5272 Sco-vet.
4103 5218 4344 5288 11εάρᾶ
4371 5220 4454 5275 du
4483 5227 4626 5277 reste

2679 5282 2756 5335 ici
2801 5282 2869 5336 de
2910 5283 3118 5336 l'achat
3151 5282 3318 5336 d'wne
3353 5285 3588 5349 maison,
3635 5285 3807 5353 lequel
3840 5287 4150 5354 cependant
4183 5303 4253 5341 ne
4284 5290 4374 5354 fut
4400 5305 4520 5359 pas
4555 5291 4629 5357 ef-

2677 5350 2872 5419 fectae,
2908 5351 3162 5407 l’arrivde
3196 5351 3264 5406 de
3299 5352 3386 5407 M.
3423 5354 3490 5407 de
3525 5354 3728 5409 Falais
3762 5355 3994 5409 tardant
4028 5356 4065 5409 ὰ
4099 5372 4157 5409 se
4190 5357 4434 5415 realiser.
