4825 6175
190 450 295 515 157

183 644 300 701 tam
341 630 431 715 pii
474 630 759 714 episcopi
801 629 872 696 in
914 631 1385 697 commentaria
1426 625 1832 715 redegisset?
1899 625 2116 693 Video

182 718 319 805 quid
357 716 546 782 illum
590 715 784 782 valde
826 723 1099 800 premat.
1186 716 1328 782 Nec
1378 714 1617 782 lubens
1668 712 1843 781 cedit
1883 713 2115 778 minis-

180 805 330 871 terio
369 802 493 869 hoc
535 808 846 885 tempore,
891 801 1066 886 quod
1109 802 1168 867 ei
1210 822 1349 867 non
1390 801 1554 867 satis
1594 796 1900 865 videatur
1938 819 2113 864 com·

177 890 427 958 modum
445 939 461 967 ,
536 909 661 955 nec
723 887 963 953 lubens
1024 886 1202 953 subit
1263 887 1707 953 Berneusium
1773 883 2111 949 iudicium.

173 973 452 1044 Proinde
493 973 786 1040 nondum
830 974 991 1039 satis
1034 973 1337 1039 divinare
1370 992 1643 1056 possum
1677 970 1838 1054 quid
1880 969 2111 1035 molia-

174 1072 293 1127 tur.
356 1059 506 1126 Hoc
549 1059 785 1125 saltem
829 1080 978 1124 eum
1025 1058 1219 1125 valde
1263 1058 1600 1126 excruciat
1642 1055 1814 1140 quod
1857 1076 1929 1121 se
1963 1077 2111 1121 sen-

173 1148 287 1213 tiat
319 1145 666 1223 irretitum,
711 1144 807 1210 ita
843 1153 920 1210 ut
952 1147 1196 1229 exigua
1230 1146 1317 1210 sit
1349 1164 1501 1226 spes
1535 1140 1873 1219 evadendi,
1910 1142 2111 1206 etiam

172 1232 396 1300 'l'urcis
428 1230 771 1311 iudicibus,
808 1232 933 1296 nisi
969 1232 1192 1296 omnia
1211 1232 1346 1295 sint
1380 1228 1900 1312 deploratissima
1934 1224 2109 1310 apud

173 1339 275 1385 cos
312 1338 589 1401 quorum
645 1324 869 1401 partes
920 1326 1079 1382 sunt
1133 1313 1545 1399 disciplinam
1604 1314 2108 1380 ecclesiasticam

169 1404 333 1469 tueri
376 1412 446 1468 et
487 1423 907 1469 conservare:
954 1401 1129 1486 quod
1172 1400 1466 1467 nondum
1510 1401 1673 1465 mihi
1715 1397 2111 1483 persuadere

167 1510 437 1574 possum.
505 1488 823 1555 Proximo
866 1488 1193 1554 dominico
1236 1487 1341 1552 die
1385 1486 1546 1552 adiit
1587 1507 1694 1550 me
1728 1486 1797 1549 in
1843 1484 2110 1566 templo,

165 1575 415 1660 rogavit
457 1595 618 1639 num
708 1594 919 1639 ossem
959 1574 1019 1638 ei
1054 1582 1316 1656 postero
1361 1572 1466 1637 die
1511 1572 1746 1637 horam
1787 1569 1872 1635 ad
1915 1569 2110 1635 collo·

167 1663 384 1745 quium
439 1681 640 1726 conce
687 1680 814 1724 ere.
903 1659 1133 1724 Annui
1149 1710 1164 1737 ,
1220 1679 1294 1725 ac
1351 1658 1493 1724 eius
1548 1657 1820 1722 arbitrio
1875 1654 2111 1738 reliqui

162 1765 613 1830 quamcunque
668 1745 755 1811 eli
803 1765 912 1809 ere
954 1744 1175 1811 vellet.
1264 1742 1662 1827 suspicabar
1716 1741 1904 1808 illum
1960 1761 2110 1823 pro-

162 1831 689 1898 crastinationem
726 1852 767 1896 a
791 1832 1007 1914 iquam
1045 1830 1250 1897 variis
1285 1828 1866 1913 pollicitationibus
1888 1826 2112 1892 eblan-

45 1988 48 1995 ,
161 1917 475 1996 diturum,
517 1939 719 2001 quum
765 1918 1053 1982 viderem
1107 1937 1215 1981 me
1270 1924 1409 1981 tam
1456 1914 1664 1979 amice
1714 1913 1796 1979 ab
1841 1913 2111 1978 homine

160 2002 551 2086 compellari.
640 2002 776 2069 Sed
820 2024 953 2068 non
997 2003 1184 2068 venit
1234 2012 1311 2067 ut
1364 2022 1435 2066 se
1477 2001 1810 2066 facturum
1848 2018 2109 2080 recepe·

159 2098 283 2155 rat:
336 2110 470 2172 quo
521 2090 599 2153 fit-
654 2096 734 2153 ιιι
774 2110 906 2153 non
951 2088 1113 2153 satis
1165 2086 1534 2170 intelligam
1577 2086 1736 2168 quid
1777 2084 2107 2150 moliatur.

159 2175 417 2241 Interea
460 2184 686 2240 tamen
744 2194 1051 2256 paramus
1108 2195 1227 2239 nos
1282 2172 1364 2238 ad
1423 2172 1722 2256 quemvis
1780 2181 2110 2245 eventum,

159 2272 362 2326 totum
420 2261 765 2344 negotium
820 2260 1109 2325 Domino
1166 2258 1718 2325 commendantes.
1807 2258 1905 2321 At
1957 2276 2110 2339 gra-

158 2347 319 2412 viter
362 2348 435 2411 in
484 2345 610 2412 hac
653 2367 728 2410 re
770 2356 1108 2429 peccatum
1169 2356 1271 2410 est
1324 2344 1404 2409 ab
1461 2344 1544 2409 iis
1601 2344 1714 2426 qui
1767 2342 1828 2406 ei
1882 2341 2110 2407 classis

157 2433 554 2498 sententiam
596 2440 787 2498 erant
827 2430 1302 2509 renunciaturi,
1343 2430 1517 2513 quod
1560 2438 1705 2495 octo
1746 2428 1887 2493 dies
1930 2427 2112 2492 abire

154 2518 323 2601 passi
390 2520 535 2583 sint
597 2518 982 2601 priusquam
1046 2517 1108 2581 ei
1176 2516 1614 2581 nunciassent.
1732 2516 1951 2596 Atque
2014 2514 2112 2577 ita

45 2620 46 2623 ’
156 2612 330 2669 tanto
365 2604 691 2687 temporis
726 2604 935 2687 spatio
969 2610 1371 2684 protractum
1408 2612 1511 2666 est
1544 2601 1901 2684 negotium,
1938 2597 2111 2682 quod

155 2689 358 2755 levius
403 2689 586 2754 foret
627 2689 756 2754 nisi
799 2688 1024 2770 lapsus
1071 2688 1184 2754 ille
1238 2689 1309 2753 in
1354 2687 1516 2752 alias
1561 2707 1681 2751 nos
1725 2686 2112 2752 coniecisset

156 2776 513 2859 angustias.
601 2775 775 2841 Nam
831 2776 887 2840 si
929 2774 1221 2840 Bernam
1265 2771 1741 2857 proficiscimur
1782 2769 1867 2835 ad
1921 2791 2112 2853 prae-

154 2861 459 2926 stitutum
510 2861 703 2939 diem,
749 2872 893 2925 tum
939 2881 1015 2925 eo
1066 2861 1527 2944 perveniemus
1584 2880 1786 2942 quum
1831 2858 1966 2922 fere
2010 2878 2110 2921 se-

45 2934 46 2961 ³
154 2958 414 3012 natores
461 2968 693 3013 omnes
738 2946 1087 3011 vindemiis
1130 2945 1428 3029 occupati
1479 2943 1763 3009 aberunt
1804 2944 1883 3008 ab
1931 2941 2108 3007 urbe.

154 3029 352 3132 Vides
399 3031 568 3117 quid
610 3032 881 3118 ignavia
924 3042 993 3099 et
1026 3031 1431 3116 negligentia
1464 3050 1714 3106 eorum,
1758 3028 1829 3094 in
1874 3028 2112 3112 quibus

45 3193 46 3196 Ἴ
150 3120 422 3184 minime
471 3140 619 3186 esse
663 3118 911 3199 debuit,
956 3119 1260 3184 effecerit.
1330 3115 1464 3183 Sed
1503 3115 1582 3181 de
1621 3116 1725 3180 his
1769 3114 2107 3180 hactenus.

152 3201 222 3269 Si
262 3204 429 3288 quid
475 3204 682 3271 habes
725 3226 923 3288 super
964 3203 1088 3269 hac
1143 3226 1215 3268 re
1258 3202 1512 3269 consilii
1554 3201 1938 3285 significato.
2033 3200 2112 3265 Si

150 3289 442 3356 Bernam
491 3291 799 3374 petimus,
842 3291 1121 3356 fortasse
1163 3311 1299 3354 non
1334 3300 1506 3354 esset
1540 3288 1622 3353 ab
1660 3295 1883 3352 nostro
1916 3286 2108 3352 insti-

152 3382 287 3442 tuto
331 3378 638 3443 alienum
681 3386 758 3442 ut
799 3383 874 3441 tu
930 3375 1014 3441 ad
1057 3376 1396 3440 ministros
1454 3373 1807 3450 scriberes,
1865 3381 1940 3437 ut
1992 3371 2113 3437 ali-

152 3480 341 3543 quam
384 3462 667 3528 tandem
703 3461 1085 3545 disciplinae
1122 3460 1594 3528 ecclesiasticae
1629 3459 1951 3524 rationem
1993 3457 2113 3522 ha·-

152 3543 396 3613 berent.
469 3547 650 3614 Nam
685 3569 919 3614 vereor
952 3569 1035 3613 ne
1059 3546 1320 3622 Beatus,
1358 3553 1437 3610 ut
1469 3544 1654 3622 solet,
1696 3543 1796 3608 illi
1832 3544 2110 3609 nimium

154 3633 234 3696 sit
274 3635 561 3701 amicus.
660 3636 882 3717 Atque
946 3635 1201 3699 utinam
1264 3632 1326 3697 ei
1393 3652 1545 3697 vere
1612 3631 1863 3696 amicus
1920 3637 2112 3694 esset.

153 3716 320 3784 Nam
365 3721 430 3786 ei
491 3728 565 3786 et
617 3720 928 3787 ecclesiae
983 3721 1228 3803 optime
1284 3716 1670 3784 consuleret.
1762 3714 2115 3781 Caeterum

153 3805 315 3886 quod
361 3806 548 3890 petis
605 3828 646 3871 a
688 3828 794 3871 me
849 3805 1196 3871 consilium
1251 3803 1335 3869 de
1389 3800 1720 3869 evocando
1764 3800 2037 3879 strena,
2056 3800 2114 3887 ⁵)

154 3889 219 3954 in
257 3892 651 3974 praesentia
701 3892 957 3957 nullum
1019 3890 1243 3956 habeo.
1354 3889 1686 3954 Tussanus
1737 3888 1873 3952 fere
1930 3908 2117 3970 spem

154 3995 416 4043 omnem
505 3976 593 4043 de
657 3999 728 4043 se
794 3977 858 4043 N
860 3975 1352 4044 eocomensibus
1427 3972 1688 4039 ademit.
1788 3972 1962 4038 Nam
2032 3972 2117 4038 ad

157 4058 490 4130 Fareuum
550 4064 814 4147 scripsit
829 4113 843 4139 ,
910 4084 1174 4129 servare
1237 4083 1308 4128 se
1363 4061 1503 4126 suis
1558 4058 1970 4126 Metensibus
2034 4059 2115 4124 de

155 4148 387 4228 quibus
442 4170 632 4215 nunc
674 4169 919 4234 magna
973 4169 1123 4230 spes
1165 4155 1285 4214 est.
1305 4149 1363 4231 6)
1449 4145 1580 4213 Ubi
1628 4144 1887 4210 Comitis
1929 4144 2116 4210 ulcus

155 4247 601 4320 expurgatum
643 4235 861 4313 fuerit,
897 4236 1117 4299 forsan
1161 4231 1407 4316 aliquid
1443 4232 1570 4298 hac
1603 4230 1684 4296 de
1719 4251 1792 4296 re
1828 4237 2117 4296 statuere

155 4316 433 4387 dabitur.
531 4322 638 4386 De
681 4315 1022 4387 Francisco
1040 4322 1095 4394 ⁷)
1152 4328 1222 4385 et
1276 4319 1481 4384 altero
1538 4319 1681 4383 eius
1740 4317 1948 4395 soci0,
2003 4318 2116 4399 qui

155 4402 374 4471 Berua
419 4405 789 4484 redierunt,
836 4405 1167 4482 audivisti,
1213 4404 1474 4487 opinor,
1529 4414 1607 4468 ut
1656 4400 1918 4485 excepti
1961 4411 2119 4468 sunt

156 4501 218 4553 et
258 4492 424 4574 quid
471 4512 615 4557 non
651 4493 1107 4575 impetrarunt.
1172 4490 1317 4556 Illis
1354 4511 1581 4555 meum
1616 4487 1965 4553 consilium
2001 4509 2116 4552 ex-

157 4579 356 4655 posui,
401 4577 587 4659 quod
633 4578 715 4644 ab
758 4577 952 4660 ipsis,
1010 4578 1139 4642 nisi
1197 4575 1503 4655 audieris,
1548 4574 1807 4640 audies:
1863 4575 1945 4639 de
1988 4595 2118 4655 quo

156 4661 513 4758 scriberem
562 4662 647 4727 ad
691 4670 756 4728 te
798 4663 1150 4745 copiosius,
1210 4664 1266 4727 si
1312 4683 1431 4744 per
1484 4662 1690 4726 otium
1737 4667 1805 4724 et
1847 4659 2118 4724 tabella-

156 4765 322 4812 num
365 4748 626 4815 liceret.
715 4749 819 4813 De
869 4748 1205 4831 Theofredi
1245 4747 1663 4812 matrimonio
1707 4745 1992 4811 scribam
2036 4743 2121 4811 ad

159 4841 219 4896 te
259 4833 471 4900 brevi.
569 4833 805 4900 Saluta
848 4835 1090 4900 amicos
1106 4886 1122 4912 ,
1181 4832 1569 4899 nominatim
1616 4852 1889 4898 uxorem
1934 4840 2120 4897 tuam

357 5091 418 5158 5)
461 5090 597 5145 vide
630 5094 866 5144 maxime
897 5090 1154 5170 epistolas
1188 5106 1257 5142 m.
1293 5090 1544 5158 Auyusto
1581 5091 1833 5158 emptae.

286 5228 296 5239 .
359 5157 418 5226 6)
456 5175 609 5230 quae
641 5175 735 5242 eos
765 5176 913 5213 cmm
945 5175 1013 5240 οἷς
1040 5158 1424 5241 partcfefellit.
1485 5157 1791 5238 sessanum
1823 5158 1925 5213 aab
1956 5157 2119 5225 finem

163 5241 306 5376 Μ’,
331 5228 443 5379 ³3.
464 5314 573 5367 ψ,
603 5226 1667 5361 zrata‘zzwa‘bma,
1699 5309 1856 5377 22...-
1889 5294 1968 5349 αα
1997 5293 2121 5349 2...-

169 5373 540 5434 mqwtermm
578 5367 920 5422 ‹ze-cercebant
951 5367 1286 5420 Genevemes
1322 5366 1482 5433 (1320.
1503 5365 1582 5418 du
1604 5363 1821 5419 Conse-tl
1854 5361 1905 5417 8.
1925 5362 2117 5432 Sept).

1878 441 2044 505 1545
2076 437 2473 507 AUGUSOE.

4053 451 4176 514 158

2220 634 2290 693 et
2349 627 2675 696 Tutorem
2735 648 2888 696 cum
2948 630 3079 697 tuis
3132 631 3415 717 collegis.
3503 633 3691 700 Vale.
3780 637 4177 705 Lausannae

2220 717 2279 778 2.
2328 712 2667 797 Septemb.
2717 720 2900 781 1545.

3264 804 3271 810 ⁸
3354 856 3542 922 'l'uus
3585 857 3660 944 ξ’.
3708 856 4001 925 Viretus.

3004 1147 3414 1160 m·—

3120 1381 3273 1456 693.

2750 1534 3157 1606 VIRETUS
3202 1538 3640 1606 GALVINO.

2390 1703 2739 1787 Respondet
2781 1708 2868 1773 αα
2910 1688 3234 1789 ερῑὲιοιαω
3275 1712 3352 1777 ae
3400 1712 3737 1795 Theofredi
3776 1716 4172 1784 mammam

2215 1790 2535 1872 scriptam.
2596 1790 2827 1858 Uxoris
2864 1795 3281 1861 valetudinem
3310 1798 3467 1880 plus
3509 1820 3701 1880 quam
3742 1801 4002 1867 dubiam
4043 1803 4171 1887 siq-

2215 1875 2450 1957 nificat.

2511 2048 2624 2113 (Ex
2659 2050 2998 2139 autographo
3032 2050 3164 2107 Ood.
3200 2053 3403 2108 Gener.
3441 2054 3583 2108 111⁸.
3610 2056 3704 2114 fol.
3743 2056 3883 2126 143.)

2388 2236 2657 2303 Eximio
2672 2238 2925 2306 Christi
2948 2262 3137 2306 servo
3152 2241 3387 2307 Ioanni
3402 2242 3681 2310 Calvino
3704 2246 4014 2312 ecclesiae
4038 2248 4173 2314 Ge-

2215 2326 2522 2390 nevensis
2564 2325 2818 2407 pastori
2848 2326 3352 2411 vigilantissimo
3378 2330 3567 2394 fratri
3593 2351 3790 2483 qugm
3837 2334 4171 2400 carissimo

3731 2439 3996 2484 enevae.

2387 2542 2458 2611 S.
2525 2544 2858 2627 Quoniam
2901 2550 3149 2633 rogasti
3193 2552 3541 2633 postremis
3583 2552 3720 2618 tuis
3763 2553 3975 2621 literis
4002 2560 4052 2635 ¹)
4094 2567 4173 2623 ut

2215 2631 2373 2716 quid
2403 2632 2500 2702 ‚de
2550 2632 2889 2715 Theofredo
2932 2637 3246 2701 sentirem
3290 2636 3373 2702 ad
3416 2646 3483 2702 te
3526 2637 3900 2717 scriberem,
3944 2643 4171 2725 paucis

2214 2739 2432 2783 meam
2499 2718 2897 2784 sententiam
2973 2722 3094 2786 tibi
3161 2744 3489 2805 exponere
3555 2725 3751 2789 volui.
3864 2725 4170 2810 Optarim

2216 2825 2374 2870 sane
2408 2803 2797 2886 prudentius
2833 2809 3056 2872 omnia
3088 2807 3292 2874 fuisse
3328 2818 3675 2889 transacta,
3721 2819 3788 2876 et
3820 2814 4171 2897 praecipue
4226 2885 4230 2889 ,

2214 2892 2386 2956 bona
2429 2911 2581 2957 cum
2625 2892 2822 2956 venia
2856 2892 3021 2972 heri,
3069 2896 3181 2977 qui
3218 2894 3505 2977 puellam
3541 2896 3711 2962 istuc
3746 2900 4173 2980 praemiserat

2214 2997 2369 3042 suae
2402 2975 2556 3042 fidei
2594 2976 3143 3045 commendatam:
3191 3002 3357 3063 quae
3391 3003 3497 3046 res
3531 2983 3593 3046 ei
3625 2982 3814 3048 velut
3845 2984 4171 3066 quoddam

2214 3072 2564 3147 paternum
2623 3064 2726 3129 ius
2783 3064 2854 3129 in
2915 3065 3206 3149 puellam
3263 3065 3545 3132 dederat.
3634 3066 3769 3134 Sed
3824 3078 4170 3155 postquam

2212 3150 2386 3215 facta
2428 3150 2671 3215 infecta
2713 3148 2898 3216 reddi
2942 3161 3303 3236 nequeunt,
3364 3155 3552 3219 nobis
3593 3153 4025 3222 laborandum
4070 3166 4174 3224 est

2214 3234 2523 3302 omnibus
2565 3243 2643 3300 ut
2685 3236 2947 3303 animus
2990 3237 3155 3314 heri,
3201 3240 3255 3305 si
3300 3259 3431 3321 qua
3463 3241 3720 3305 ratione
3755 3244 3899 3306 fieri
3942 3245 4168 3325 possit,

2215 3323 2475 3404 utrique
2518 3322 2997 3389 reconcilietur.
3082 3324 3367 3390 Fatetur
3406 3324 3613 3390 libere
3663 3321 4048 3409 Theofredus
4089 3329 4172 3396 ab

2216 3427 2287 3472 se
2329 3414 2672 3490 peccatum
2716 3408 2841 3474 hac
2882 3410 2955 3473 in
2999 3432 3090 3491 re,
3135 3408 3306 3495 quod
3350 3432 3472 3495 ego
3516 3412 3687 3477 serio
3738 3434 3892 3480 cum
3936 3435 4013 3480 eo
4056 3438 4174 3481 ex-

2217 3492 2576 3576 postulavi,
2661 3493 2823 3560 adeo
2901 3502 2980 3560 ιιι
3042 3497 3101 3561 ei
3167 3496 3498 3581 lacrymas
3563 3500 3969 3565 extorserim.
4080 3503 4176 3567 At

2219 3580 2520 3677 quamvis
2578 3600 2700 3663 ego
2749 3578 2939 3646 valde
2986 3581 3159 3665 apud
3202 3605 3351 3647 eum
3413 3593 3752 3666 peccatum
3815 3606 4172 3670 exaggera·

2223 3687 2380 3742 rim,
2441 3687 2547 3730 res
2607 3677 2831 3731 tamen
2875 3667 3041 3732 mihi
3099 3670 3241 3734 eius
3300 3669 3561 3753 generis
3606 3691 3750 3734 esse
3794 3670 4058 3737 videtur
4100 3679 4176 3738 ut

2219 3750 2406 3816 facile
2462 3752 2763 3834 componi
2836 3753 3059 3836 possit.
3146 3754 3318 3819 Nam
3378 3754 3549 3837 quod
3606 3753 3689 3819 D.
3753 3755 4176 3841 Veryeriensis

2220 3836 2347 3902 sibi
2390 3835 2686 3904 dedecori
2712 3858 2855 3903 esse
2898 3850 3108 3921 putat,
3156 3839 3454 3924 quodque
3478 3851 3925 3924 contemptum
3966 3843 4171 3909 inter-

2220 3930 2519 4005 pretatur
2561 3935 2677 3988 aut
2717 3924 3049 4003 iniuriam,
3102 3927 3158 3991 si
3207 3925 3544 4008 Theofredi
3588 3927 3881 3992 animum
3924 3950 4173 4012 expen-

2221 4008 2353 4085 das,
2400 4006 2469 4073 id
2512 4008 2584 4073 in
2626 4008 2890 4075 laudem
2933 4010 3108 4077 cedit
3141 4011 3423 4095 utrique,
3467 4011 3630 4077 hero
3664 4013 3912 4078 scilicet
3955 4027 4022 4078 et
4057 4015 4174 4081 he-

2218 4114 2350 4159 rae.
2462 4093 2635 4160 Nam
2714 4095 2845 4161 nisi
2918 4096 3299 4180 Theofredus
3362 4118 3748 4179 persuasum
3812 4098 4170 4178 habuisset,

2219 4180 2506 4263 puellam
2553 4181 2827 4246 honeste
2870 4182 3069 4247 fuisse
3112 4183 3455 4248 educatam
3490 4185 3563 4246 in
3596 4182 3873 4250 honesta
3905 4185 4172 4266 familia,

2217 4264 2303 4332 ad
2338 4287 2484 4332 eam
2518 4288 2858 4350 nunquam
2895 4268 3190 4332 animum
3225 4269 3603 4353 appulisset.
3659 4268 3852 4349 Quod
3897 4273 3953 4336 si
3983 4271 4172 4339 Theo-

2215 4352 2437 4433 fredus
2480 4352 2700 4435 aliqua
2741 4373 2825 4417 ex
2868 4361 3057 4436 parte
3103 4352 3408 4419 videatur
3448 4353 3597 4418 heri
3640 4357 4061 4422 autoritatem
4105 4366 4174 4422 et

2219 4438 2777 4503 existimationem
2851 4441 3319 4521 contempsisse
3377 4449 3492 4505 aut
3554 4439 3822 4506 laesisse
3879 4463 3996 4507 suo
4057 4443 4171 4507 illo

2218 4524 2412 4604 facte,
2460 4523 2631 4607 quod
2676 4524 2800 4591 hac
2837 4524 2910 4588 in
2949 4538 3135 4608 parte
3171 4526 3485 4608 peccavit,
3530 4525 3747 4608 aliqua
3780 4528 4033 4593 ratione
4067 4548 4173 4593 re-

2221 4610 2421 4676 sarcit
2463 4610 2579 4674 illa
2621 4610 2766 4695 ipsa
2808 4611 3113 4694 opinione
3173 4631 3367 4694 quam
3423 4611 3505 4675 de
3564 4611 3725 4676 hero
3769 4622 3966 4696 atque
4011 4613 4173 4679 hera

2221 4702 2624 4779 conceperat.
2703 4695 2877 4762 Nam
2918 4696 3045 4762 hoc
3088 4695 3239 4776 scio,
3290 4696 3708 4779 Theofredwm
3748 4699 3933 4762 nullo
3977 4720 4170 4764 usum

2223 4803 2363 4848 esse
2431 4781 2576 4847 dolo
2641 4782 2835 4848 ma10.
2946 4781 3139 4864 Quod
3196 4783 3255 4847 si
3315 4782 3502 4849 dolus
3565 4783 3784 4848 inesse
3845 4782 4168 4864 videatur,

2224 4867 2416 4932 crede
2474 4867 2673 4946 mihi,
2738 4868 2806 4933 id
2863 4870 3082 4952 potius
3136 4868 3613 4951 imprudentiae
3671 4866 4170 4935 adscribendum

2225 4960 2327 5019 est
2368 4974 2562 5036 quam
2608 4953 2782 5018 malo
2825 4955 3061 5019 animo.
3150 4955 3276 5019 Est
3317 4955 3495 5019 enim
3549 4953 3651 5019 vir
3703 4955 3977 5036 probus,
4031 4957 4169 5038 pio-

2220 5060 2370 5104 rum
2415 5038 2709 5105 omnium
2755 5040 2870 5123 qui
2911 5038 3113 5125 probe
3176 5040 3511 5105 hominem
3569 5048 3818 5104 norunt
3874 5041 4169 5107 testimo-

2220 5126 2328 5190 nio
2372 5126 3069 5192 commendatissimas.
3156 5125 3348 5191 Vixit
3399 5145 3661 5191 mecum
3707 5123 3881 5190 domi
3927 5127 4173 5211 aliquot

2240 5365 2382 5420 898.
2422 5367 2476 5432 1)
2513 5365 2589 5421 N.
2624 5363 2742 5418 686.
