4825 6175
633 432 766 499 467

631 618 946 685 ecclesiae
989 617 1320 701 episcopos
1378 617 1546 681 aeris
1599 616 1916 700 quaedam
1964 618 2292 683 eontentio
2337 615 2418 682 de
2461 617 2586 682 mi·

633 705 906 770 nisterio
941 702 1251 769 ecclesiae
1309 711 1508 785 atque
1551 703 1987 768 eucharistiae
2029 704 2306 787 negotio.
2399 702 2586 784 Quae

633 791 730 856 ita
771 788 1171 872 pedetentim
1205 809 1558 873 progressa
1592 797 1790 872 atque
1825 797 2033 868 aucta,
2079 797 2152 853 ut
2187 787 2403 871 palam
2441 799 2585 853 tan-

636 875 784 941 dem
844 874 1150 958 eruperit.
1267 875 1655 958 Pugnantes
1708 876 1882 939 enim
1946 874 2018 938 in
2082 875 2300 957 platea
2363 873 2587 958 oppidi

634 962 909 1045 Zofflng.
958 961 1087 1025 duo
1149 959 1462 1026 adversus
1507 981 1714 1025 unum
1762 960 2022 1025 Petrum
2063 958 2451 1042 quibusdam
2497 961 2586 1024 ri-

634 1068 800 1124 sum,
846 1045 1231 1128 quibusdam
1278 1066 1449 1122 vero,
1508 1067 1628 1128 pro
1677 1047 2039 1110 animorum
2088 1045 2467 1111 diversitate
2511 1053 2587 1110 ut

633 1132 800 1198 solet
841 1133 1002 1209 fieri,
1048 1130 1245 1196 bilem
1285 1137 1651 1197 moverunt.
1725 1130 1953 1196 Petrus
1987 1129 2340 1214 pugnando
2385 1131 2584 1215 longe

631 1218 983 1283 modestior
1025 1225 1129 1282 est
1171 1224 1487 1299 repertus.
1552 1217 1788 1281 Evasit
1822 1217 1995 1281 enim
2042 1217 2323 1294 illaesus,
2369 1238 2583 1299 neque

627 1304 697 1367 in
765 1303 980 1385 aliquo
1047 1301 1128 1367 ab
1190 1302 1412 1385 oppidi
1474 1302 1748 1387 Zoffing.
1815 1302 2333 1368 moderatoribus
2397 1303 2584 1367 velut

630 1409 782 1453 reus
826 1409 1084 1472 pugnae
1129 1388 1443 1452 multatus
1487 1399 1602 1453 est.
1692 1386 1799 1453 Ad
1854 1388 1977 1452 hoc
2036 1389 2104 1451 in
2150 1387 2582 1453 eucharistiae

629 1495 826 1539 causa
870 1476 964 1539 sic
1009 1473 1148 1557 egit
1190 1495 1265 1538 ac
1310 1472 1545 1552 docuit,
1602 1482 1679 1538 ut
1723 1496 1895 1540 nunc
1950 1473 2189 1539 dixerit
2236 1472 2579 1539 Christum

627 1561 696 1623 in
742 1579 944 1624 coena
1001 1569 1446 1641 praesentem,
1503 1581 1680 1625 nunc
1734 1580 1892 1625 vero
1946 1560 2236 1625 minime.
2325 1560 2407 1624 In
2452 1581 2579 1642 quo

627 1646 1205 1710 calumniatoribus
1242 1645 1379 1709 suis
1414 1656 1586 1709 recte
1626 1645 1886 1728 quidem
1923 1645 2206 1711 sensisse
2242 1653 2311 1710 at
2344 1666 2579 1728 parum

626 1731 934 1795 ecclesiae
979 1730 1366 1795 satisfecisse
1419 1729 1713 1808 videtur,
1773 1743 2118 1814 propterea
2176 1731 2346 1814 quod
2391 1752 2576 1796 men-

625 1827 759 1879 tem
805 1837 990 1881 suam
1035 1837 1166 1880 non
1224 1815 1469 1897 liquido
1512 1817 1916 1899 exposuerit:
1982 1828 2396 1899 praesentem
2439 1819 2579 1901 qui·-

627 1901 773 1966 dem
833 1903 1172 1966 maiestate
1224 1902 1475 1979 divina,
1537 1903 1872 1967 absentem
1929 1923 2087 1967 vero
2145 1923 2413 1985 corpore
2472 1925 2574 1968 as-

623 1997 899 2069 sumpte.
972 1988 1186 2067 Quam
1227 1998 1442 2051 tamen
1485 1987 1921 2052 differentiam
1965 1987 2038 2051 in
2082 1987 2229 2054 aliis
2270 1990 2405 2054 suis
2441 2010 2578 2054 ser-

625 2072 923 2137 monibus
967 2072 1329 2137 luculenter
1374 2072 1749 2155 adposuisse
1792 2071 2070 2138 ''abunde
2124 2073 2286 2138 satis
2328 2081 2577 2139 testan-

624 2170 736 2222 tur
781 2169 919 2222 tum
968 2159 1273 2224 ecclesiae
1319 2160 1602 2242 Arburg.
1663 2159 1917 2224 sincera
1973 2160 2040 2223 in
2104 2167 2430 2242 pastorem
2477 2158 2576 2222 di-

625 2243 816 2309 lectio
913 2265 1244 2326 quumque
1259 2247 1320 2320 ⁴)
1408 2255 1640 2308 mutua
1740 2244 2050 2309 ecclesiae
2136 2244 2576 2326 tranquillitas

623 2341 975 2411 sanctaque
1029 2329 1388 2397 concordia.
1490 2331 1739 2394 Contra
1792 2352 1947 2396 vero
1990 2330 2440 2414 Zoffingenses
2483 2332 2576 2396 sic

622 2424 960 2480 certarunt
1003 2425 1079 2479 ut
1126 2416 1205 2480 ab
1251 2414 1594 2498 oppidanis
1655 2416 1800 2481 iure
1855 2416 2113 2499 publico
2167 2418 2300 2481 sint
2388 2417 2576 2493 uniti,

621 2502 884 2582 suisque
930 2501 1342 2565 concionibus
1387 2500 1725 2567 ecelesiam
1776 2524 1905 2566 non
1952 2523 2185 2585 parum
2230 2515 2341 2566 tur
2427 2513 2575 2567 ntes

621 2583 932 2668 quosdam
979 2607 1018 2649 a
1061 2606 1284 2651 sacrae
1339 2608 1607 2652 mensae
1665 2587 2164 2670 participatione
2219 2588 2574 2670 suspende-

621 2671 755 2735 rint
798 2691 872 2737 ac
916 2672 1177 2753 penitus
1222 2670 1637 2737 dimoverint.
1724 2673 1899 2737 Nam
1942 2672 2023 2737 de
2057 2673 2426 2738 ministerio
2472 2693 2574 2738 ec-

621 2756 853 2821 clesiae
898 2756 1091 2838 plura
1143 2757 1276 2821 imo
1332 2758 1538 2820 nimia
1593 2758 1964 2823 effutientes
2020 2780 2164 2823 sero
2219 2758 2454 2843 frigide
2498 2781 2574 2824 ac

619 2841 806 2906 tarde
862 2843 954 2907 sic
1014 2842 1505 2918 concluserunt,
1565 2843 1854 2909 fructum
1911 2845 2036 2908 Dei
2092 2866 2224 2909 non
2284 2843 2574 2909 ministri

623 2949 779 3004 esse,
828 2949 1037 3009 neque
1078 2928 1448 2992 ministerii:
1507 2937 1581 2993 ut
1624 2950 1694 2995 se
1749 2928 1830 2993 de
1874 2927 2219 2995 ambiendo
2261 2928 2572 3008 dominio,

621 3035 754 3077 non
797 3023 935 3077 tam
980 3012 1152 3095 apud
1188 3034 1307 3078 nos
1345 3034 1541 3097 quam
1578 3034 1730 3080 suos
1765 3015 2193 3097 parochianos
2237 3026 2571 3098 suspectos

621 3100 910 3163 fecerint.
1020 3100 1376 3164 Praeterea
1439 3101 1505 3163 in
1573 3102 1835 3184 negotio
1911 3101 2345 3166 eucharistiae
2409 3101 2571 3167 adeo

619 3184 888 3250 obscure
955 3192 1147 3266 atque
1199 3184 1504 3269 ambigue
1570 3186 1834 3265 docent,
1902 3196 1977 3250 ut
2031 3186 2251 3268 plures
2310 3195 2572 3252 exstent

619 3271 729 3351 qui
773 3271 984 3353 magis
1038 3291 1179 3334 esse
1223 3270 1644 3337 Lutheranos
1683 3270 2059 3355 intelligant
2115 3293 2310 3354 quam
2366 3272 2571 3338 chris-

617 3354 849 3419 tianos).
946 3354 1262 3420 Voculam
1307 3355 1564 3421 warlich
1605 3357 1831 3439 multis
1889 3366 2262 3441 exponunt,
2322 3360 2571 3444 pariter

620 3450 688 3504 et
723 3439 1045 3522 qeystlieh,
1104 3441 1287 3506 cuius
1344 3443 1816 3524 expositionem
1860 3452 2037 3509 certe
2081 3445 2353 3509 minime
2395 3444 2567 3510 indi-

618 3532 882 3607 gerent,
945 3525 1073 3590 nisi
1137 3526 1414 3591 nebulas
1478 3527 1816 3594 offundere
1872 3529 2166 3612 clamque
2225 3531 2570 3596 Lutherum

618 3610 1031 3676 introducere
1074 3611 1459 3677 niterentur.

790 3694 922 3759 Sed
969 3697 1128 3778 quid
1161 3696 1408 3762 factum
1446 3720 1619 3765 nunc
1655 3698 1773 3764 tibi
1808 3698 2127 3784 expando.
2195 3700 2568 3767 Novissime

619 3802 812 3845 omne
856 3782 1190 3865 negotium
1251 3804 1370 3866 per
1422 3786 1873 3866 proconsulem
1930 3787 2427 3872 Arburgensem
2483 3786 2568 3852 ad

618 3866 1038 3949 magnificum
1096 3868 1538 3934 Bernensium
1598 3872 2055 3955 magistratum
2112 3870 2401 3938 delatum
2447 3882 2564 3951 est,

617 3963 693 4016 ut
734 3951 870 4017 illic
915 3952 1109 4018 rebus
1151 3976 1269 4037 pro
1315 3966 1589 4039 utraque
1630 3966 1819 4040 parte
1863 3956 2214 4042 diligenter
2258 3957 2565 4024 discussis

619 4046 686 4100 et
749 4038 1137 4104 examinatis
1192 4042 1535 4105 certamini
1601 4041 1947 4124 aliquando
2002 4063 2261 4108 summa
2323 4064 2563 4110 manus

617 4123 1080 4204 imponeretur.
1146 4126 1574 4209 Magistratus
1612 4148 1767 4192 vero
1801 4129 2182 4195 uuiversum
2225 4130 2560 4213 negotium

617 4205 701 4271 ad
737 4208 817 4271 D.
842 4206 1256 4288 Eberardum,
1302 4211 1656 4289 Nicolaum,
1707 4214 2025 4280 Teoetorem
2066 4221 2133 4279 et
2166 4235 2291 4293 me,
2336 4216 2562 4282 exclu-

617 4294 706 4359 sis
753 4292 1034 4358 Sultzero
1076 4302 1142 4359 et
1181 4294 1380 4360 Beato
1434 4297 1548 4361 illo
1605 4307 1825 4363 nostro
1841 4349 1858 4378 ,
1918 4299 2272 4366 transtulit.
2364 4300 2562 4383 Quod

615 4400 816 4462 quum
863 4378 1046 4446 nobis
1082 4381 1240 4446 satis
1274 4379 1553 4447 arduum
1586 4385 1800 4449 visum
1844 4393 1962 4465 est,
2005 4406 2326 4470 posseque
2368 4386 2562 4451 facile

611 4485 742 4528 non
791 4472 922 4529 tam
981 4466 1156 4530 finiri
1212 4486 1404 4550 quam
1461 4469 1653 4535 novis
1707 4470 1872 4535 forte
1926 4472 2453 4539 contentionibus
2496 4482 2565 4537 et

614 4549 841 4615 sutelis
893 4571 1123 4616 ansam
1178 4552 1517 4635 praebere,
1572 4557 2029 4622 constituimus
2083 4559 2257 4623 inter
2313 4581 2437 4624 nos
2494 4568 2564 4624 et

614 4635 808 4700 huius
850 4657 1085 4703 causae
1119 4637 1542 4723 laborumque
1587 4650 1649 4705 te
1669 4640 2141 4723 Bibliandrum
2187 4644 2561 4726 Rudolfum,

619 4718 1023 4799 Pellicanum,
1069 4724 1134 4787 in
1159 4724 1445 4788 Domino
1480 4727 1841 4794 confratres
1883 4739 2160 4809 nostros,
2204 4730 2561 4814 participes
2596 4775 2605 4784 -

613 4805 854 4882 facere,
901 4827 1039 4890 per
1095 4809 1603 4875 miscricordiam
1665 4813 1809 4892 Dei,
1878 4835 1953 4879 ac
2011 4816 2277 4880 Domini
2352 4816 2563 4881 nostri

610 4891 767 4956 Iesu
825 4890 1074 4958 Christi
1130 4897 1518 4979 sanguinem
1567 4897 2001 4982 ecclesiaeque
2045 4901 2327 4966 salutem
2372 4902 2561 4967 obse-

607 4988 886 5055 crantes,
932 4987 1008 5043 ut
1049 5001 1287 5047 nervos
1322 4981 1657 5050 nobiscum
1693 4984 2067 5052 extendatis
2091 5008 2230 5052 rem
2267 4988 2361 5052 ita
2383 5007 2561 5054 com·

815 5266 872 5333 4)
916 5268 1057 5323 Cave
1090 5270 1223 5324 bons·
1251 5273 1365 5324 viri
1404 5274 1600 5342 stylum
1645 5274 1731 5329 vel
1771 5276 1931 5331 nobie
1965 5278 2051 5331 vel
2083 5278 2424 5348 typoqrapho
2461 5280 2557 5333 tri-

595 5335 764 5391 haas.
839 5339 1059 5392 Caetera
1089 5340 1205 5403 fere
1237 5339 1326 5394 liis
1358 5354 1617 5397 mama.

2169 425 2699 496 EPISTOLAE
2745 430 3108 494 873—875

4503 436 4601 499 468

2691 637 2931 700 ponere
2972 621 3049 683 ut
3094 615 3337 682 veritas
3381 616 3465 681 ab
3493 616 3800 682 omnibus
3843 623 4114 682 strenue
4160 615 4483 685 vindicata
4515 641 4606 705 ap-

2689 712 2936 786 pareat,
2982 704 3204 785 sicque
3258 701 3529 781 vicisse,
3585 710 3660 766 ut
3716 702 3786 767 in
3844 711 4186 785 posterum
4240 703 4434 769 ardor
4483 706 4606 773 talia

2691 787 2975 854 audendi
3034 789 3108 853 in
3150 787 3296 853 aliis
3338 787 3823 872 exstinguatur,
3887 790 4010 853 etsi
4053 797 4277 854 nostra
4319 793 4607 859 sententia

2690 875 2799 939 vel
2842 874 3195 941 declaratio
3241 873 3568 939 universis
3589 871 3987 941 Christianis
4027 874 4115 939 sit
4146 876 4606 957 manifestanda,

2689 969 2911 1025 tamen
2954 960 3150 1026 huius
3196 966 3495 1044 oporteat
3536 980 3658 1024 nos
3692 981 3906 1043 neque
3948 960 4197 1044 pudere
4240 981 4450 1044 neque
4486 984 4607 1046 poe-

2688 1045 2917 1110 nitere.
3007 1047 3112 1111 De
3156 1066 3283 1129 quo
3328 1044 3600 1110 minime
3647 1044 4023 1111 dubitamus
4041 1097 4057 1125 ‚
4115 1047 4171 1110 si
4216 1047 4495 1131 quinque
4532 1059 4610 1114 ta-

2687 1130 2868 1197 lenta
2908 1143 3133 1196 vestra
3192 1153 3233 1196 a
3291 1131 3584 1196 Domino
3638 1140 3905 1215 accepta
3959 1134 4032 1196 in
4088 1132 4319 1198 foenus
4372 1133 4611 1200 Domini

2689 1224 2755 1281 et
2798 1216 3109 1283 ecclesiae
3151 1216 3281 1281 Dei
3325 1216 3603 1281 salutem
3663 1217 4007 1284 nobiscum
4060 1217 4355 1283 conferre
4412 1218 4613 1304 digna-

2687 1302 2943 1367 remini.
3014 1302 3100 1368 In
3142 1303 3400 1386 negotio
3444 1303 3572 1368 isto
3614 1302 4102 1387 properandum
4143 1311 4262 1384 est,
4310 1313 4380 1369 et
4423 1307 4614 1372 omnia

2688 1409 2945 1453 summo
3012 1388 3274 1454 silentio
3352 1407 3511 1470 pera
3557 1386 3742 1453 enda.
3852 1389 4249 1473 Ignoramus
4316 1391 4492 1455 enim
4548 1414 4615 1458 ne

2684 1482 2948 1557 gratum
2985 1474 3201 1551 fuerit,
3239 1474 3408 1557 quod
3444 1495 3528 1538 no
3573 1474 3629 1538 is
3666 1475 4108 1552 amandatum,
4142 1484 4423 1542 externo
4456 1481 4614 1542 auxi-

2682 1560 2769 1623 lio
2811 1561 3143 1642 perficere.
3231 1559 3482 1643 Estque
3540 1579 3580 1623 a
3623 1559 3806 1625 vobis
3862 1560 4126 1626 tabellio
4172 1562 4265 1627 sic
4310 1563 4618 1646 excipien-

2683 1644 2805 1709 dus
2850 1655 2919 1710 et
2960 1644 3373 1730 relegandus,
3421 1666 3501 1709 ne
3552 1643 3908 1728 quidquam
3952 1646 4185 1712 horum
4234 1669 4407 1731 quae
4449 1648 4617 1714 modo

2679 1732 2857 1796 inter
2908 1752 3027 1796 nos
3069 1743 3421 1798 versantur
3477 1730 3824 1815 intelligat.
3915 1730 4309 1816 Speramus,
4374 1734 4614 1813 fratres,

2679 1815 2805 1882 hoc
2848 1818 3110 1902 negotio
3156 1817 3437 1883 viriliter
3479 1829 3545 1881 ct
3587 1817 3786 1883 semel
3844 1839 3964 1901 pro
4016 1817 4334 1903 dignitate
4378 1841 4617 1903 compo·

2680 1904 2806 1968 sito
2849 1903 3132 1984 reliqua,
3191 1903 3428 1986 quibus
3474 1903 3782 1968 ecclesiae
3827 1902 3997 1988 apud
4041 1925 4162 1970 nos
4206 1906 4619 1988 impetuntur,

2680 1988 2987 2054 facillime
3029 1990 3100 2054 in
3141 1987 3440 2053 ordinem
3484 1988 3859 2073 redigenda.
3947 1989 4216 2056 Veritas
4261 1992 4437 2056 enim
4482 1993 4620 2057 sub-

2679 2073 2834 2139 inde
2876 2077 3086 2158 magis
3130 2096 3272 2140 sese
3314 2074 3594 2158 porrigit
3637 2095 3711 2141 ac
3746 2074 4054 2141 vindieat.
4134 2077 4318 2142 Laus
4363 2077 4455 2142 sit
4474 2078 4617 2142 Deo,

2680 2159 2915 2225 Valete
2956 2160 3026 2224 in
3072 2159 3362 2224 Domino
3407 2180 3681 2242 semper,
3728 2161 3873 2243 qui,
3933 2169 4006 2225 ut
4050 2182 4171 2227 nos
4225 2163 4295 2226 in
4340 2183 4622 2229 commu·

2678 2265 2833 2309 nem
2877 2267 3069 2311 usum
3114 2245 3451 2311 ministros
3507 2245 3726 2327 posuit
3780 2246 4088 2312 ecclesiae
4143 2268 4300 2314 suae
4345 2260 4619 2326 sanctae,

2676 2331 2771 2396 ita
2815 2340 2883 2396 et
2926 2353 3043 2414 pro
3085 2332 3294 2416 gloria
3338 2331 3611 2395 Domini
3656 2341 3725 2396 et
3772 2332 3979 2397 salute
4024 2333 4454 2399 ecclesiarum
4497 2335 4627 2400 eius

2677 2417 3017 2484 nobiscum
3062 2418 3175 2501 qui
3215 2417 3479 2482 Bernae
3517 2437 3893 2500 pugnamus
3942 2439 4125 2483 arma
4170 2431 4395 2485 vestra
4439 2420 4625 2503 adpo·

2679 2523 2835 2566 nere
2899 2502 3075 2568 haud
3144 2502 3529 2586 gravemini.
3640 2503 3890 2567 Iterum
3951 2504 4178 2569 valete.
4280 2505 4627 2572 Materiam

2677 2589 3114 2653 contentionis
3151 2586 3572 2653 distinximus
3608 2588 3676 2651 in
3714 2597 3893 2653 certa
3926 2591 4161 2672 capita,
4208 2612 4334 2674 quo
4370 2592 4628 2657 brevius

2678 2694 2753 2737 ac
2793 2673 3184 2740 luculentius
3229 2681 3545 2757 appareat
3587 2672 3748 2756 quid
3790 2681 3859 2738 et
3900 2676 4221 2758 quomodo
4265 2676 4347 2742 ad
4394 2698 4629 2742 unum-

2678 2758 2977 2843 quodque
3042 2759 3453 2825 commodum
3522 2758 3903 2842 responderi
3969 2763 4175 2846 possit
4239 2773 4306 2828 et
4382 2761 4622 2829 debeat.

2676 2844 2993 2927 Reliquas
3033 2846 3258 2911 literas
3314 2845 3446 2909 tuis
3503 2865 3796 2910 annexas
3843 2857 4031 2912 tuum
4075 2849 4202 2912 erit
4260 2848 4629 2931 expendere

2678 2940 2743 2993 et
2781 2931 3134 3014 unicuique
3179 2929 3352 3014 quod
3394 2951 3591 2995 suum
3637 2940 3739 2996 est
3772 2931 4063 3000 reddere.
4086 2936 4143 3011 5)
4231 2934 4502 3002 Bernae
4544 2936 4626 3019 xj.

2674 3014 2969 3081 Ianuarii
3021 3021 3199 3081 1547.

3662 3154 3939 3220 Iodocus
3981 3156 4482 3226 Kilchmeierus

3715 3248 3868 3306 tuus
3912 3244 3993 3309 ad
4038 3265 4187 3310 aras
4232 3267 4461 3329 usque.

3442 3535 3855 3550 m

3568 3788 3721 3859 874.

3129 3942 3485 4009 CALVIN
3530 3946 3593 4008 A
3636 3943 4077 4010 NAEGELI.
4107 3950 4157 4025 ¹)

2844 4113 3047 4180 Lewrc
3110 4114 3188 4179 de
3251 4116 3813 4182 recommandation
3877 4136 3949 4183 en
4012 4116 4243 4198 savem
4308 4119 4387 4186 de
4459 4120 4628 4185 dem

2669 4198 3005 4281 Ermaia.
3100 4199 3355 4266 Plaintc
3398 4222 3487 4266 au
3526 4203 3686 4283 sajet
3716 4201 3827 4267 des
3865 4203 4108 4268 menae-3
4149 4205 4224 4271 de
4266 4225 4370 4272 ses
4411 4207 4629 4273 adver-

2666 4286 2874 4350 saio-es
2915 4287 3079 4353 dans
3119 4286 3210 4352 les
3239 4307 3412 4370 pays
3453 4288 3528 4352 dc
3590 4287 3771 4354 Vaud
3814 4294 3870 4354 et
3910 4289 3988 4355 de
4036 4290 4191 4356 (ἔσω.

2669 4456 2903 4521 (Miunte
2939 4458 3272 4528 autographo
3320 4476 3447 4512 sans
3494 4458 3715 4513 adt-esse
3761 4460 3830 4513 de
3864 4460 3918 4513 la
3953 4460 4093 4515 Bibl.
4129 4461 4200 4516 de
4236 4462 4456 4517 Geu‘eve
4496 4461 4626 4515 Vol.

2667 4523 2786 4592 106,
2819 4526 2910 4580 fol.
2952 4524 3067 4580 182.
3139 4527 3215 4582 Co
3256 4528 3307 4581 ie
3342 4528 3410 4581 de
3448 4527 3709 4582 Turretin
3747 4528 3870 4581 Vol.
3907 4528 4025 4596 111,
4071 4530 4162 4584 fol.
4203 4529 4330 4597 162,
4379 4548 4484 4585 aux
4518 4531 4623 4584 Ar-

2666 4593 2847 4647 chives
2882 4596 2950 4648 de
2986 4597 3180 4661 Berne,
3343 4636 3359 4652 .
3382 4596 3511 4650 VH.
3546 4594 3666 4663 806,
3702 4596 3770 4651 de
3806 4596 4004 4651 Simler
4039 4599 4158 4653 Vol.
4175 4597 4264 4653 63.
4300 4628 4370 4639 —
4404 4601 4625 4654 Lettres

2778 4663 2843 4716 fr.
2880 4664 3122 4733 publices
3156 4682 3257 4734 par
3292 4614 3509 4720 genunt
3541 4666 3584 4719 Ι.
3624 4663 3742 4720 185.
3814 4665 3973 4720 Trad.
4009 4668 4250 4737 anglaise
4285 4668 4356 4723 II.
4393 4666 4504 4731 80.)

2664 5004 2734 5061 N
2777 4938 2928 5060 8755)
2970 4938 3397 5011 Responderunt
3457 4937 3778 4995 Moenum
3826 4942 4024 5009 paucus·
4075 4941 4266 4998 diebus
4325 4946 4625 4998 mter-m
4478 4941 4493 4952 ⁶
4586 4941 4599 4952 ‘

2698 5074 2841 5129 8¹74.
2877 5046 2931 5144 i)
2972 5075 3109 5130 Im
3148 5073 3440 5145 Franpois,
3476 5077 3525 5131 le
3555 5077 3683 5144 plus
3714 5077 3927 5132 musore
3960 5078 4189 5134 membre
4221 5079 4289 5134 de
4321 5080 4377 5134 la
4404 5076 4625 5157 femine

2660 5146 3001 5211 patr-acicam
3047 5143 3142 5198 des
3187 5145 3407 5212 Nauali.
3502 5144 3559 5199 11
3590 5146 3961 5201 minanda&
3994 5144 4212 5202 vau-nde
4245 5150 4481 5204 bmoioe
4513 5162 4621 5216 ςικ

2662 5214 2885 5281 conquit
2944 5215 2993 5267 k
3244 5215 3312 5267 de
3368 5215 3529 5269 Vaud
3583 5230 3683 5270 aur
3728 5216 3776 5269 le
3821 5215 3929 5271 aaa
3991 5216 4059 5268 de
4116 5216 4335 5285 Savoie,
4386 5213 4618 5271 αέεοίέ

2661 5296 2864 5405 augme-r
2898 5280 2965 5336 de
2998 5283 3052 5335 la
3084 5283 3399 5353 republique
3433 5286 3471 5339 ὰ
3504 5279 3747 5355 Pe'poque
3792 5285 3864 5340 οὐ
3903 5283 4098 5341 Calvio·
4142 5287 4228 5342 lut·
4269 5288 4442 5342 eor-'va
4476 5290 4621 5339 edre
