4825 6175
601 447 734 512 45¹

613 634 880 712 merito)
945 630 1231 697 consilia.
1259 631 1311 713 ¹)
1413 627 1549 694 Sed
1606 628 1764 711 quid
1822 627 2076 695 faciant
2138 626 2570 710 simpliciores

613 719 853 784 fratres
895 715 1133 801 quibus
1175 715 1517 800 negotium
1552 736 1687 779 non
1722 713 1885 780 adeo
1919 735 2139 780 meum
2176 712 2320 778 est?
2365 733 2568 795 quum

616 826 755 887 ege,
801 824 994 886 quem
1040 802 1168 868 6616
1211 822 1470 883 semper
1512 821 1632 885 pro
1677 801 1890 886 gloria
1930 799 2201 865 Domini
2244 799 2573 881 cupivisse

631 890 839 955 Vireto
882 910 1132 954 morem
1187 907 1414 971 gerere
1472 896 1537 950 et
1579 887 2012 952 Lausannam
2051 904 2287 950 ornare
2303 936 2319 962 ,
2381 884 2574 949 toties

617 985 841 1041 tamen
907 973 1262 1056 impeditus
1327 973 1566 1037 fuerim
1633 972 1975 1054 deceptus,
2044 992 2120 1036 ac
2183 969 2576 1036 crediderim

635 1061 913 1126 Viretum
957 1081 1089 1124 non
1135 1079 1329 1142 aegre
1374 1058 1660 1122 laturum
1705 1060 1761 1123 si
1815 1057 2140 1124 Valerium
2181 1064 2575 1140 peteremus,

616 1157 683 1212 et
727 1148 796 1212 111
840 1146 963 1210 1106
998 1146 1217 1228 ipsum
1257 1145 1726 1209 laboraturum.
1791 1143 1898 1208 Ita
1931 1164 2038 1208 res
2072 1143 2574 1226 proponebatur,

617 1232 787 1316 quod
832 1239 1007 1296 statu
1051 1230 1251 1295 huius
1293 1230 1600 1295 ecclcsiae
1659 1229 1919 1313 cognito
1977 1228 2248 1293 tandem
2305 1247 2382 1292 60
2426 1248 2574 1310 per-

617 1319 919 1383 venisset.
1011 1318 1156 1401 Ego
1202 1317 1410 1380 multa
1452 1317 1668 1380 ferens
1713 1313 2073 1380 maioribus
2115 1313 2439 1391 involvor,
2486 1314 2575 1376 si-

615 1424 781 1468 nens
838 1402 1154 1484 quosdam
1225 1401 1443 1466 efferri
1509 1422 1713 1483 supra
1765 1400 2050 1465 modum.
2169 1397 2396 1479 Quum
2454 1419 2575 1482 ego

614 1491 822 1556 feram
857 1490 1161 1553 feruntur
1183 1488 1314 1551 alii.
1374 1486 1477 1551 De
1502 1486 1779 1552 Eros-mo
1797 1485 1853 1570 2)
1895 1484 2050 1567 quid
2077 1483 2286 1550 dicam
2329 1485 2572 1549 nescio:

616 1576 723 1640 hic
768 1583 866 1640 est
921 1594 1123 1656 supra
1186 1572 1450 1637 modum
1510 1572 1935 1637 necessarius.
2041 1569 2176 1636 Sed
2232 1578 2308 1635 ut
2354 1577 2576 1635 actum

618 1669 717 1725 661
759 1681 910 1725 cum
961 1658 1270 1734 corderio,
1316 1668 1384 1722 et
1428 1658 1714 1723 deterius
1756 1679 1904 1723 cum
1949 1657 2073 1721 hoc
2117 1666 2367 1739 agetur.
2439 1653 2575 1719 Sed

618 1746 925 1810 existimo
991 1764 1243 1808 moram
1309 1766 1438 1807 non
1506 1754 1640 1808 tam
1708 1743 2093 1807 diuturnam
2157 1743 2313 1806 fore.
2425 1740 2576 1814 Hic,

618 1852 820 1914 quum
863 1827 1103 1894 iudicio
1147 1831 1234 1894 sit
1274 1831 1524 1906 acriori,
1571 1837 1640 1893 et
1697 1838 1994 1893 nostrum
2041 1827 2277 1910 aliqui,
2338 1848 2456 1910 per
2500 1847 2578 1890 ea

617 1938 783 1998 quae
827 1917 953 1999 ipsi
991 1917 1413 1999 contigerunt
1438 1914 1733 1980 Corde-rio
1777 1912 2006 1992 edocti,
2050 1912 2356 1978 vitabunt
2390 1910 2577 1977 tech-

617 2023 736 2066 nas
785 2002 1237 2076 veteratoriaS,
1297 2022 1576 2083 quarum
1636 1999 1745 2065 hic
1799 2009 1898 2064 est
1956 1999 2236 2083 insignis
2292 1998 2572 2063 officina.

615 2087 927 2153 Christus
972 2088 1296 2152 artificum
1357 2089 1610 2150 animos
1668 2093 2026 2151 convertat.
2116 2084 2248 2149 Hic
2293 2083 2414 2148 tibi
2461 2082 2573 2147 ab·-

614 2172 789 2238 unde
834 2173 1078 2238 referre
1123 2173 1360 2255 poterit
1402 2182 1480 2236 ut
1512 2171 1621 2238 hic
1657 2183 1916 2256 agatur:
1959 2191 2114 2234 nam
2157 2191 2238 2234 ex
2283 2170 2363 2234 iis
2407 2188 2574 2252 quae

613 2280 834 2325 secum
879 2269 1025 2324 acta
1078 2260 1380 2336 fuerunt,
1439 2259 1586 2340 quis
1639 2279 1770 2321 non
1829 2256 2050 2320 videat
2105 2256 2572 2338 nequissimam

613 2346 681 2409 in
726 2354 940 2409 totum
987 2366 1264 2428 regnare
1308 2345 1743 2425 iniquitatem.
1835 2342 2044 2425 Spero
2090 2340 2431 2406 Christum
2481 2342 2570 2405 le-

612 2431 843 2514 giones
888 2430 1201 2494 eiusmodi
1258 2429 1650 2493 daemonum
1708 2429 1891 2493 brevi
1945 2429 2327 2492 eiecturum.
2419 2427 2570 2490 Non

613 2519 788 2580 enim
835 2524 994 2598 puto
1037 2537 1246 2579 unum
1307 2527 1372 2578 et
1431 2515 1708 2579 alterum
1764 2535 1906 2578 esse
1952 2514 2254 2597 spiritum
2298 2511 2570 2590 malum,

613 2601 726 2666 sed
772 2602 1187 2676 1666166106,
1245 2602 1356 2682 qui
1404 2609 1626 2664 tamen
1683 2621 1785 2678 se,
1846 2599 1900 2663 si
1946 2599 2150 2663 verba
2206 2598 2453 2676 audias,
2497 2598 2571 2661 in

613 2688 779 2752 lucis
821 2686 1092 2770 angelos
1137 2707 1206 2750 se
1252 2687 1742 2769 transfigurant.
1836 2684 2163 2763 christae,
2210 2686 2324 2766 qui
2366 2683 2570 2748 eccle-

614 2774 748 2837 siae
794 2771 1409 2854 Monbelgardcnsis
1450 2772 1760 2835 misertus
1805 2778 1935 2845 est,
1995 2769 2167 2834 116116
2208 2769 2571 2834 intuebitur

614 2866 679 2922 et
737 2858 1020 2939 benigne
1075 2858 1345 2922 sanabit.
1449 2857 1827 2921 Restitutus
1887 2856 2013 2919 fuit
2077 2856 2435 2932 TussanuS,
2496 2861 2572 2918 ut

615 2943 840 3020 audio,
909 2952 976 3006 61
1040 2942 1308 3006 obtenta
1362 2942 1487 3005 fuit
1541 2942 1932 3006 reformatio.
2040 2939 2395 3022 Stephanus
2460 2940 2573 3022 qui

614 3030 740 3094 hoc
786 3028 1129 3106 sentiebat,
1188 3026 1469 3093 addebat
1512 3027 1863 3093 Caesarem
1920 3027 2186 3112 petiisse
2245 3025 2573 3091 auxilium

700 3116 921 3179 11166111
977 3127 1201 3179 cont-ra
1266 3121 1733 3197 protestantes,
1797 3113 1912 3179 sed
1957 3115 2210 3197 Regem
2263 3113 2569 3178 noluisse.

614 3135 829 3266 &edo
875 3208 938 3263 te
982 3201 1260 3265 certiora
1318 3200 1466 3265 istic
1511 3200 1770 3264 habere.
1861 3199 2133 3283 Collega
2188 3199 2354 3263 mihi
2409 3219 2572 3262 11611-

616 3286 773 3350 dum
818 3285 1168 3350 adiunctus
1214 3286 1369 3349 fuit:
1438 3305 1558 3349 nos
1612 3294 1893 3368 quatuor
1944 3284 2438 3367 proposuimus,
2497 3292 2575 3347 ut

615 3371 883 3435 omnino
938 3372 1234 3434 omnium
1290 3370 1743 3436 obturaremus
1797 3391 1927 3435 ora.
2032 3368 2393 3453 Speramus
2452 3389 2574 3433 nos

617 3455 955 3521 audituros
1016 3458 1080 3519 in
1135 3477 1328 3537 quem
1388 3456 1723 3521 inclinent.
1828 3458 1922 3521 At
1975 3456 2166 3539 plura
2219 3477 2395 3520 nunc
2439 3476 2573 3519 non

615 3542 786 3606 licet.
876 3540 1046 3604 Vale
1111 3561 1260 3605 cum
1330 3550 1444 3605 tua
1510 3543 1820 3625 coniuge,
1886 3541 2093 3606 fratre
2158 3548 2227 3604 et
2293 3540 2571 3606 Nicolao.

624 3625 900 3709 coppam
945 3629 1093 3691 iube
1138 3627 1392 3691 salvere
1428 3635 1493 3691 61
1523 3627 1886 3692 Gallasium
1929 3635 1995 3692 61
2037 3627 2379 3709 utriusque
2415 3646 2575 3690 uxo-

616 3733 739 3776 res.
810 3712 1080 3777 Abelum
1123 3721 1190 3776 et
1233 3733 1460 3777 omnes
1503 3711 1796 3799 [fratres]
1821 3715 1878 3787 8)
1924 3720 1991 3777 61
2032 3713 2175 3795 pios
2219 3720 2570 3777 senatores.

614 3797 926 3864 Neocomi
975 3802 1071 3862 27.
1118 3798 1501 3864 Decembris
1555 3804 1733 3863 1546.

1653 3934 1964 4001 Farellus
2006 3943 2160 4001 tuus
2203 3932 2399 4001 totus.

703 4102 968 4167 Adiuva
1003 4125 1120 4169 nos
1167 4106 1296 4168 tuis
1341 4116 1407 4168 et
1449 4105 1760 4170 ecclesiae
1804 4127 1953 4187 pre·

615 4187 815 4253 cibus.
907 4188 1078 4253 Vide
1143 4192 1248 4255 cui
1313 4190 1542 4256 literas
1607 4200 1756 4256 tuas
1821 4191 1955 4268 des,

616 4294 770 4337 nam
816 4275 1190 4357 resignatae
1235 4276 1422 4340 nobis
1467 4274 1777 4341 redditae.

648 4565 789 4618 868.
832 4564 886 4631 1)
926 4565 1113 4634 Loqui
1143 4565 1358 4619 videtur
1402 4568 1566 4621 simul
1610 4567 1677 4620 de
1720 4580 1826 4619 suo
1869 4567 2048 4633 ipsius
2093 4569 2375 4620 vocatione
2421 4566 2573 4621 Lau-

616 4637 895 4701 sonnensi,
932 4640 982 4687 et
1015 4634 1083 4687 de
1119 4634 1322 4688 Valerii
1338 4632 1713 4689 Neocomensi.
1769 4633 1860 4688 De
1880 4640 2116 4704 utraque
2139 4636 2361 4703 saepius
2383 4650 2573 4703 supra.

820 4700 877 4769 2)
920 4702 1182 4756 Gornerio
1213 4703 1592 4772 ludimagistro
1637 4719 1792 4774 quem
1829 4706 2047 4758 ineunte
2079 4704 2178 4758 hoc
2213 4719 2362 4758 anno
2402 4703 2573 4758 Gene-

609 4784 802 4824 vemes
836 4780 1086 4825 vocatum
1121 4787 1290 4839 usque
1324 4773 1401 4826 ad
1438 4770 1575 4825 1550
1609 4788 1786 4827 secum
1821 4772 2143 4828 habuerunt.

823 4839 884 4906 3)
927 4839 1134 4893 Charta
1170 4842 1364 4906 delicit.

2172 436 2701 506 EPISTOLAE
2746 438 3086 502 sss—869

4497 438 4585 500 452

3580 674 3739 746 666.

3105 830 3457 897 GALVIN
3504 831 3569 896 A
3612 830 3803 898 UNE
3847 830 4136 896 DAME.
4173 830 4216 912 ¹)

2857 1002 3142 1070 Gon-soils
3183 1003 3440 1084 relatifs
3481 1023 3571 1066 au
3620 1002 3801 1085 poerti
3856 1002 3901 1067 ὰ
3935 1002 4212 1085 prendre
4254 1021 4333 1067 en
4376 1020 4483 1065 vue
4514 1001 4595 1067 des

2679 1091 2951 1174 danyers
2992 1090 3104 1171 qui
3146 1093 3460 1154 menacent
3494 1090 3583 1154 les
3612 1109 3962 1169 per-somnes
3992 1089 4250 1169 picuses
4293 1106 4372 1151 611
4395 1085 4597 1154 Franco

2682 1180 2737 1239 et
2777 1176 3110 1241 invitation
3154 1174 3197 1238 ᾰ
3238 1195 3304 1240 se
3341 1175 3567 1239 rendre
3611 1175 3653 1239 ὰ
3695 1174 3957 1239 Geneve.

2684 1346 3071 1415 (Autographe
3116 1345 3185 1398 de
3234 1346 3288 1397 la
3334 1341 3708 1411 bibliotheque
3755 1344 3824 1397 de
3861 1342 4080 1398 Geneve
4116 1343 4241 1398 Vol.
4279 1341 4409 1407 107,
4456 1343 4532 1396 fol.
4559 1342 4599 1398 6.

2680 1415 2757 1468 Oo
2799 1415 2849 1468 ie
2884 1415 3152 1485 franceise
3173 1412 3300 1466 Vol.
3328 1411 3440 1481 111,
3478 1413 3569 1465 fol.
3596 1411 3697 1465 135
3732 1419 3789 1465 et
3807 1413 3972 1466 Arch.
4010 1413 4077 1466 de
4114 1414 4312 1480 Berne,
4348 1412 4397 1464 E
4438 1411 4598 1481 p.V11.

2681 1433 2800 1538 808.
2840 1513 2903 1522 —
2941 1484 3063 1537 Une
3110 1482 3418 1534 traduction
3466 1482 3633 1534 latine
3679 1498 3738 1534 se
3783 1488 3979 1535 trouve
4027 1480 4059 1534 a
4094 1479 4311 1535 Geneve
4416 1482 4475 1533 ol.
4507 1479 4597 1544 109,

2681 1554 2771 1606 fol.
2809 1551 2873 1605 21
2914 1559 2971 1605 et
3006 1551 3038 1604 a
3073 1552 3252 1604 Berne
3290 1552 3322 1602 l.
3360 1567 3405 1603 6.
3443 1550 3567 1602 VII.
3607 1548 3723 1602 779.
3776 1580 3843 1589 —
3880 1551 4078 1604 Simler
4113 1568 4145 1602 a
4177 1566 4240 1602 66
4281 1549 4332 1602 ie
4368 1550 4448 1602 les
4477 1548 4593 1602 deux

2683 1629 2889 1686 textes,
2937 1620 3201 1689 l'original
3251 1619 3380 1671 Vol.
3429 1619 3529 1687 61,
3577 1620 3630 1671 la
3660 1620 3985 1674 ·traduction
4030 1620 4155 1672 Vol.
4201 1618 4236 1671 6
4274 1658 4286 1671 .
4372 1619 4449 1671 Le
4479 1624 4601 1671 texto

2681 1691 2797 1743 fran
2872 1691 2914 1741 's
2950 1707 3008 1741 sc
3049 1695 3242 1741 trouve
3279 1689 3416 1740 dans
3443 1689 3522 1740 les
3558 1687 3778 1741 Lettres
3814 1688 3878 1741 fr.
3916 1689 3983 1741 de
4020 1688 4234 1741 Bonnet
4267 1686 4307 1740 1.
4350 1685 4465 1749 180,
4493 1687 4601 1740 dans

2682 1760 2736 1812 la
2772 1758 2813 1811 C
2854 1760 3081 1826 ronique
3115 1757 3183 1810 de
3219 1757 3434 1810 Crottet
3467 1756 3535 1808 N.
3578 1754 3640 1808 17
3690 1763 3746 1809 et
3791 1757 3921 1810 chez
3957 1755 4171 1810 Ruchat
4215 1755 4284 1808 V.
4324 1753 4444 1808 5229.
4506 1756 4603 1809 Une

2922 1827 3233 1879 traduction
3271 1826 3508 1894 anglaise
3548 1825 3680 1878 dans
3716 1825 3833 1879 l'ed.
3871 1825 4118 1879 d'Edinb.
4158 1826 4231 1879 11.
4268 1823 4378 1890 76.)

2852 2014 3365 2093 Madamoiselle,
3441 2013 3739 2079 combien
3796 2034 3921 2095 que
3975 2013 4124 2097 iaye
4188 2012 4485 2079 occasion
4541 2010 4621 2092 de⁶

2678 2102 2865 2165 louer
2899 2100 3074 2165 Dieu
3121 2099 3206 2164 du
3244 2101 3375 2165 bon
3411 2099 3547 2164 zele
3583 2110 3650 2164 61
3691 2097 3771 2163 (16
3808 2100 3875 2164 16
3912 2107 4262 2164 constance
4297 2098 4435 2182 quil
4466 2118 4608 2162 vous

2678 2187 2913 2263 donne,
2959 2188 3141 2250 selon
3186 2208 3311 2269 que
3346 2188 3455 2270 iay
3494 2185 3780 2250 entendu
3827 2205 3946 2267 par
3988 2184 4049 2249 le
4092 2193 4382 2267 porteur,
4426 2192 4607 2248 toute-

2676 2274 2799 2337 fois
2854 2281 3136 2356 pensant
3192 2294 3317 2354 que
3369 2293 3528 2335 mon
3593 2271 4011 2335 exhortation
4070 2292 4152 2335 ne
4207 2291 4375 2335 vous
4430 2268 4609 2335 seroit

2676 2360 2862 2443 point
2905 2359 3250 2441 superflue,
3299 2367 3486 2421 entre
3532 2367 3675 2421 tant
3709 2355 3789 2421 de
3835 2355 4126 2421 diverses
4170 2356 4526 2420 tentatione
4556 2365 4610 2419 et

2676 2445 2988 2522 combatz,
3035 2445 3097 2508 ie
3140 2465 3275 2527 nay
3317 2464 3436 2526 pas
3479 2442 3682 2507 voulu
3718 2442 3920 2506 faillir
3963 2463 4001 2506 a
4036 2464 4198 2506 vous
4232 2443 4474 2507 6661116
4509 2461 4610 2524 par

2675 2532 2795 2614 luy
2839 2530 3116 2612 quelque
3174 2540 3342 2608 mot,
3402 2537 3469 2593 et
3523 2550 3636 2593 sur
3691 2537 3839 2592 tout
3894 2548 4059 2610 pour
4117 2548 4282 2593 vous
4336 2527 4535 2613 ayder
4579 2546 4611 2591 a

2676 2638 2841 2681 vous
2886 2613 3218 2680 resouldre
3265 2614 3345 2679 de
3389 2614 3453 2677 la
3494 2614 3922 2679 deliberation
3977 2614 4089 2696 qui
4143 2634 4313 2679 vous
4373 2621 4474 2678 est
4516 2633 4611 2676 en-

2676 2723 2787 2767 cor
2841 2702 3306 2765 aulcunement
3365 2698 3744 2764 doubteusc.
3847 2699 4010 2764 Cest
4059 2698 4138 2763 de
4183 2719 4352 2764 vous
4396 2700 4613 2763 retirer

2677 2810 2796 2870 par
2831 2787 3005 2864 deca,
3045 2808 3215 2870 pour
3250 2787 3459 2852 servir
3504 2806 3541 2849 a
3564 2785 3738 2851 Dieu
3774 2806 3859 2849 cn
3894 2806 4084 2868 repos
4121 2784 4201 2849 de
4236 2786 4612 2850 conscience.

2678 2872 2775 2938 Sil
2816 2895 2981 2937 vous
3018 2874 3214 2938 estoit
3248 2872 3534 2956 possible
3580 2872 3660 2936 de
3695 2893 3858 2937 vous
3896 2892 3976 2935 en
4016 2871 4315 2952 aequiter
4350 2891 4439 2935 ou
4473 2888 4618 2935 vous

2676 2967 2864 3036 estes,
2911 2960 2971 3023 ie
3016 2979 3305 3042 nauroye
3350 2957 3551 3041 garde
3588 2958 3668 3022 de
3710 2978 3874 3022 vous
3918 2957 4172 3020 donner
4215 2957 4465 3022 60116611
4507 2954 4618 3020 den

2676 3044 2942 3128 bouger.
3012 3043 3176 3110 Mais
3220 3044 3282 3109 16
3316 3065 3473 3128 scay
3517 3064 3599 3108 611
3645 3042 3859 3127 quelle
3902 3043 4212 3127 captivite
4254 3063 4425 3109 vous
4468 3049 4623 3108 estes

2679 3131 2975 3195 detenue.
3046 3130 3277 3211 Quant
3298 3130 3474 3193 Dieu
3521 3130 3699 3195 aussi
3736 3150 3900 3194 vous
3933 3128 4147 3194 auroit
4187 3133 4409 3195 donne
4444 3139 4620 3193 vertu

2678 3226 2743 3281 et
2800 3225 3145 3282 constance
3211 3216 3291 3281 de
3352 3236 3519 3280 vous
3584 3236 3895 3299 preparer
3948 3236 3987 3278 a
4048 3215 4114 3280 la
4169 3224 4376 3293 mort,
4444 3223 4510 3280 61
4548 3234 4623 3278 116

2677 3304 2941 3367 fleschir
3004 3323 3169 3385 pour
3234 3302 3411 3366 nulle
3466 3303 3713 3365 crainte
3782 3301 3896 3365 des
3961 3301 4268 3384 dangiers
4329 3322 4418 3366 ou
4478 3319 4621 3364 vous

2679 3397 2868 3466 estes,
2914 3389 2962 3452 il
3006 3411 3098 3471 ny
3138 3388 3351 3453 auroit
3394 3388 3538 3451 rien
3583 3387 3885 3452 meilleur
3926 3408 4051 3469 que
4095 3386 4292 3452 duser
4337 3385 4423 3452 de
4465 3392 4624 3453 ceste

2679 3496 2890 3558 grace.
2959 3473 3134 3538 Mais
3179 3474 3234 3537 si
3279 3494 3443 3539 vous
3486 3483 3704 3537 sentez
3749 3493 3874 3555 que
3909 3473 4245 3537 linfirmite
4290 3471 4375 3537 de
4416 3479 4624 3537 vostre

2679 3560 2861 3624 611611·
2917 3565 3258 3624 661-11101116
3311 3567 3380 3623 61
3432 3579 3599 3624 vous
3655 3558 3999 3641 empesche
4055 3558 4137 3623 de
4192 3558 4360 3623 faire
4417 3564 4623 3623 vostre

2680 3645 2925 3723 devoir,
2973 3645 3118 3728 puis
3162 3644 3296 3726 quil
3342 3666 3424 3708 ne
3469 3664 3539 3708 se
3584 3644 3764 3727 peult
3817 3643 3980 3708 faire
4036 3664 4161 3726 que
4216 3650 4449 3708 vostre
4490 3663 4624 3708 con-

2678 3731 2931 3796 science
2976 3752 3060 3795 ne
3104 3732 3230 3794 soit
3274 3752 3356 3794 611
3412 3729 3669 3794 trouble
3722 3739 3787 3794 et
3845 3737 4136 3795 torment
4187 3728 4542 3806 continuel,
4581 3725 4625 3790 il

2676 3838 2762 3881 ne
2830 3825 3000 3882 reste
3065 3817 3254 3881 sinon
3331 3816 3411 3880 de
3472 3816 3789 3880 chercher
3866 3815 4130 3881 remede
4207 3813 4622 3881 convenable.

2677 3902 2810 3967 Car
2890 3930 2962 3967 ce
3040 3910 3187 3967 11661
3267 3921 3384 3985 pas
3463 3923 3592 3965 une
3683 3902 3882 3984 petite
3968 3901 4373 3984 perplexite,
4460 3900 4625 3968 voire

2678 4010 2925 4052 mosme
2969 3990 3334 4072 anguoisse,
3381 3988 3460 4051 de
3506 4009 3670 4051 nous
3714 3989 3919 4052 sentir
3962 3988 4339 4070 coulpables
4384 4008 4474 4052 en
4509 4005 4627 4050 une

2676 4075 2873 4139 chose
2927 4075 2981 4139 61
3049 4074 3316 4158 grande.
3420 4074 3650 4149 Voire,
3709 4081 3777 4138 et
3830 4095 3957 4156 que
4015 4075 4077 4138 le
4134 4073 4270 4138 mal
4327 4072 4627 4138 continue

2676 4161 3016 4224 tellement
3060 4182 3183 4242 que
3230 4182 3392 4225 nous
3437 4180 3522 4223 ne
3558 4159 3804 4224 facions
3848 4160 4033 4241 point
4080 4159 4162 4224 de
4205 4162 4298 4224 fin
4345 4179 4391 4223 a
4433 4157 4627 4223 offen-

2672 4266 2779 4310 ser
2798 4245 2990 4310 Dieu.
3057 4246 3376 4311 0616111611
3417 4266 3541 4328 que
3581 4245 3908 4327 plusieurs
3952 4267 4023 4311 se
4066 4247 4329 4311 flattent
4374 4265 4461 4310 en
4504 4248 4629 4307 cest

2711 4535 2851 4590 869.
2892 4534 2946 4602 1)
2987 4535 3301 4605 L'oriqinal
3346 4553 3411 4589 ne
3454 4542 3608 4602 porte
3649 4552 3757 4603 pas
3803 4536 3870 4590 de
3916 4537 4100 4591 susc-ri
4133 4538 4264 4590 tion.
4348 4534 4471 4589 Une
4515 4538 4629 4587 note

2676 4606 2978 4671 maryt'nale
3012 4605 3125 4659 dit.-
3178 4605 3259 4657 Dc
3295 4603 3379 4656 46.
3452 4605 3513 4656 Ie
3550 4621 3715 4673 pense
3761 4620 3866 4674 que
3913 4610 4059 4659 cette
4126 4611 4270 4658 ettre
4304 4604 4423 4657 soit
4457 4603 4490 4655 ὁ
4523 4600 4627 4654 Ma·

2676 4674 2831 4727 dame
2868 4674 3035 4728 Bude.
3106 4673 3199 4727 La
3232 4674 3382 4727 lettre
3414 4689 3482 4725 ne
3516 4676 3753 4730 coutimur
3783 4676 3905 4727 rien
3937 4676 4036 4742 qui
4065 4674 4254 4741 puisse
4286 4672 4627 4727 ddum

2677 4743 2959 4807 confirmer
2993 4758 3065 4795 ou
3098 4743 3343 4804 infirmer
3378 4747 3507 4795 cette
3549 4744 3866 4809 conjecture.
3937 4744 4031 4797 La
4075 4744 4227 4797 lettre
4267 4749 4354 4795 est
4387 4734 4630 4795 aaran&

2676 4813 2713 4866 ὰ
2746 4826 2854 4864 une
2885 4812 3047 4864 dome
3080 4808 3224 4878 (1966,
3251 4817 3615 4878 protestante,
3651 4812 3716 4864 de
3761 4810 4056 4877 condition,
4091 4818 4142 4865 et
4175 4813 4274 4882 qui
4312 4826 4355 4864 a
4390 4825 4500 4864 une

2677 4886 2729 4933 et
2764 4880 2858 4933 des
2889 4880 2978 4943 fils
3007 4880 3322 4947 professam
3367 4878 3443 4932 les
3490 4879 3683 4933 memes
3731 4881 4063 4935 convictione
4098 4880 4435 4948 rezaeyieuseo.

2676 4964 2733 5002 ee
2767 4950 3105 5032 conciliet-ait
3136 4964 3263 5001 avec
3300 4964 3356 4999 ee
3426 4946 3551 5002 u’on
3591 4950 3709 5030 :soit
3759 4950 3825 5002 de
3869 4949 3928 5002 la
3969 4948 4181 5016 famiae
4214 4946 4398 5029 Budez.
4461 4944 4527 5027 ,11
4557 4946 4631 4997 661

2677 5032 2802 5141 :a
2824 5015 3387 5150 M...
3403 5015 3807 5153 ..zamae
3822 5017 4491 5155 11116116.
4522 5025 4629 5135 a

2680 5156 2820 5208 mere
2842 5154 3089 5219 Roberte,
3110 5154 3230 5223 fille
3264 5154 3331 5206 de
3351 5153 3407 5208 R
3477 5171 3535 5208 er
3554 5155 3637 5208 Le
3746 5171 3846 5208 eur
3879 5157 4133 5226 senonem
4165 5148 4629 5209 &Bo-:vom

2679 5228 2729 5276 et
2765 5223 2831 5275 de
2854 5222 3226 5289 Malesmoin3‚
3262 5220 3397 5276 e'tait
3467 5225 3624 5292 epuis
3659 5224 3687 5277 1
3829 5239 3997 5278 veuve
4030 5224 4106 5278 du
4127 5223 4328 5279 celebre
4365 5220 4629 5278 aeneam

2685 5291 2850 5345 (inae.
2887 5290 3064 5358 Bude',
3111 5298 3163 5346 et
3195 5298 3413 5346 mourut
3458 5295 3496 5347 ὰ
3536 5292 3746 5349 0611666
3792 5293 3840 5348 le
3887 5292 3971 5347 15.
4010 5293 4172 5348 Aera
4216 5289 4380 5345 1550.
4466 5291 4627 5358 Vm

2681 5358 2758 5413 du
2790 5366 2931 5414 reste
2963 5361 3039 5413 les
3074 5366 3224 5415 notes
3259 5361 3334 5415 du
3370 5361 3447 5417 N.
3486 5360 3603 5415 793.
