<?xml version="1.0" encoding="UTF-8"?>
<!DOCTYPE html PUBLIC "-//W3C//DTD XHTML 1.0 Transitional//EN"
    "http://www.w3.org/TR/xhtml1/DTD/xhtml1-transitional.dtd">
<html xmlns="http://www.w3.org/1999/xhtml" xml:lang="en" lang="en">
 <head>
  <title>
</title>
<meta http-equiv="Content-Type" content="text/html;charset=utf-8" />
  <meta name='ocr-system' content='tesseract 3.04.00' />
  <meta name='ocr-capabilities' content='ocr_page ocr_carea ocr_par ocr_line ocrx_word'/>
</head>
<body>
  <div class='ocr_page' id='page_1' title='image "./ioanniscalvinio10unkngoog_0226.png"; bbox 0 0 4825 6175; ppageno 0'>
   <div class='ocr_carea' id='block_1_1' title="bbox 662 430 786 498">
    <p class='ocr_par' dir='ltr' id='par_1_1' title="bbox 662 430 786 498">
     <span class='ocr_line' id='line_1_1' title="bbox 662 430 786 498; baseline -0.016 -1"><span class='ocrx_word' id='word_1_1' title='bbox 662 430 786 498; x_wconf 83' lang='grc'>371</span> 
     </span>
    </p>
   </div>
   <div class='ocr_carea' id='block_1_2' title="bbox 649 610 2617 2839">
    <p class='ocr_par' dir='ltr' id='par_1_2' title="bbox 649 610 2617 2839">
     <span class='ocr_line' id='line_1_2' title="bbox 658 610 2615 702; baseline -0.002 -19"><span class='ocrx_word' id='word_1_2' title='bbox 658 618 907 688; x_wconf 75' lang='lat' dir='ltr'>frustra</span> <span class='ocrx_word' id='word_1_3' title='bbox 970 636 1356 702; x_wconf 86' lang='lat' dir='ltr'>responsum</span> <span class='ocrx_word' id='word_1_4' title='bbox 1411 613 1835 700; x_wconf 75' lang='lat' dir='ltr'><strong>exspectabis.</strong></span> <span class='ocrx_word' id='word_1_5' title='bbox 1926 610 2121 696; x_wconf 80' lang='lat' dir='ltr'>Quod</span> <span class='ocrx_word' id='word_1_6' title='bbox 2188 612 2244 680; x_wconf 89' lang='lat' dir='ltr'>si</span> <span class='ocrx_word' id='word_1_7' title='bbox 2309 631 2430 697; x_wconf 87' lang='lat' dir='ltr'>per</span> <span class='ocrx_word' id='word_1_8' title='bbox 2492 612 2615 680; x_wconf 83' lang='lat' dir='ltr'>hos</span> 
     </span>
     <span class='ocr_line' id='line_1_3' title="bbox 664 697 2611 786; baseline -0.003 -18"><span class='ocrx_word' id='word_1_9' title='bbox 664 702 1025 770; x_wconf 79' lang='lat' dir='ltr'>nebulones</span> <span class='ocrx_word' id='word_1_10' title='bbox 1069 700 1426 786; x_wconf 74' lang='lat' dir='ltr'>scripseris,</span> <span class='ocrx_word' id='word_1_11' title='bbox 1483 710 1706 766; x_wconf 91' lang='lat' dir='ltr'>metuo</span> <span class='ocrx_word' id='word_1_12' title='bbox 1750 721 1836 766; x_wconf 92' lang='lat' dir='ltr'>ne</span> <span class='ocrx_word' id='word_1_13' title='bbox 1877 697 2050 766; x_wconf 91' lang='lat' dir='ltr'>idem</span> <span class='ocrx_word' id='word_1_14' title='bbox 2093 699 2212 765; x_wconf 87' lang='lat' dir='ltr'>tibi</span> <span class='ocrx_word' id='word_1_15' title='bbox 2255 698 2611 786; x_wconf 86' lang='lat' dir='ltr'>contingat.</span> 
     </span>
     <span class='ocr_line' id='line_1_4' title="bbox 665 784 2615 870; baseline -0.004 -15"><span class='ocrx_word' id='word_1_16' title='bbox 665 785 886 855; x_wconf 81' lang='lat' dir='ltr'>Velim</span> <span class='ocrx_word' id='word_1_17' title='bbox 921 801 1144 854; x_wconf 90' lang='lat' dir='ltr'>tamen</span> <span class='ocrx_word' id='word_1_18' title='bbox 1181 797 1246 856; x_wconf 88' lang='lat' dir='ltr'>te</span> <span class='ocrx_word' id='word_1_19' title='bbox 1281 784 1522 870; x_wconf 86' lang='lat' dir='ltr'>aliquid</span> <span class='ocrx_word' id='word_1_20' title='bbox 1559 787 1883 870; x_wconf 88' lang='lat' dir='ltr'>accepisse</span> <span class='ocrx_word' id='word_1_21' title='bbox 1918 785 2229 869; x_wconf 81' lang='lat' dir='ltr'>responsi,</span> <span class='ocrx_word' id='word_1_22' title='bbox 2266 793 2615 868; x_wconf 86' lang='lat' dir='ltr'>postquam</span> 
     </span>
     <span class='ocr_line' id='line_1_5' title="bbox 665 869 2617 956; baseline -0.003 -16"><span class='ocrx_word' id='word_1_23' title='bbox 665 896 770 941; x_wconf 90' lang='lat' dir='ltr'>res</span> <span class='ocrx_word' id='word_1_24' title='bbox 813 883 1074 942; x_wconf 86' lang='lat' dir='ltr'>nostrae</span> <span class='ocrx_word' id='word_1_25' title='bbox 1119 872 1306 940; x_wconf 90' lang='lat' dir='ltr'>nobis</span> <span class='ocrx_word' id='word_1_26' title='bbox 1358 872 1691 956; x_wconf 87' lang='lat' dir='ltr'>integrum</span> <span class='ocrx_word' id='word_1_27' title='bbox 1747 879 2038 938; x_wconf 85' lang='lat' dir='ltr'>manent.</span> <span class='ocrx_word' id='word_1_28' title='bbox 2142 869 2438 937; x_wconf 70' lang='lat' dir='ltr'>Tametsi</span> <span class='ocrx_word' id='word_1_29' title='bbox 2481 891 2617 935; x_wconf 89' lang='lat' dir='ltr'>non</span> 
     </span>
     <span class='ocr_line' id='line_1_6' title="bbox 665 954 2614 1042; baseline -0.003 -16"><span class='ocrx_word' id='word_1_30' title='bbox 665 957 926 1028; x_wconf 75' lang='lat' dir='ltr'>decrevi</span> <span class='ocrx_word' id='word_1_31' title='bbox 968 981 1053 1025; x_wconf 93' lang='lat' dir='ltr'>ne</span> <span class='ocrx_word' id='word_1_32' title='bbox 1102 961 1301 1025; x_wconf 85' lang='lat' dir='ltr'>otium</span> <span class='ocrx_word' id='word_1_33' title='bbox 1348 958 1808 1042; x_wconf 87' lang='lat' dir='ltr'>praecipitare,</span> <span class='ocrx_word' id='word_1_34' title='bbox 1863 954 2056 1022; x_wconf 85' lang='lat' dir='ltr'>video</span> <span class='ocrx_word' id='word_1_35' title='bbox 2100 965 2324 1023; x_wconf 89' lang='lat' dir='ltr'>tamen</span> <span class='ocrx_word' id='word_1_36' title='bbox 2364 956 2614 1021; x_wconf 84' lang='lat' dir='ltr'>instare</span> 
     </span>
     <span class='ocr_line' id='line_1_7' title="bbox 664 1041 2610 1131; baseline -0.003 -20"><span class='ocrx_word' id='word_1_37' title='bbox 664 1046 985 1131; x_wconf 83' lang='lat' dir='ltr'>hyemem.</span> <span class='ocrx_word' id='word_1_38' title='bbox 1134 1045 1469 1128; x_wconf 87' lang='lat' dir='ltr'>riusquam</span> <span class='ocrx_word' id='word_1_39' title='bbox 1526 1064 1681 1128; x_wconf 87' lang='lat' dir='ltr'>ergo</span> <span class='ocrx_word' id='word_1_40' title='bbox 1738 1041 2090 1127; x_wconf 83' lang='lat' dir='ltr'>quidquam</span> <span class='ocrx_word' id='word_1_41' title='bbox 2146 1055 2325 1109; x_wconf 87' lang='lat' dir='ltr'>certo</span> <span class='ocrx_word' id='word_1_42' title='bbox 2369 1041 2610 1109; x_wconf 89' lang='lat' dir='ltr'>consti·</span> 
     </span>
     <span class='ocr_line' id='line_1_8' title="bbox 661 1125 2614 1218; baseline -0.003 -22"><span class='ocrx_word' id='word_1_43' title='bbox 661 1138 875 1197; x_wconf 89' lang='lat' dir='ltr'>tutum</span> <span class='ocrx_word' id='word_1_44' title='bbox 920 1132 1008 1198; x_wconf 91' lang='lat' dir='ltr'>sit</span> <span class='ocrx_word' id='word_1_45' title='bbox 1051 1125 1355 1218; x_wconf 78' lang='lat' dir='ltr'>p[aene?]</span> <span class='ocrx_word' id='word_1_46' title='bbox 1392 1129 1603 1195; x_wconf 87' lang='lat' dir='ltr'>aderit</span> <span class='ocrx_word' id='word_1_47' title='bbox 1637 1128 1890 1215; x_wconf 80' lang='lat' dir='ltr'>hyems,</span> <span class='ocrx_word' id='word_1_48' title='bbox 1935 1125 2321 1215; x_wconf 77' lang='lat' dir='ltr'>s[per]oque</span> <span class='ocrx_word' id='word_1_49' title='bbox 2365 1127 2506 1193; x_wconf 87' lang='lat' dir='ltr'>fore</span> <span class='ocrx_word' id='word_1_50' title='bbox 2539 1133 2614 1194; x_wconf 89' lang='lat' dir='ltr'>ut</span> 
     </span>
     <span class='ocr_line' id='line_1_9' title="bbox 663 1212 2610 1302; baseline -0.003 -20"><span class='ocrx_word' id='word_1_51' title='bbox 663 1217 897 1302; x_wconf 89' lang='lat' dir='ltr'>aliquis</span> <span class='ocrx_word' id='word_1_52' title='bbox 942 1218 1028 1284; x_wconf 90' lang='lat' dir='ltr'>sit</span> <span class='ocrx_word' id='word_1_53' title='bbox 1069 1215 1267 1282; x_wconf 91' lang='lat' dir='ltr'>huius</span> <span class='ocrx_word' id='word_1_54' title='bbox 1326 1223 1546 1282; x_wconf 91' lang='lat' dir='ltr'>motus</span> <span class='ocrx_word' id='word_1_55' title='bbox 1650 1214 1962 1280; x_wconf 88' lang='lat' dir='ltr'>ermanici</span> <span class='ocrx_word' id='word_1_56' title='bbox 2007 1222 2301 1282; x_wconf 85' lang='lat' dir='ltr'>eventus.</span> <span class='ocrx_word' id='word_1_57' title='bbox 2391 1212 2610 1278; x_wconf 88' lang='lat' dir='ltr'>Nihil-</span> 
     </span>
     <span class='ocr_line' id='line_1_10' title="bbox 662 1297 2611 1385; baseline -0.002 -18"><span class='ocrx_word' id='word_1_58' title='bbox 662 1300 815 1368; x_wconf 91' lang='lat' dir='ltr'>dum</span> <span class='ocrx_word' id='word_1_59' title='bbox 871 1302 978 1369; x_wconf 86' lang='lat' dir='ltr'>hic</span> <span class='ocrx_word' id='word_1_60' title='bbox 1035 1297 1240 1368; x_wconf 91' lang='lat' dir='ltr'>habeo</span> <span class='ocrx_word' id='word_1_61' title='bbox 1297 1322 1423 1385; x_wconf 91' lang='lat' dir='ltr'>quo</span> <span class='ocrx_word' id='word_1_62' title='bbox 1480 1300 1587 1366; x_wconf 85' lang='lat' dir='ltr'>val</span> <span class='ocrx_word' id='word_1_63' title='bbox 1634 1320 1670 1365; x_wconf 90' lang='lat' dir='ltr'>e</span> <span class='ocrx_word' id='word_1_64' title='bbox 1733 1300 2006 1366; x_wconf 88' lang='lat' dir='ltr'>inclinet</span> <span class='ocrx_word' id='word_1_65' title='bbox 2077 1301 2337 1366; x_wconf 88' lang='lat' dir='ltr'>animus</span> <span class='ocrx_word' id='word_1_66' title='bbox 2404 1319 2611 1364; x_wconf 88' lang='lat' dir='ltr'>meus.</span> 
     </span>
     <span class='ocr_line' id='line_1_11' title="bbox 660 1386 2609 1472; baseline -0.002 -19"><span class='ocrx_word' id='word_1_67' title='bbox 660 1386 807 1470; x_wconf 78' lang='lat' dir='ltr'>Quo</span> <span class='ocrx_word' id='word_1_68' title='bbox 850 1389 1062 1472; x_wconf 84' lang='lat' dir='ltr'>magis</span> <span class='ocrx_word' id='word_1_69' title='bbox 1105 1387 1337 1471; x_wconf 84' lang='lat' dir='ltr'>cogite,</span> <span class='ocrx_word' id='word_1_70' title='bbox 1384 1408 1460 1451; x_wconf 92' lang='lat' dir='ltr'>eo</span> <span class='ocrx_word' id='word_1_71' title='bbox 1500 1386 1714 1470; x_wconf 89' lang='lat' dir='ltr'>magis</span> <span class='ocrx_word' id='word_1_72' title='bbox 1756 1406 1994 1470; x_wconf 87' lang='lat' dir='ltr'>angor:</span> <span class='ocrx_word' id='word_1_73' title='bbox 2056 1406 2182 1470; x_wconf 91' lang='lat' dir='ltr'>quo</span> <span class='ocrx_word' id='word_1_74' title='bbox 2239 1387 2318 1450; x_wconf 87' lang='lat' dir='ltr'>fit</span> <span class='ocrx_word' id='word_1_75' title='bbox 2359 1392 2435 1449; x_wconf 86' lang='lat' dir='ltr'>ut</span> <span class='ocrx_word' id='word_1_76' title='bbox 2477 1393 2609 1450; x_wconf 83' lang='lat' dir='ltr'>sta-</span> 
     </span>
     <span class='ocr_line' id='line_1_12' title="bbox 659 1469 2609 1555; baseline -0.002 -17"><span class='ocrx_word' id='word_1_77' title='bbox 659 1476 901 1539; x_wconf 87' lang='lat' dir='ltr'>tuerim</span> <span class='ocrx_word' id='word_1_78' title='bbox 945 1495 1052 1540; x_wconf 93' lang='lat' dir='ltr'>me</span> <span class='ocrx_word' id='word_1_79' title='bbox 1095 1481 1300 1538; x_wconf 89' lang='lat' dir='ltr'>totum</span> <span class='ocrx_word' id='word_1_80' title='bbox 1346 1470 1491 1537; x_wconf 89' lang='lat' dir='ltr'>aliis</span> <span class='ocrx_word' id='word_1_81' title='bbox 1534 1470 2035 1555; x_wconf 80' lang='lat' dir='ltr'>cogitationibus</span> <span class='ocrx_word' id='word_1_82' title='bbox 2077 1469 2478 1555; x_wconf 84' lang='lat' dir='ltr'>impendere,</span> <span class='ocrx_word' id='word_1_83' title='bbox 2525 1491 2609 1535; x_wconf 95' lang='lat' dir='ltr'>ne</span> 
     </span>
     <span class='ocr_line' id='line_1_13' title="bbox 660 1557 2607 1640; baseline -0.001 -17"><span class='ocrx_word' id='word_1_84' title='bbox 660 1559 904 1624; x_wconf 74' lang='lat' dir='ltr'>frustra</span> <span class='ocrx_word' id='word_1_85' title='bbox 963 1577 1074 1624; x_wconf 88' lang='lat' dir='ltr'>me</span> <span class='ocrx_word' id='word_1_86' title='bbox 1136 1559 1747 1626; x_wconf 71' lang='lat' dir='ltr'>commemoratione</span> <span class='ocrx_word' id='word_1_87' title='bbox 1802 1558 2050 1640; x_wconf 88' lang='lat' dir='ltr'>accepti</span> <span class='ocrx_word' id='word_1_88' title='bbox 2113 1557 2402 1623; x_wconf 85' lang='lat' dir='ltr'>vulneris</span> <span class='ocrx_word' id='word_1_89' title='bbox 2462 1577 2607 1621; x_wconf 89' lang='lat' dir='ltr'>cru-</span> 
     </span>
     <span class='ocr_line' id='line_1_14' title="bbox 660 1641 2608 1728; baseline -0.002 -19"><span class='ocrx_word' id='word_1_90' title='bbox 660 1644 842 1709; x_wconf 87' lang='lat' dir='ltr'>ciem.</span> <span class='ocrx_word' id='word_1_91' title='bbox 941 1645 1177 1711; x_wconf 69' lang='lat' dir='ltr'>&#39;Potum</span> <span class='ocrx_word' id='word_1_92' title='bbox 1233 1644 1568 1728; x_wconf 87' lang='lat' dir='ltr'>negotium</span> <span class='ocrx_word' id='word_1_93' title='bbox 1622 1641 1912 1708; x_wconf 93' lang='lat' dir='ltr'>Domino</span> <span class='ocrx_word' id='word_1_94' title='bbox 1970 1642 2369 1709; x_wconf 91' lang='lat' dir='ltr'>commendo.</span> <span class='ocrx_word' id='word_1_95' title='bbox 2476 1641 2608 1722; x_wconf 78' lang='lat' dir='ltr'>Qui</span> 
     </span>
     <span class='ocr_line' id='line_1_15' title="bbox 657 1727 2609 1813; baseline -0.002 -18"><span class='ocrx_word' id='word_1_96' title='bbox 657 1730 766 1795; x_wconf 91' lang='lat' dir='ltr'>hic</span> <span class='ocrx_word' id='word_1_97' title='bbox 807 1742 1006 1807; x_wconf 88' lang='lat' dir='ltr'>curet,</span> <span class='ocrx_word' id='word_1_98' title='bbox 1064 1749 1418 1813; x_wconf 89' lang='lat' dir='ltr'>perpaucos</span> <span class='ocrx_word' id='word_1_99' title='bbox 1461 1727 1702 1808; x_wconf 86' lang='lat' dir='ltr'>habeo,</span> <span class='ocrx_word' id='word_1_100' title='bbox 1762 1736 1878 1794; x_wconf 88' lang='lat' dir='ltr'>aut</span> <span class='ocrx_word' id='word_1_101' title='bbox 1918 1729 1977 1793; x_wconf 93' lang='lat' dir='ltr'>si</span> <span class='ocrx_word' id='word_1_102' title='bbox 2021 1730 2133 1813; x_wconf 90' lang='lat' dir='ltr'>qui</span> <span class='ocrx_word' id='word_1_103' title='bbox 2177 1737 2334 1794; x_wconf 89' lang='lat' dir='ltr'>sunt</span> <span class='ocrx_word' id='word_1_104' title='bbox 2376 1746 2609 1810; x_wconf 90' lang='lat' dir='ltr'>parum</span> 
     </span>
     <span class='ocr_line' id='line_1_16' title="bbox 657 1811 2609 1897; baseline -0.002 -16"><span class='ocrx_word' id='word_1_105' title='bbox 657 1814 886 1881; x_wconf 81' lang='lat' dir='ltr'>valent</span> <span class='ocrx_word' id='word_1_106' title='bbox 942 1816 1012 1881; x_wconf 91' lang='lat' dir='ltr'>in</span> <span class='ocrx_word' id='word_1_107' title='bbox 1057 1815 1181 1880; x_wconf 92' lang='lat' dir='ltr'>hac</span> <span class='ocrx_word' id='word_1_108' title='bbox 1223 1837 1311 1880; x_wconf 87' lang='lat' dir='ltr'>ro.</span> <span class='ocrx_word' id='word_1_109' title='bbox 1401 1814 1731 1879; x_wconf 87' lang='lat' dir='ltr'>Libellum</span> <span class='ocrx_word' id='word_1_110' title='bbox 1793 1814 1873 1880; x_wconf 91' lang='lat' dir='ltr'>de</span> <span class='ocrx_word' id='word_1_111' title='bbox 1931 1836 2057 1897; x_wconf 91' lang='lat' dir='ltr'>quo</span> <span class='ocrx_word' id='word_1_112' title='bbox 2118 1811 2200 1878; x_wconf 88' lang='lat' dir='ltr'>ad</span> <span class='ocrx_word' id='word_1_113' title='bbox 2254 1822 2323 1879; x_wconf 87' lang='lat' dir='ltr'>te</span> <span class='ocrx_word' id='word_1_114' title='bbox 2377 1813 2609 1895; x_wconf 79' lang='lat' dir='ltr'>scripsi</span> 
     </span>
     <span class='ocr_line' id='line_1_17' title="bbox 656 1898 2609 1984; baseline -0.002 -18"><span class='ocrx_word' id='word_1_115' title='bbox 656 1901 914 1966; x_wconf 88' lang='lat' dir='ltr'>mittam</span> <span class='ocrx_word' id='word_1_116' title='bbox 959 1900 1351 1984; x_wconf 88' lang='lat' dir='ltr'>propediem.</span> <span class='ocrx_word' id='word_1_117' title='bbox 1442 1898 1577 1965; x_wconf 82' lang='lat' dir='ltr'>Sed</span> <span class='ocrx_word' id='word_1_118' title='bbox 1621 1899 1772 1965; x_wconf 93' lang='lat' dir='ltr'>nolo</span> <span class='ocrx_word' id='word_1_119' title='bbox 1818 1907 1890 1965; x_wconf 91' lang='lat' dir='ltr'>ut</span> <span class='ocrx_word' id='word_1_120' title='bbox 1938 1909 2011 1965; x_wconf 90' lang='lat' dir='ltr'>tu</span> <span class='ocrx_word' id='word_1_121' title='bbox 2056 1899 2423 1966; x_wconf 82' lang='lat' dir='ltr'>molestiam</span> <span class='ocrx_word' id='word_1_122' title='bbox 2469 1900 2609 1963; x_wconf 91' lang='lat' dir='ltr'>eius</span> 
     </span>
     <span class='ocr_line' id='line_1_18' title="bbox 653 1982 2609 2070; baseline -0.001 -19"><span class='ocrx_word' id='word_1_123' title='bbox 653 1982 915 2070; x_wconf 88' lang='lat' dir='ltr'>legendi</span> <span class='ocrx_word' id='word_1_124' title='bbox 959 1985 1248 2052; x_wconf 83' lang='lat' dir='ltr'>devores.</span> <span class='ocrx_word' id='word_1_125' title='bbox 1325 1983 1505 2051; x_wconf 79' lang='lat' dir='ltr'>Satis</span> <span class='ocrx_word' id='word_1_126' title='bbox 1550 1985 1677 2050; x_wconf 92' lang='lat' dir='ltr'>erit</span> <span class='ocrx_word' id='word_1_127' title='bbox 1719 1986 1775 2050; x_wconf 90' lang='lat' dir='ltr'>si</span> <span class='ocrx_word' id='word_1_128' title='bbox 1819 1986 1965 2069; x_wconf 91' lang='lat' dir='ltr'>quis</span> <span class='ocrx_word' id='word_1_129' title='bbox 2010 1984 2314 2052; x_wconf 89' lang='lat' dir='ltr'>indicarit</span> <span class='ocrx_word' id='word_1_130' title='bbox 2357 1984 2413 2048; x_wconf 90' lang='lat' dir='ltr'>si</span> <span class='ocrx_word' id='word_1_131' title='bbox 2450 1982 2609 2067; x_wconf 91' lang='lat' dir='ltr'>quid</span> 
     </span>
     <span class='ocr_line' id='line_1_19' title="bbox 655 2069 2608 2155; baseline -0.002 -18"><span class='ocrx_word' id='word_1_132' title='bbox 655 2069 986 2137; x_wconf 86' lang='lat' dir='ltr'>videbitur</span> <span class='ocrx_word' id='word_1_133' title='bbox 1029 2073 1247 2136; x_wconf 90' lang='lat' dir='ltr'>minus</span> <span class='ocrx_word' id='word_1_134' title='bbox 1283 2072 1563 2146; x_wconf 89' lang='lat' dir='ltr'>firmum,</span> <span class='ocrx_word' id='word_1_135' title='bbox 1611 2079 1727 2136; x_wconf 84' lang='lat' dir='ltr'>aut</span> <span class='ocrx_word' id='word_1_136' title='bbox 1761 2069 1932 2155; x_wconf 91' lang='lat' dir='ltr'>quod</span> <span class='ocrx_word' id='word_1_137' title='bbox 1966 2071 2367 2155; x_wconf 88' lang='lat' dir='ltr'>praestiterit</span> <span class='ocrx_word' id='word_1_138' title='bbox 2408 2069 2608 2137; x_wconf 91' lang='lat' dir='ltr'>silen-</span> 
     </span>
     <span class='ocr_line' id='line_1_20' title="bbox 654 2153 2604 2240; baseline -0.002 -19"><span class='ocrx_word' id='word_1_139' title='bbox 654 2156 747 2221; x_wconf 86' lang='lat' dir='ltr'>tio</span> <span class='ocrx_word' id='word_1_140' title='bbox 791 2178 1105 2240; x_wconf 90' lang='lat' dir='ltr'>premere.</span> <span class='ocrx_word' id='word_1_141' title='bbox 1195 2154 1330 2222; x_wconf 81' lang='lat' dir='ltr'>Sed</span> <span class='ocrx_word' id='word_1_142' title='bbox 1376 2154 1454 2221; x_wconf 91' lang='lat' dir='ltr'>de</span> <span class='ocrx_word' id='word_1_143' title='bbox 1515 2156 1790 2222; x_wconf 90' lang='lat' dir='ltr'>dicando</span> <span class='ocrx_word' id='word_1_144' title='bbox 1849 2164 1920 2221; x_wconf 90' lang='lat' dir='ltr'>tu</span> <span class='ocrx_word' id='word_1_145' title='bbox 1981 2156 2151 2221; x_wconf 89' lang='lat' dir='ltr'>nihil</span> <span class='ocrx_word' id='word_1_146' title='bbox 2192 2153 2604 2239; x_wconf 79' lang='lat' dir='ltr'>respondisti.</span> 
     </span>
     <span class='ocr_line' id='line_1_21' title="bbox 653 2240 2606 2324; baseline 0 -18"><span class='ocrx_word' id='word_1_147' title='bbox 653 2242 966 2308; x_wconf 80' lang='lat' dir='ltr'>Fortasse</span> <span class='ocrx_word' id='word_1_148' title='bbox 989 2251 1177 2308; x_wconf 91' lang='lat' dir='ltr'>tuum</span> <span class='ocrx_word' id='word_1_149' title='bbox 1198 2240 1422 2307; x_wconf 86' lang='lat' dir='ltr'>differs</span> <span class='ocrx_word' id='word_1_150' title='bbox 1448 2240 1761 2308; x_wconf 88' lang='lat' dir='ltr'>iudicium</span> <span class='ocrx_word' id='word_1_151' title='bbox 1786 2240 1991 2307; x_wconf 82' lang='lat' dir='ltr'>donec</span> <span class='ocrx_word' id='word_1_152' title='bbox 2022 2241 2428 2306; x_wconf 84' lang='lat' dir='ltr'>intellexeris</span> <span class='ocrx_word' id='word_1_153' title='bbox 2449 2241 2606 2324; x_wconf 90' lang='lat' dir='ltr'>quid</span> 
     </span>
     <span class='ocr_line' id='line_1_22' title="bbox 657 2325 2607 2414; baseline -0.001 -21"><span class='ocrx_word' id='word_1_154' title='bbox 657 2327 1004 2393; x_wconf 83' lang='lat' dir='ltr'>contineat.</span> <span class='ocrx_word' id='word_1_155' title='bbox 1091 2327 1285 2408; x_wconf 79' lang='lat' dir='ltr'>Quod</span> <span class='ocrx_word' id='word_1_156' title='bbox 1330 2327 1560 2394; x_wconf 89' lang='lat' dir='ltr'>scribis</span> <span class='ocrx_word' id='word_1_157' title='bbox 1606 2327 1686 2393; x_wconf 92' lang='lat' dir='ltr'>de</span> <span class='ocrx_word' id='word_1_158' title='bbox 1734 2327 1920 2393; x_wconf 79' lang='lat' dir='ltr'>Petro</span> <span class='ocrx_word' id='word_1_159' title='bbox 1962 2325 2309 2414; x_wconf 81' lang='lat' dir='ltr'>libra[rio],</span> <span class='ocrx_word' id='word_1_160' title='bbox 2355 2347 2463 2392; x_wconf 92' lang='lat' dir='ltr'>me</span> <span class='ocrx_word' id='word_1_161' title='bbox 2508 2348 2607 2392; x_wconf 88' lang='lat' dir='ltr'>ar-</span> 
     </span>
     <span class='ocr_line' id='line_1_23' title="bbox 656 2411 2601 2497; baseline 0.001 -20"><span class='ocrx_word' id='word_1_162' title='bbox 656 2412 868 2477; x_wconf 87' lang='lat' dir='ltr'>bitror</span> <span class='ocrx_word' id='word_1_163' title='bbox 908 2414 1227 2480; x_wconf 85' lang='lat' dir='ltr'>coniicere</span> <span class='ocrx_word' id='word_1_164' title='bbox 1270 2411 1426 2496; x_wconf 85' lang='lat' dir='ltr'>quid</span> <span class='ocrx_word' id='word_1_165' title='bbox 1469 2413 1653 2477; x_wconf 83' lang='lat' dir='ltr'>velis.</span> <span class='ocrx_word' id='word_1_166' title='bbox 1742 2413 1890 2497; x_wconf 83' lang='lat' dir='ltr'>Ego</span> <span class='ocrx_word' id='word_1_167' title='bbox 1931 2413 2144 2495; x_wconf 86' lang='lat' dir='ltr'>qualis</span> <span class='ocrx_word' id='word_1_168' title='bbox 2188 2413 2277 2478; x_wconf 87' lang='lat' dir='ltr'>sit</span> <span class='ocrx_word' id='word_1_169' title='bbox 2317 2414 2383 2478; x_wconf 83' lang='lat' dir='ltr'>fa</span> <span class='ocrx_word' id='word_1_170' title='bbox 2423 2461 2437 2476; x_wconf 88' lang='lat'>.</span> <span class='ocrx_word' id='word_1_171' title='bbox 2478 2464 2491 2478; x_wconf 88' lang='lat'>.</span> <span class='ocrx_word' id='word_1_172' title='bbox 2533 2461 2547 2476; x_wconf 88' lang='lat'>.</span> <span class='ocrx_word' id='word_1_173' title='bbox 2589 2464 2601 2478; x_wconf 95' lang='lat'>.</span> 
     </span>
     <span class='ocr_line' id='line_1_24' title="bbox 652 2495 2601 2585; baseline 0 -23"><span class='ocrx_word' id='word_1_174' title='bbox 652 2499 938 2582; x_wconf 87' lang='lat' dir='ltr'>ingenia,</span> <span class='ocrx_word' id='word_1_175' title='bbox 985 2506 1105 2564; x_wconf 84' lang='lat' dir='ltr'>aut</span> <span class='ocrx_word' id='word_1_176' title='bbox 1144 2498 1299 2582; x_wconf 90' lang='lat' dir='ltr'>quid</span> <span class='ocrx_word' id='word_1_177' title='bbox 1348 2496 1489 2585; x_wconf 73' lang='lat' dir='ltr'>[sit]</span> <span class='ocrx_word' id='word_1_178' title='bbox 1528 2498 1943 2581; x_wconf 89' lang='lat' dir='ltr'>sperandum,</span> <span class='ocrx_word' id='word_1_179' title='bbox 1991 2496 2168 2564; x_wconf 88' lang='lat' dir='ltr'>haud</span> <span class='ocrx_word' id='word_1_180' title='bbox 2203 2499 2364 2563; x_wconf 87' lang='lat' dir='ltr'>satis</span> <span class='ocrx_word' id='word_1_181' title='bbox 2411 2495 2601 2584; x_wconf 79' lang='lat' dir='ltr'>[novi.</span> 
     </span>
     <span class='ocr_line' id='line_1_25' title="bbox 657 2582 2605 2672; baseline 0 -23"><span class='ocrx_word' id='word_1_182' title='bbox 657 2582 1040 2670; x_wconf 84' lang='lat' dir='ltr'>G]ommitto</span> <span class='ocrx_word' id='word_1_183' title='bbox 1084 2586 1303 2650; x_wconf 88' lang='lat' dir='ltr'>omnia</span> <span class='ocrx_word' id='word_1_184' title='bbox 1360 2595 1513 2648; x_wconf 87' lang='lat' dir='ltr'>tuae</span> <span class='ocrx_word' id='word_1_185' title='bbox 1569 2605 1614 2666; x_wconf 96' lang='lat' dir='ltr'>p</span> <span class='ocrx_word' id='word_1_186' title='bbox 1647 2582 2002 2672; x_wconf 60' lang='lat' dir='ltr'>molestiae]</span> <span class='ocrx_word' id='word_1_187' title='bbox 2050 2632 2382 2650; x_wconf 90' lang='grc'><strong>......</strong></span> <span class='ocrx_word' id='word_1_188' title='bbox 2431 2585 2605 2649; x_wconf 90' lang='lat' dir='ltr'>nosti</span> 
     </span>
     <span class='ocr_line' id='line_1_26' title="bbox 651 2666 2601 2752; baseline 0.001 -19"><span class='ocrx_word' id='word_1_189' title='bbox 651 2668 810 2752; x_wconf 90' lang='lat' dir='ltr'>quid</span> <span class='ocrx_word' id='word_1_190' title='bbox 851 2670 1015 2736; x_wconf 89' lang='lat' dir='ltr'>mihi</span> <span class='ocrx_word' id='word_1_191' title='bbox 1054 2716 1445 2735; x_wconf 92' lang='grc'><strong>.......</strong></span> <span class='ocrx_word' id='word_1_192' title='bbox 1533 2666 1584 2735; x_wconf 78' lang='lat' dir='ltr'>S</span> <span class='ocrx_word' id='word_1_193' title='bbox 1654 2682 1767 2734; x_wconf 88' lang='lat' dir='ltr'>uta</span> <span class='ocrx_word' id='word_1_194' title='bbox 1810 2690 2084 2735; x_wconf 83' lang='lat' dir='ltr'>uxorem</span> <span class='ocrx_word' id='word_1_195' title='bbox 2128 2692 2273 2736; x_wconf 92' lang='lat' dir='ltr'>meo</span> <span class='ocrx_word' id='word_1_196' title='bbox 2315 2670 2601 2734; x_wconf 90' lang='lat' dir='ltr'>nomine.</span> 
     </span>
     <span class='ocr_line' id='line_1_27' title="bbox 649 2755 2083 2839; baseline 0.001 -21"><span class='ocrx_word' id='word_1_197' title='bbox 649 2755 835 2821; x_wconf 89' lang='lat' dir='ltr'>Vale.</span> <span class='ocrx_word' id='word_1_198' title='bbox 927 2757 1320 2822; x_wconf 87' lang='lat' dir='ltr'>Lausannae</span> <span class='ocrx_word' id='word_1_199' title='bbox 1373 2758 1447 2817; x_wconf 86' lang='lat'>14</span> <span class='ocrx_word' id='word_1_200' title='bbox 1452 2803 1844 2820; x_wconf 91' lang='grc'><strong>.......</strong></span> <span class='ocrx_word' id='word_1_201' title='bbox 1869 2759 2009 2820; x_wconf 83' lang='lat'>546.</span> <span class='ocrx_word' id='word_1_202' title='bbox 2030 2757 2083 2839; x_wconf 78' lang='lat'>⁸)</span> 
     </span>
    </p>
   </div>
   <div class='ocr_carea' id='block_1_3' title="bbox 1794 2892 2431 2958">
    <p class='ocr_par' dir='ltr' id='par_1_3' title="bbox 1794 2892 2431 2958">
     <span class='ocr_line' id='line_1_28' title="bbox 1794 2892 2431 2958; baseline 0.002 -1"><span class='ocrx_word' id='word_1_203' title='bbox 1794 2892 1978 2957; x_wconf 77' lang='lat' dir='ltr'>Tuus</span> <span class='ocrx_word' id='word_1_204' title='bbox 2020 2892 2095 2957; x_wconf 88' lang='lat' dir='ltr'>P.</span> <span class='ocrx_word' id='word_1_205' title='bbox 2142 2893 2431 2958; x_wconf 86' lang='lat' dir='ltr'>Viretus.</span> 
     </span>
    </p>
   </div>
   <div class='ocr_carea' id='block_1_4' title="bbox 1417 3186 1831 3201">
    <p class='ocr_par' dir='ltr' id='par_1_4' title="bbox 1417 3186 1831 3201">
     <span class='ocr_line' id='line_1_29' title="bbox 1417 3186 1831 3201; baseline 0.005 -8"><span class='ocrx_word' id='word_1_206' title='bbox 1417 3186 1570 3201; x_wconf 62' lang='grc'>,-.,--.</span> <span class='ocrx_word' id='word_1_207' title='bbox 1583 3190 1600 3195; x_wconf 86' lang='grc'>-</span> <span class='ocrx_word' id='word_1_208' title='bbox 1611 3190 1622 3195; x_wconf 93' lang='grc'>-</span> <span class='ocrx_word' id='word_1_209' title='bbox 1669 3190 1831 3196; x_wconf 70' lang='grc'>,-.,--</span> 
     </span>
    </p>
   </div>
   <div class='ocr_carea' id='block_1_5' title="bbox 1144 3403 2112 3625">
    <p class='ocr_par' dir='ltr' id='par_1_5' title="bbox 1144 3403 2112 3625">
     <span class='ocr_line' id='line_1_30' title="bbox 1560 3403 1707 3474; baseline -0.014 -1"><span class='ocrx_word' id='word_1_210' title='bbox 1560 3403 1707 3474; x_wconf 77' lang='lat'>819.</span> 
     </span>
     <span class='ocr_line' id='line_1_31' title="bbox 1144 3556 2112 3625; baseline 0.002 -3"><span class='ocrx_word' id='word_1_211' title='bbox 1144 3556 1616 3625; x_wconf 82' lang='lat' dir='ltr'><strong>OALVINUS</strong></span> <span class='ocrx_word' id='word_1_212' title='bbox 1657 3557 1987 3625; x_wconf 82' lang='lat' dir='ltr'>MYOON</span> <span class='ocrx_word' id='word_1_213' title='bbox 1994 3557 2112 3624; x_wconf 89' lang='lat'>10.</span> 
     </span>
    </p>
   </div>
   <div class='ocr_carea' id='block_1_6' title="bbox 650 3724 2605 4146">
    <p class='ocr_par' dir='ltr' id='par_1_6' title="bbox 650 3724 2605 3985">
     <span class='ocr_line' id='line_1_32' title="bbox 826 3724 2604 3812; baseline 0.004 -23"><span class='ocrx_word' id='word_1_214' title='bbox 826 3724 1154 3809; x_wconf 66' lang='lat' dir='ltr'>Negotium</span> <span class='ocrx_word' id='word_1_215' title='bbox 1198 3728 1273 3792; x_wconf 81' lang='lat' dir='ltr'>de</span> <span class='ocrx_word' id='word_1_216' title='bbox 1303 3729 1530 3810; x_wconf 72' lang='lat' dir='ltr'>pueris</span> <span class='ocrx_word' id='word_1_217' title='bbox 1581 3729 1816 3795; x_wconf 76' lang='lat' dir='ltr'>duobus</span> <span class='ocrx_word' id='word_1_218' title='bbox 1872 3751 1914 3796; x_wconf 80' lang='lat' dir='ltr'>a</span> <span class='ocrx_word' id='word_1_219' title='bbox 1961 3731 2339 3812; x_wconf 64' lang='lat' dir='ltr'>parantibus</span> <span class='ocrx_word' id='word_1_220' title='bbox 2391 3737 2604 3797; x_wconf 78' lang='lat' dir='ltr'>mutuo</span> 
     </span>
     <span class='ocr_line' id='line_1_33' title="bbox 650 3809 2605 3899; baseline 0.005 -25"><span class='ocrx_word' id='word_1_221' title='bbox 650 3809 774 3875; x_wconf 73' lang='lat' dir='ltr'>sibi</span> <span class='ocrx_word' id='word_1_222' title='bbox 807 3811 1128 3878; x_wconf 78' lang='lat' dir='ltr'>tradendis</span> <span class='ocrx_word' id='word_1_223' title='bbox 1169 3812 1366 3879; x_wconf 76' lang='lat' dir='ltr'>denuo</span> <span class='ocrx_word' id='word_1_224' title='bbox 1407 3816 1690 3894; x_wconf 72' lang='lat' dir='ltr'>capessit.</span> <span class='ocrx_word' id='word_1_225' title='bbox 1784 3816 1969 3882; x_wconf 83' lang='lat' dir='ltr'>Nova</span> <span class='ocrx_word' id='word_1_226' title='bbox 2026 3817 2217 3899; x_wconf 76' lang='lat' dir='ltr'>refert</span> <span class='ocrx_word' id='word_1_227' title='bbox 2257 3837 2334 3882; x_wconf 77' lang='lat' dir='ltr'>ea:</span> <span class='ocrx_word' id='word_1_228' title='bbox 2382 3815 2605 3884; x_wconf 73' lang='lat' dir='ltr'>Gallia</span> 
     </span>
     <span class='ocr_line' id='line_1_34' title="bbox 655 3895 2331 3985; baseline 0.006 -25"><span class='ocrx_word' id='word_1_229' title='bbox 655 3899 709 3960; x_wconf 80' lang='lat' dir='ltr'>et</span> <span class='ocrx_word' id='word_1_230' title='bbox 756 3895 1105 3963; x_wconf 74' lang='lat' dir='ltr'>Germania</span> <span class='ocrx_word' id='word_1_231' title='bbox 1145 3903 1202 3963; x_wconf 80' lang='lat' dir='ltr'>et</span> <span class='ocrx_word' id='word_1_232' title='bbox 1242 3900 1521 3965; x_wconf 69' lang='lat' dir='ltr'>vicissim</span> <span class='ocrx_word' id='word_1_233' title='bbox 1563 3900 1724 3967; x_wconf 74' lang='lat' dir='ltr'>talia</span> <span class='ocrx_word' id='word_1_234' title='bbox 1765 3901 1888 3969; x_wconf 62' lang='lat' dir='ltr'>sibi</span> <span class='ocrx_word' id='word_1_235' title='bbox 1931 3902 2124 3969; x_wconf 74' lang='lat' dir='ltr'>scribi</span> <span class='ocrx_word' id='word_1_236' title='bbox 2155 3904 2331 3985; x_wconf 74' lang='lat' dir='ltr'>peta‘t.</span> 
     </span>
    </p>

    <p class='ocr_par' dir='ltr' id='par_1_7' title="bbox 655 4065 2603 4146">
     <span class='ocr_line' id='line_1_35' title="bbox 655 4065 2603 4146; baseline 0.005 -28"><span class='ocrx_word' id='word_1_237' title='bbox 655 4065 766 4129; x_wconf 81' lang='lat' dir='ltr'>(Ex</span> <span class='ocrx_word' id='word_1_238' title='bbox 816 4066 1126 4146; x_wconf 83' lang='lat' dir='ltr'>apographo</span> <span class='ocrx_word' id='word_1_239' title='bbox 1183 4084 1383 4123; x_wconf 85' lang='lat' dir='ltr'>coaevo</span> <span class='ocrx_word' id='word_1_240' title='bbox 1434 4069 1564 4123; x_wconf 85' lang='lat' dir='ltr'>Ood.</span> <span class='ocrx_word' id='word_1_241' title='bbox 1613 4069 1748 4125; x_wconf 86' lang='lat' dir='ltr'>Gen.</span> <span class='ocrx_word' id='word_1_242' title='bbox 1785 4070 1925 4124; x_wconf 66' lang='grc' dir='ltr'>107*ι</span> <span class='ocrx_word' id='word_1_243' title='bbox 1943 4113 1957 4137; x_wconf 87' lang='grc'><strong>,</strong></span> <span class='ocrx_word' id='word_1_244' title='bbox 1993 4073 2084 4127; x_wconf 83' lang='lat' dir='ltr'>sol.</span> <span class='ocrx_word' id='word_1_245' title='bbox 2119 4071 2238 4127; x_wconf 83' lang='lat'>300.</span> <span class='ocrx_word' id='word_1_246' title='bbox 2309 4074 2603 4128; x_wconf 84' lang='lat' dir='ltr'>Recentius</span> 
     </span>
    </p>
   </div>
   <div class='ocr_carea' id='block_1_7' title="bbox 656 4134 2602 4279">
    <p class='ocr_par' dir='ltr' id='par_1_8' title="bbox 656 4134 2602 4279">
     <span class='ocr_line' id='line_1_36' title="bbox 656 4134 2602 4206; baseline 0.006 -19"><span class='ocrx_word' id='word_1_247' title='bbox 656 4134 934 4188; x_wconf 77' lang='lat' dir='ltr'>Turretini</span> <span class='ocrx_word' id='word_1_248' title='bbox 969 4136 1200 4189; x_wconf 87' lang='lat' dir='ltr'>habetur</span> <span class='ocrx_word' id='word_1_249' title='bbox 1236 4138 1364 4191; x_wconf 85' lang='lat' dir='ltr'>Ood.</span> <span class='ocrx_word' id='word_1_250' title='bbox 1407 4136 1531 4204; x_wconf 87' lang='lat'>108,</span> <span class='ocrx_word' id='word_1_251' title='bbox 1576 4139 1670 4193; x_wconf 79' lang='lat' dir='ltr'>fol.</span> <span class='ocrx_word' id='word_1_252' title='bbox 1709 4138 1825 4206; x_wconf 92' lang='grc'><strong>160,</strong></span> <span class='ocrx_word' id='word_1_253' title='bbox 1864 4141 2005 4195; x_wconf 91' lang='lat' dir='ltr'>unde</span> <span class='ocrx_word' id='word_1_254' title='bbox 2051 4142 2295 4195; x_wconf 80' lang='lat' dir='ltr'>manavit</span> <span class='ocrx_word' id='word_1_255' title='bbox 2327 4146 2602 4198; x_wconf 77' lang='lat' dir='ltr'>Ber-nense</span> 
     </span>
     <span class='ocr_line' id='line_1_37' title="bbox 983 4202 2272 4279; baseline 0.004 -22"><span class='ocrx_word' id='word_1_256' title='bbox 983 4202 1122 4274; x_wconf 81' lang='lat' dir='ltr'>Epp.</span> <span class='ocrx_word' id='word_1_257' title='bbox 1167 4204 1283 4259; x_wconf 86' lang='lat' dir='ltr'>vn.</span> <span class='ocrx_word' id='word_1_258' title='bbox 1322 4204 1441 4275; x_wconf 82' lang='grc'><strong>517,</strong></span> <span class='ocrx_word' id='word_1_259' title='bbox 1478 4208 1713 4277; x_wconf 88' lang='lat' dir='ltr'>denique</span> <span class='ocrx_word' id='word_1_260' title='bbox 1747 4210 1963 4264; x_wconf 88' lang='lat' dir='ltr'>Simleri</span> <span class='ocrx_word' id='word_1_261' title='bbox 2000 4209 2125 4264; x_wconf 86' lang='lat' dir='ltr'>Vol.</span> <span class='ocrx_word' id='word_1_262' title='bbox 2164 4209 2272 4279; x_wconf 87' lang='grc'><strong>61.)</strong></span> 
     </span>
    </p>
   </div>
   <div class='ocr_carea' id='block_1_8' title="bbox 657 4369 2602 4611">
    <p class='ocr_par' dir='ltr' id='par_1_9' title="bbox 657 4369 2602 4611">
     <span class='ocr_line' id='line_1_38' title="bbox 657 4369 2602 4465; baseline 0.005 -26"><span class='ocrx_word' id='word_1_263' title='bbox 657 4369 1093 4439; x_wconf 87' lang='lat' dir='ltr'>Ornatissimo</span> <span class='ocrx_word' id='word_1_264' title='bbox 1150 4376 1295 4442; x_wconf 82' lang='lat' dir='ltr'>viro</span> <span class='ocrx_word' id='word_1_265' title='bbox 1348 4376 1432 4442; x_wconf 89' lang='lat' dir='ltr'>D.</span> <span class='ocrx_word' id='word_1_266' title='bbox 1494 4377 1786 4444; x_wconf 89' lang='lat' dir='ltr'>Osualdo</span> <span class='ocrx_word' id='word_1_267' title='bbox 1845 4380 2157 4465; x_wconf 84' lang='lat' dir='ltr'>Myconio</span> <span class='ocrx_word' id='word_1_268' title='bbox 2214 4380 2602 4449; x_wconf 88' lang='lat' dir='ltr'>Basiliensis</span> 
     </span>
     <span class='ocr_line' id='line_1_39' title="bbox 827 4460 2600 4611; baseline 0.007 -88"><span class='ocrx_word' id='word_1_269' title='bbox 827 4460 1320 4611; x_wconf 45' lang='lat' dir='ltr'>fggffissigzgido</span> <span class='ocrx_word' id='word_1_270' title='bbox 1364 4466 1609 4548; x_wconf 88' lang='lat' dir='ltr'>pastori</span> <span class='ocrx_word' id='word_1_271' title='bbox 1662 4476 2068 4550; x_wconf 79' lang='lat' dir='ltr'>symmystae</span> <span class='ocrx_word' id='word_1_272' title='bbox 2120 4475 2187 4532; x_wconf 88' lang='lat' dir='ltr'>et</span> <span class='ocrx_word' id='word_1_273' title='bbox 2248 4467 2440 4533; x_wconf 81' lang='lat' dir='ltr'>fratri</span> <span class='ocrx_word' id='word_1_274' title='bbox 2495 4490 2600 4536; x_wconf 90' lang='lat' dir='ltr'>co-</span> 
     </span>
    </p>
   </div>
   <div class='ocr_carea' id='block_1_9' title="bbox 656 4678 2603 4933">
    <p class='ocr_par' dir='ltr' id='par_1_10' title="bbox 656 4678 2603 4933">
     <span class='ocr_line' id='line_1_40' title="bbox 827 4678 2603 4774; baseline 0.006 -28"><span class='ocrx_word' id='word_1_275' title='bbox 827 4678 897 4746; x_wconf 78' lang='lat' dir='ltr'>S.</span> <span class='ocrx_word' id='word_1_276' title='bbox 966 4682 1072 4746; x_wconf 85' lang='lat' dir='ltr'>Ex</span> <span class='ocrx_word' id='word_1_277' title='bbox 1118 4686 1461 4766; x_wconf 87' lang='lat' dir='ltr'>postremis</span> <span class='ocrx_word' id='word_1_278' title='bbox 1515 4685 1645 4749; x_wconf 89' lang='lat' dir='ltr'>tuis</span> <span class='ocrx_word' id='word_1_279' title='bbox 1705 4686 1913 4751; x_wconf 88' lang='lat' dir='ltr'>literis</span> <span class='ocrx_word' id='word_1_280' title='bbox 1957 4688 2254 4774; x_wconf 82' lang='lat' dir='ltr'>intelligo</span> <span class='ocrx_word' id='word_1_281' title='bbox 2299 4713 2451 4757; x_wconf 92' lang='lat' dir='ltr'>eum</span> <span class='ocrx_word' id='word_1_282' title='bbox 2497 4693 2603 4759; x_wconf 91' lang='lat' dir='ltr'>cui</span> 
     </span>
     <span class='ocr_line' id='line_1_41' title="bbox 656 4765 2600 4864; baseline 0.009 -36"><span class='ocrx_word' id='word_1_283' title='bbox 656 4784 836 4830; x_wconf 89' lang='lat' dir='ltr'>meas</span> <span class='ocrx_word' id='word_1_284' title='bbox 908 4765 1212 4833; x_wconf 83' lang='lat' dir='ltr'>dederam</span> <span class='ocrx_word' id='word_1_285' title='bbox 1285 4769 1600 4837; x_wconf 89' lang='lat' dir='ltr'>fefellisse.</span> <span class='ocrx_word' id='word_1_286' title='bbox 1703 4771 2119 4839; x_wconf 87' lang='lat' dir='ltr'>Excusabam</span> <span class='ocrx_word' id='word_1_287' title='bbox 2178 4776 2257 4841; x_wconf 92' lang='lat' dir='ltr'>de</span> <span class='ocrx_word' id='word_1_288' title='bbox 2324 4800 2527 4863; x_wconf 85' lang='lat' dir='ltr'>puero</span> <span class='ocrx_word' id='word_1_289' title='bbox 2554 4777 2600 4864; x_wconf 91' lang='lat'>¹)</span> 
     </span>
     <span class='ocr_line' id='line_1_42' title="bbox 659 4850 2598 4933; baseline 0.009 -20"><span class='ocrx_word' id='word_1_290' title='bbox 659 4850 830 4933; x_wconf 91' lang='lat' dir='ltr'>quod</span> <span class='ocrx_word' id='word_1_291' title='bbox 868 4851 1119 4918; x_wconf 90' lang='lat' dir='ltr'>interea</span> <span class='ocrx_word' id='word_1_292' title='bbox 1154 4855 1221 4919; x_wconf 91' lang='lat' dir='ltr'>in</span> <span class='ocrx_word' id='word_1_293' title='bbox 1260 4854 1559 4921; x_wconf 87' lang='lat' dir='ltr'>morbum</span> <span class='ocrx_word' id='word_1_294' title='bbox 1596 4856 1949 4924; x_wconf 89' lang='lat' dir='ltr'>incidisset.</span> <span class='ocrx_word' id='word_1_295' title='bbox 2013 4860 2209 4929; x_wconf 92' lang='lat' dir='ltr'>Nunc</span> <span class='ocrx_word' id='word_1_296' title='bbox 2245 4863 2598 4931; x_wconf 83' lang='lat' dir='ltr'>convaluit.</span> 
     </span>
    </p>
   </div>
   <div class='ocr_carea' id='block_1_10' title="bbox 864 5122 2602 5206">
    <p class='ocr_par' dir='ltr' id='par_1_11' title="bbox 864 5122 2602 5206">
     <span class='ocr_line' id='line_1_43' title="bbox 864 5122 2602 5206; baseline 0.01 -29"><span class='ocrx_word' id='word_1_297' title='bbox 864 5122 923 5188; x_wconf 83' lang='lat'>3)</span> <span class='ocrx_word' id='word_1_298' title='bbox 960 5125 1054 5179; x_wconf 77' lang='lat' dir='ltr'>Aa</span> <span class='ocrx_word' id='word_1_299' title='bbox 1105 5142 1332 5180; x_wconf 78' lang='lat' dir='ltr'>mensem</span> <span class='ocrx_word' id='word_1_300' title='bbox 1383 5130 1686 5199; x_wconf 73' lang='lat' dir='ltr'>Anqustum</span> <span class='ocrx_word' id='word_1_301' title='bbox 1739 5132 1882 5188; x_wconf 74' lang='lat' dir='ltr'>hanc</span> <span class='ocrx_word' id='word_1_302' title='bbox 1962 5136 2191 5190; x_wconf 75' lang='lat' dir='ltr'>ertinere</span> <span class='ocrx_word' id='word_1_303' title='bbox 2237 5152 2303 5190; x_wconf 69' lang='lat' dir='ltr'>ccc</span> <span class='ocrx_word' id='word_1_304' title='bbox 2350 5141 2602 5206; x_wconf 63' lang='lat' dir='ltr'>proxime</span> 
     </span>
    </p>
   </div>
   <div class='ocr_carea' id='block_1_11' title="bbox 2210 423 3121 520">
    <p class='ocr_par' dir='ltr' id='par_1_12' title="bbox 2210 423 3121 520">
     <span class='ocr_line' id='line_1_44' title="bbox 2210 423 3121 520; baseline -0.003 -29"><span class='ocrx_word' id='word_1_305' title='bbox 2210 423 2757 520; x_wconf 61' lang='lat' dir='ltr'>EPISTOLAE</span> <span class='ocrx_word' id='word_1_306' title='bbox 2782 426 3121 490; x_wconf 79' lang='lat' dir='ltr'>sis-822</span> 
     </span>
    </p>
   </div>
   <div class='ocr_carea' id='block_1_12' title="bbox 2653 613 2669 5195">
    <p class='ocr_par' dir='ltr' id='par_1_13' title="bbox 2653 613 2669 5195">
     <span class='ocr_line' id='line_1_45' title="bbox 2653 613 2669 5195; baseline 0 0"><span class='ocrx_word' id='word_1_307' title='bbox 2653 613 2669 5195; x_wconf 95' lang='lat' dir='ltr'> </span> 
     </span>
    </p>
   </div>
   <div class='ocr_carea' id='block_1_13' title="bbox 649 5191 2655 5293">
    <p class='ocr_par' dir='ltr' id='par_1_14' title="bbox 649 5191 2655 5293">
     <span class='ocr_line' id='line_1_46' title="bbox 649 5191 2655 5293; baseline 0.008 -47"><span class='ocrx_word' id='word_1_308' title='bbox 649 5191 1097 5261; x_wconf 73' lang='lat' dir='ltr'>praecedentibus</span> <span class='ocrx_word' id='word_1_309' title='bbox 1129 5203 1358 5264; x_wconf 79' lang='lat' dir='ltr'>apparet</span> <span class='ocrx_word' id='word_1_310' title='bbox 1389 5215 1528 5268; x_wconf 79' lang='lat' dir='ltr'>quae</span> <span class='ocrx_word' id='word_1_311' title='bbox 1552 5199 1617 5255; x_wconf 84' lang='lat' dir='ltr'>de</span> <span class='ocrx_word' id='word_1_312' title='bbox 1650 5201 1806 5257; x_wconf 62' lang='lat' dir='ltr'>lan-is</span> <span class='ocrx_word' id='word_1_313' title='bbox 1840 5207 1889 5258; x_wconf 80' lang='lat' dir='ltr'>et</span> <span class='ocrx_word' id='word_1_314' title='bbox 1943 5206 2097 5259; x_wconf 54' lang='lat' dir='ltr'>neres</span> <span class='ocrx_word' id='word_1_315' title='bbox 2113 5206 2330 5260; x_wconf 67' lang='lat' dir='ltr'>amissis</span> <span class='ocrx_word' id='word_1_316' title='bbox 2366 5213 2416 5261; x_wconf 76' lang='lat' dir='ltr'>et</span> <span class='ocrx_word' id='word_1_317' title='bbox 2439 5207 2600 5263; x_wconf 82' lang='lat' dir='ltr'>Petro</span> <span class='ocrx_word' id='word_1_318' title='bbox 2650 5214 2655 5293; x_wconf 69' lang='lat'>:¹</span> 
     </span>
    </p>
   </div>
   <div class='ocr_carea' id='block_1_14' title="bbox 655 5262 1344 5399">
    <p class='ocr_par' dir='ltr' id='par_1_15' title="bbox 655 5262 1344 5399">
     <span class='ocr_line' id='line_1_47' title="bbox 655 5262 1156 5331; baseline 0.002 -16"><span class='ocrx_word' id='word_1_319' title='bbox 655 5262 889 5316; x_wconf 62' lang='lat' dir='ltr'>librario</span> <span class='ocrx_word' id='word_1_320' title='bbox 921 5269 1156 5331; x_wconf 66' lang='lat' dir='ltr'>eyes-ant.</span> 
     </span>
     <span class='ocr_line' id='line_1_48' title="bbox 693 5329 1344 5399; baseline 0.006 -16"><span class='ocrx_word' id='word_1_321' title='bbox 693 5329 826 5384; x_wconf 83' lang='grc'><strong>819.</strong></span> <span class='ocrx_word' id='word_1_322' title='bbox 864 5330 921 5399; x_wconf 93' lang='grc'>1)</span> <span class='ocrx_word' id='word_1_323' title='bbox 960 5331 1037 5386; x_wconf 86' lang='grc' dir='ltr'>Ν.</span> <span class='ocrx_word' id='word_1_324' title='bbox 1076 5330 1191 5385; x_wconf 86' lang='grc'><strong>796.</strong></span> <span class='ocrx_word' id='word_1_325' title='bbox 1228 5331 1344 5388; x_wconf 80' lang='lat'>812.</span> 
     </span>
    </p>
   </div>
   <div class='ocr_carea' id='block_1_15' title="bbox 2644 5340 2654 5386">
    <p class='ocr_par' dir='ltr' id='par_1_16' title="bbox 2644 5340 2654 5386">
     <span class='ocr_line' id='line_1_49' title="bbox 2644 5340 2654 5386; baseline 0 0"><span class='ocrx_word' id='word_1_326' title='bbox 2644 5340 2654 5386; x_wconf 83' lang='grc' dir='ltr'>Ι</span> 
     </span>
    </p>
   </div>
   <div class='ocr_carea' id='block_1_16' title="bbox 4534 427 4628 491">
    <p class='ocr_par' dir='ltr' id='par_1_17' title="bbox 4534 427 4628 491">
     <span class='ocr_line' id='line_1_50' title="bbox 4534 427 4628 491; baseline 0 0"><span class='ocrx_word' id='word_1_327' title='bbox 4534 427 4628 491; x_wconf 76' lang='lat'>372</span> 
     </span>
    </p>
   </div>
   <div class='ocr_carea' id='block_1_17' title="bbox 2709 609 4656 2500">
    <p class='ocr_par' dir='ltr' id='par_1_18' title="bbox 2710 609 4651 1966">
     <span class='ocr_line' id='line_1_51' title="bbox 2717 609 4635 712; baseline 0.002 -35"><span class='ocrx_word' id='word_1_328' title='bbox 2717 610 2954 698; x_wconf 87' lang='lat' dir='ltr'>Itaque</span> <span class='ocrx_word' id='word_1_329' title='bbox 3032 611 3324 680; x_wconf 82' lang='lat' dir='ltr'>decrevit</span> <span class='ocrx_word' id='word_1_330' title='bbox 3402 619 3589 698; x_wconf 84' lang='lat' dir='ltr'>pater</span> <span class='ocrx_word' id='word_1_331' title='bbox 3665 613 3838 680; x_wconf 86' lang='lat' dir='ltr'>circa</span> <span class='ocrx_word' id='word_1_332' title='bbox 3913 612 4182 680; x_wconf 88' lang='lat' dir='ltr'>initium</span> <span class='ocrx_word' id='word_1_333' title='bbox 4262 609 4635 712; x_wconf 76' lang='lat' dir='ltr'>Septembris</span> 
     </span>
     <span class='ocr_line' id='line_1_52' title="bbox 2717 695 4635 784; baseline 0.001 -19"><span class='ocrx_word' id='word_1_334' title='bbox 2717 718 2871 765; x_wconf 88' lang='lat' dir='ltr'>eum</span> <span class='ocrx_word' id='word_1_335' title='bbox 2926 697 3212 765; x_wconf 86' lang='lat' dir='ltr'>mittere.</span> <span class='ocrx_word' id='word_1_336' title='bbox 3312 695 3487 766; x_wconf 87' lang='lat' dir='ltr'>Novi</span> <span class='ocrx_word' id='word_1_337' title='bbox 3551 695 3716 765; x_wconf 91' lang='lat' dir='ltr'>nihil</span> <span class='ocrx_word' id='word_1_338' title='bbox 3778 698 3884 765; x_wconf 89' lang='lat' dir='ltr'>hic</span> <span class='ocrx_word' id='word_1_339' title='bbox 3935 695 4258 765; x_wconf 87' lang='lat' dir='ltr'>habemus</span> <span class='ocrx_word' id='word_1_340' title='bbox 4308 699 4445 764; x_wconf 87' lang='lat' dir='ltr'>msi</span> <span class='ocrx_word' id='word_1_341' title='bbox 4495 699 4635 784; x_wconf 86' lang='lat' dir='ltr'>quod</span> 
     </span>
     <span class='ocr_line' id='line_1_53' title="bbox 2717 780 4637 869; baseline 0.002 -19"><span class='ocrx_word' id='word_1_342' title='bbox 2717 780 3009 850; x_wconf 82' lang='lat' dir='ltr'>Sabaudi</span> <span class='ocrx_word' id='word_1_343' title='bbox 3052 803 3227 852; x_wconf 87' lang='lat' dir='ltr'>nova</span> <span class='ocrx_word' id='word_1_344' title='bbox 3285 805 3400 869; x_wconf 88' lang='lat' dir='ltr'>spe</span> <span class='ocrx_word' id='word_1_345' title='bbox 3454 783 3668 850; x_wconf 87' lang='lat' dir='ltr'>inflati</span> <span class='ocrx_word' id='word_1_346' title='bbox 3723 791 3882 851; x_wconf 89' lang='lat' dir='ltr'>sunt</span> <span class='ocrx_word' id='word_1_347' title='bbox 3934 792 4085 867; x_wconf 93' lang='lat' dir='ltr'>post</span> <span class='ocrx_word' id='word_1_348' title='bbox 4135 782 4411 852; x_wconf 87' lang='lat' dir='ltr'>allatum</span> <span class='ocrx_word' id='word_1_349' title='bbox 4453 795 4637 854; x_wconf 85' lang='lat' dir='ltr'>motus</span> 
     </span>
     <span class='ocr_line' id='line_1_54' title="bbox 2716 867 4639 955; baseline 0.001 -19"><span class='ocrx_word' id='word_1_350' title='bbox 2716 868 3075 955; x_wconf 81' lang='lat' dir='ltr'>germanici</span> <span class='ocrx_word' id='word_1_351' title='bbox 3129 892 3476 940; x_wconf 88' lang='lat' dir='ltr'>rumorem.</span> <span class='ocrx_word' id='word_1_352' title='bbox 3580 868 3761 952; x_wconf 83' lang='lat' dir='ltr'>Quid</span> <span class='ocrx_word' id='word_1_353' title='bbox 3808 890 3931 936; x_wconf 84' lang='lat' dir='ltr'>rex</span> <span class='ocrx_word' id='word_1_354' title='bbox 3988 867 4247 936; x_wconf 81' lang='lat' dir='ltr'>Galliae</span> <span class='ocrx_word' id='word_1_355' title='bbox 4302 867 4538 954; x_wconf 85' lang='lat' dir='ltr'>habeat</span> <span class='ocrx_word' id='word_1_356' title='bbox 4579 871 4639 937; x_wconf 86' lang='lat' dir='ltr'>in</span> 
     </span>
     <span class='ocr_line' id='line_1_55' title="bbox 2715 955 4638 1040; baseline 0.001 -19"><span class='ocrx_word' id='word_1_357' title='bbox 2715 956 2931 1022; x_wconf 82' lang='lat' dir='ltr'>animo</span> <span class='ocrx_word' id='word_1_358' title='bbox 2975 956 3282 1023; x_wconf 89' lang='lat' dir='ltr'>nescitur.</span> <span class='ocrx_word' id='word_1_359' title='bbox 3369 956 3479 1022; x_wconf 87' lang='lat' dir='ltr'>Lu</span> <span class='ocrx_word' id='word_1_360' title='bbox 3573 977 3779 1024; x_wconf 91' lang='lat' dir='ltr'>unum</span> <span class='ocrx_word' id='word_1_361' title='bbox 3838 963 4063 1022; x_wconf 88' lang='lat' dir='ltr'>tamen</span> <span class='ocrx_word' id='word_1_362' title='bbox 4119 976 4239 1040; x_wconf 89' lang='lat' dir='ltr'>pro</span> <span class='ocrx_word' id='word_1_363' title='bbox 4324 955 4495 1022; x_wconf 88' lang='lat' dir='ltr'>diem</span> <span class='ocrx_word' id='word_1_364' title='bbox 4543 977 4638 1022; x_wconf 82' lang='lat' dir='ltr'>ve-</span> 
     </span>
     <span class='ocr_line' id='line_1_56' title="bbox 2714 1037 4643 1110; baseline 0.002 -4"><span class='ocrx_word' id='word_1_365' title='bbox 2714 1040 2869 1107; x_wconf 87' lang='lat' dir='ltr'>niet.</span> <span class='ocrx_word' id='word_1_366' title='bbox 2935 1037 3193 1108; x_wconf 84' lang='lat' dir='ltr'>Favere</span> <span class='ocrx_word' id='word_1_367' title='bbox 3229 1043 3429 1108; x_wconf 90' lang='lat' dir='ltr'>etiam</span> <span class='ocrx_word' id='word_1_368' title='bbox 3512 1039 3723 1108; x_wconf 89' lang='lat' dir='ltr'>aesari</span> <span class='ocrx_word' id='word_1_369' title='bbox 3757 1063 3892 1108; x_wconf 89' lang='lat' dir='ltr'>non</span> <span class='ocrx_word' id='word_1_370' title='bbox 3927 1049 4030 1108; x_wconf 90' lang='lat' dir='ltr'>est</span> <span class='ocrx_word' id='word_1_371' title='bbox 4072 1039 4245 1108; x_wconf 87' lang='lat' dir='ltr'>credi</span> <span class='ocrx_word' id='word_1_372' title='bbox 4291 1041 4395 1108; x_wconf 91' lang='lat' dir='ltr'>ile.</span> <span class='ocrx_word' id='word_1_373' title='bbox 4466 1041 4643 1110; x_wconf 75' lang='lat' dir='ltr'>Curia</span> 
     </span>
     <span class='ocr_line' id='line_1_57' title="bbox 2715 1125 4642 1213; baseline 0.002 -23"><span class='ocrx_word' id='word_1_374' title='bbox 2715 1135 2934 1193; x_wconf 86' lang='lat' dir='ltr'>tamen</span> <span class='ocrx_word' id='word_1_375' title='bbox 2978 1128 3371 1196; x_wconf 89' lang='lat' dir='ltr'>Parisiensis</span> <span class='ocrx_word' id='word_1_376' title='bbox 3413 1130 3581 1193; x_wconf 89' lang='lat' dir='ltr'>miro</span> <span class='ocrx_word' id='word_1_377' title='bbox 3625 1127 3843 1193; x_wconf 87' lang='lat' dir='ltr'>furore</span> <span class='ocrx_word' id='word_1_378' title='bbox 3896 1125 4083 1193; x_wconf 87' lang='lat' dir='ltr'>ardet</span> <span class='ocrx_word' id='word_1_379' title='bbox 4138 1125 4223 1194; x_wconf 88' lang='lat' dir='ltr'>ad</span> <span class='ocrx_word' id='word_1_380' title='bbox 4278 1128 4423 1213; x_wconf 86' lang='lat' dir='ltr'>pios</span> <span class='ocrx_word' id='word_1_381' title='bbox 4467 1128 4642 1194; x_wconf 80' lang='lat' dir='ltr'>truci·</span> 
     </span>
     <span class='ocr_line' id='line_1_58' title="bbox 2714 1209 4647 1296; baseline 0.001 -17"><span class='ocrx_word' id='word_1_382' title='bbox 2714 1209 2987 1279; x_wconf 86' lang='lat' dir='ltr'>dandos:</span> <span class='ocrx_word' id='word_1_383' title='bbox 3009 1215 3066 1296; x_wconf 73' lang='lat'>²)</span> <span class='ocrx_word' id='word_1_384' title='bbox 3123 1214 3405 1280; x_wconf 89' lang='lat' dir='ltr'>flammis</span> <span class='ocrx_word' id='word_1_385' title='bbox 3461 1212 3711 1280; x_wconf 86' lang='lat' dir='ltr'>scilicet</span> <span class='ocrx_word' id='word_1_386' title='bbox 3754 1212 4166 1282; x_wconf 88' lang='lat' dir='ltr'>Antichristo</span> <span class='ocrx_word' id='word_1_387' title='bbox 4219 1213 4418 1279; x_wconf 85' lang='lat' dir='ltr'>litant</span> <span class='ocrx_word' id='word_1_388' title='bbox 4474 1214 4647 1281; x_wconf 85' lang='lat' dir='ltr'>sicuti</span> 
     </span>
     <span class='ocr_line' id='line_1_59' title="bbox 2714 1295 4646 1385; baseline 0.001 -21"><span class='ocrx_word' id='word_1_389' title='bbox 2714 1295 2960 1365; x_wconf 86' lang='lat' dir='ltr'>ansar</span> <span class='ocrx_word' id='word_1_390' title='bbox 3003 1298 3254 1385; x_wconf 81' lang='lat' dir='ltr'>gladiis.</span> <span class='ocrx_word' id='word_1_391' title='bbox 3319 1297 3636 1365; x_wconf 85' lang='lat' dir='ltr'>Delectus</span> <span class='ocrx_word' id='word_1_392' title='bbox 3681 1299 3886 1366; x_wconf 86' lang='lat' dir='ltr'>habiti</span> <span class='ocrx_word' id='word_1_393' title='bbox 3932 1310 4088 1365; x_wconf 91' lang='lat' dir='ltr'>sunt</span> <span class='ocrx_word' id='word_1_394' title='bbox 4129 1298 4201 1363; x_wconf 93' lang='lat' dir='ltr'>in</span> <span class='ocrx_word' id='word_1_395' title='bbox 4242 1299 4447 1366; x_wconf 87' lang='lat' dir='ltr'>Italia</span> <span class='ocrx_word' id='word_1_396' title='bbox 4486 1307 4646 1366; x_wconf 85' lang='lat' dir='ltr'>tanto</span> 
     </span>
     <span class='ocr_line' id='line_1_60' title="bbox 2713 1382 4647 1469; baseline 0.003 -21"><span class='ocrx_word' id='word_1_397' title='bbox 2713 1382 2928 1449; x_wconf 91' lang='lat' dir='ltr'>studio</span> <span class='ocrx_word' id='word_1_398' title='bbox 2971 1394 3049 1450; x_wconf 90' lang='lat' dir='ltr'>ut</span> <span class='ocrx_word' id='word_1_399' title='bbox 3083 1383 3328 1451; x_wconf 83' lang='lat' dir='ltr'>Caesar</span> <span class='ocrx_word' id='word_1_400' title='bbox 3385 1392 3570 1467; x_wconf 84' lang='lat' dir='ltr'>parte</span> <span class='ocrx_word' id='word_1_401' title='bbox 3625 1385 3843 1469; x_wconf 88' lang='lat' dir='ltr'>aliqua</span> <span class='ocrx_word' id='word_1_402' title='bbox 3895 1383 4202 1467; x_wconf 88' lang='lat' dir='ltr'>praesidii</span> <span class='ocrx_word' id='word_1_403' title='bbox 4258 1407 4480 1452; x_wconf 84' lang='lat' dir='ltr'>arcem</span> <span class='ocrx_word' id='word_1_404' title='bbox 4520 1385 4647 1453; x_wconf 80' lang='lat' dir='ltr'>Me·</span> 
     </span>
     <span class='ocr_line' id='line_1_61' title="bbox 2713 1468 4645 1556; baseline 0.001 -22"><span class='ocrx_word' id='word_1_405' title='bbox 2713 1468 3157 1536; x_wconf 89' lang='lat' dir='ltr'>diolanensem</span> <span class='ocrx_word' id='word_1_406' title='bbox 3202 1471 3473 1536; x_wconf 78' lang='lat' dir='ltr'>exuerit.</span> <span class='ocrx_word' id='word_1_407' title='bbox 3538 1468 3617 1536; x_wconf 78' lang='lat' dir='ltr'>Si</span> <span class='ocrx_word' id='word_1_408' title='bbox 3660 1470 3868 1538; x_wconf 89' lang='lat' dir='ltr'>nostri</span> <span class='ocrx_word' id='word_1_409' title='bbox 3911 1479 4168 1538; x_wconf 85' lang='lat' dir='ltr'>cessant</span> <span class='ocrx_word' id='word_1_410' title='bbox 4210 1471 4383 1538; x_wconf 88' lang='lat' dir='ltr'>male</span> <span class='ocrx_word' id='word_1_411' title='bbox 4428 1473 4645 1556; x_wconf 85' lang='lat' dir='ltr'>agitur.</span> 
     </span>
     <span class='ocr_line' id='line_1_62' title="bbox 2711 1554 4650 1642; baseline 0.002 -22"><span class='ocrx_word' id='word_1_412' title='bbox 2711 1554 2999 1621; x_wconf 85' lang='lat' dir='ltr'>Multum</span> <span class='ocrx_word' id='word_1_413' title='bbox 3045 1556 3222 1624; x_wconf 89' lang='lat' dir='ltr'>enim</span> <span class='ocrx_word' id='word_1_414' title='bbox 3265 1556 3333 1622; x_wconf 93' lang='lat' dir='ltr'>in</span> <span class='ocrx_word' id='word_1_415' title='bbox 3376 1556 3795 1623; x_wconf 87' lang='lat' dir='ltr'>festinatione</span> <span class='ocrx_word' id='word_1_416' title='bbox 3851 1556 4137 1642; x_wconf 85' lang='lat' dir='ltr'>positum</span> <span class='ocrx_word' id='word_1_417' title='bbox 4191 1566 4321 1636; x_wconf 85' lang='lat' dir='ltr'>est,</span> <span class='ocrx_word' id='word_1_418' title='bbox 4381 1565 4462 1622; x_wconf 93' lang='lat' dir='ltr'>ut</span> <span class='ocrx_word' id='word_1_419' title='bbox 4513 1565 4650 1624; x_wconf 81' lang='lat' dir='ltr'>ante</span> 
     </span>
     <span class='ocr_line' id='line_1_63' title="bbox 2712 1641 4649 1811; baseline 0.002 -19"><span class='ocrx_word' id='word_1_420' title='bbox 2712 1642 3122 1811; x_wconf 56' lang='grc' dir='ltr'>ἓὲδῖἑῒέὲῗ</span> <span class='ocrx_word' id='word_1_421' title='bbox 3201 1641 3684 1811; x_wconf 48' lang='grc' dir='ltr'><strong>11053ῑῶῗῶ</strong></span> <span class='ocrx_word' id='word_1_422' title='bbox 3720 1644 4079 1795; x_wconf 44' lang='lat' dir='ltr'>diffinis</span> <span class='ocrx_word' id='word_1_423' title='bbox 4113 1641 4649 1795; x_wconf 56' lang='lat' dir='ltr'>tssbsstssffl&#39;t</span> 
     </span>
     <span class='ocr_line' id='line_1_64' title="bbox 2711 1810 4651 1899; baseline 0.003 -24"><span class='ocrx_word' id='word_1_424' title='bbox 2711 1810 2842 1878; x_wconf 89' lang='lat' dir='ltr'>illis</span> <span class='ocrx_word' id='word_1_425' title='bbox 2888 1811 3117 1879; x_wconf 90' lang='lat' dir='ltr'>ducem</span> <span class='ocrx_word' id='word_1_426' title='bbox 3162 1812 3465 1880; x_wconf 86' lang='lat' dir='ltr'>ostendat</span> <span class='ocrx_word' id='word_1_427' title='bbox 3504 1813 3767 1897; x_wconf 90' lang='lat' dir='ltr'>suisque</span> <span class='ocrx_word' id='word_1_428' title='bbox 3824 1814 4129 1899; x_wconf 88' lang='lat' dir='ltr'>auspiciis</span> <span class='ocrx_word' id='word_1_429' title='bbox 4183 1815 4514 1899; x_wconf 80' lang='lat' dir='ltr'>gubernet</span> <span class='ocrx_word' id='word_1_430' title='bbox 4568 1827 4651 1880; x_wconf 88' lang='lat' dir='ltr'>to-</span> 
     </span>
     <span class='ocr_line' id='line_1_65' title="bbox 2710 1896 3490 1966; baseline 0.004 -5"><span class='ocrx_word' id='word_1_431' title='bbox 2710 1904 2855 1964; x_wconf 92' lang='lat' dir='ltr'>tum</span> <span class='ocrx_word' id='word_1_432' title='bbox 2900 1896 3164 1966; x_wconf 91' lang='lat' dir='ltr'>bellum.</span> <span class='ocrx_word' id='word_1_433' title='bbox 3253 1900 3490 1965; x_wconf 87' lang='lat' dir='ltr'>Amen.</span> 
     </span>
    </p>

    <p class='ocr_par' dir='ltr' id='par_1_19' title="bbox 2709 1981 4656 2500">
     <span class='ocr_line' id='line_1_66' title="bbox 2880 1981 4655 2070; baseline 0.001 -21"><span class='ocrx_word' id='word_1_434' title='bbox 2880 1981 3099 2069; x_wconf 82' lang='lat' dir='ltr'>Rogo,</span> <span class='ocrx_word' id='word_1_435' title='bbox 3160 1986 3217 2049; x_wconf 91' lang='lat' dir='ltr'>si</span> <span class='ocrx_word' id='word_1_436' title='bbox 3275 1984 3431 2070; x_wconf 91' lang='lat' dir='ltr'>quid</span> <span class='ocrx_word' id='word_1_437' title='bbox 3489 1983 3760 2052; x_wconf 88' lang='lat' dir='ltr'>habebis</span> <span class='ocrx_word' id='word_1_438' title='bbox 3805 1985 3978 2070; x_wconf 89' lang='lat' dir='ltr'>quod</span> <span class='ocrx_word' id='word_1_439' title='bbox 4023 2007 4170 2052; x_wconf 90' lang='lat' dir='ltr'>mea</span> <span class='ocrx_word' id='word_1_440' title='bbox 4214 1987 4381 2053; x_wconf 90' lang='lat' dir='ltr'>scire</span> <span class='ocrx_word' id='word_1_441' title='bbox 4426 1987 4655 2053; x_wconf 85' lang='lat' dir='ltr'>referat</span> 
     </span>
     <span class='ocr_line' id='line_1_67' title="bbox 2711 2070 4652 2156; baseline 0.001 -21"><span class='ocrx_word' id='word_1_442' title='bbox 2711 2077 2828 2135; x_wconf 88' lang='lat' dir='ltr'>aut</span> <span class='ocrx_word' id='word_1_443' title='bbox 2870 2070 3035 2135; x_wconf 87' lang='lat' dir='ltr'>scitu</span> <span class='ocrx_word' id='word_1_444' title='bbox 3082 2070 3352 2155; x_wconf 86' lang='lat' dir='ltr'>dignum</span> <span class='ocrx_word' id='word_1_445' title='bbox 3410 2071 3525 2149; x_wconf 90' lang='lat' dir='ltr'>sit,</span> <span class='ocrx_word' id='word_1_446' title='bbox 3583 2092 3715 2136; x_wconf 93' lang='lat' dir='ltr'>non</span> <span class='ocrx_word' id='word_1_447' title='bbox 3772 2073 4068 2156; x_wconf 88' lang='lat' dir='ltr'>graveris</span> <span class='ocrx_word' id='word_1_448' title='bbox 4123 2073 4426 2139; x_wconf 88' lang='lat' dir='ltr'>scribere.</span> <span class='ocrx_word' id='word_1_449' title='bbox 4514 2071 4652 2138; x_wconf 85' lang='lat' dir='ltr'>Non</span> 
     </span>
     <span class='ocr_line' id='line_1_68' title="bbox 2712 2154 4656 2241; baseline 0.002 -22"><span class='ocrx_word' id='word_1_450' title='bbox 2712 2154 2825 2220; x_wconf 91' lang='lat' dir='ltr'>diu</span> <span class='ocrx_word' id='word_1_451' title='bbox 2883 2157 3293 2241; x_wconf 89' lang='lat' dir='ltr'>Argentinae</span> <span class='ocrx_word' id='word_1_452' title='bbox 3349 2157 3712 2222; x_wconf 84' lang='lat' dir='ltr'>morabitur</span> <span class='ocrx_word' id='word_1_453' title='bbox 3766 2158 4069 2224; x_wconf 89' lang='lat' dir='ltr'>nuncius.</span> <span class='ocrx_word' id='word_1_454' title='bbox 4157 2155 4355 2224; x_wconf 90' lang='lat' dir='ltr'>Diem</span> <span class='ocrx_word' id='word_1_455' title='bbox 4402 2156 4520 2223; x_wconf 90' lang='lat' dir='ltr'>tibi</span> <span class='ocrx_word' id='word_1_456' title='bbox 4563 2158 4656 2223; x_wconf 91' lang='lat' dir='ltr'>in·</span> 
     </span>
     <span class='ocr_line' id='line_1_69' title="bbox 2711 2240 4654 2326; baseline 0.001 -20"><span class='ocrx_word' id='word_1_457' title='bbox 2711 2240 2954 2308; x_wconf 85' lang='lat' dir='ltr'>dicabit</span> <span class='ocrx_word' id='word_1_458' title='bbox 3010 2263 3136 2326; x_wconf 93' lang='lat' dir='ltr'>quo</span> <span class='ocrx_word' id='word_1_459' title='bbox 3191 2243 3326 2308; x_wconf 91' lang='lat' dir='ltr'>sint</span> <span class='ocrx_word' id='word_1_460' title='bbox 3382 2249 3650 2326; x_wconf 85' lang='lat' dir='ltr'>paratae</span> <span class='ocrx_word' id='word_1_461' title='bbox 3704 2242 3951 2310; x_wconf 89' lang='lat' dir='ltr'>literae.</span> <span class='ocrx_word' id='word_1_462' title='bbox 4054 2241 4259 2324; x_wconf 84' lang='lat' dir='ltr'>Vale,</span> <span class='ocrx_word' id='word_1_463' title='bbox 4328 2245 4539 2310; x_wconf 81' lang='lat' dir='ltr'>frater</span> <span class='ocrx_word' id='word_1_464' title='bbox 4592 2244 4654 2308; x_wconf 88' lang='lat' dir='ltr'>in</span> 
     </span>
     <span class='ocr_line' id='line_1_70' title="bbox 2709 2327 4655 2412; baseline 0.002 -20"><span class='ocrx_word' id='word_1_465' title='bbox 2709 2327 2997 2392; x_wconf 93' lang='lat' dir='ltr'>Domino</span> <span class='ocrx_word' id='word_1_466' title='bbox 3050 2328 3407 2412; x_wconf 87' lang='lat' dir='ltr'>plurimum</span> <span class='ocrx_word' id='word_1_467' title='bbox 3472 2327 3894 2395; x_wconf 86' lang='lat' dir='ltr'>observande.</span> <span class='ocrx_word' id='word_1_468' title='bbox 3985 2329 4314 2395; x_wconf 92' lang='lat' dir='ltr'>Dominus</span> <span class='ocrx_word' id='word_1_469' title='bbox 4380 2339 4451 2395; x_wconf 86' lang='lat' dir='ltr'>te</span> <span class='ocrx_word' id='word_1_470' title='bbox 4516 2351 4655 2396; x_wconf 90' lang='lat' dir='ltr'>cum</span> 
     </span>
     <span class='ocr_line' id='line_1_71' title="bbox 2709 2411 4654 2500; baseline 0.002 -24"><span class='ocrx_word' id='word_1_471' title='bbox 2709 2433 2913 2479; x_wconf 82' lang='lat' dir='ltr'>uxore</span> <span class='ocrx_word' id='word_1_472' title='bbox 2971 2411 3039 2478; x_wconf 79' lang='lat' dir='ltr'>et</span> <span class='ocrx_word' id='word_1_473' title='bbox 3095 2412 3346 2478; x_wconf 87' lang='lat' dir='ltr'>familia</span> <span class='ocrx_word' id='word_1_474' title='bbox 3403 2425 3757 2482; x_wconf 85' lang='lat' dir='ltr'>conservet.</span> <span class='ocrx_word' id='word_1_475' title='bbox 3857 2413 4169 2482; x_wconf 81' lang='lat' dir='ltr'>Genevae</span> <span class='ocrx_word' id='word_1_476' title='bbox 4238 2419 4327 2481; x_wconf 89' lang='grc'>17.</span> <span class='ocrx_word' id='word_1_477' title='bbox 4375 2419 4654 2500; x_wconf 81' lang='lat' dir='ltr'>August.</span> 
     </span>
    </p>
   </div>
   <div class='ocr_carea' id='block_1_18' title="bbox 3634 2550 4496 2619">
    <p class='ocr_par' dir='ltr' id='par_1_20' title="bbox 3634 2550 4496 2619">
     <span class='ocr_line' id='line_1_72' title="bbox 3634 2550 4496 2619; baseline 0.003 -5"><span class='ocrx_word' id='word_1_478' title='bbox 3634 2550 3915 2618; x_wconf 87' lang='lat' dir='ltr'>Ioannes</span> <span class='ocrx_word' id='word_1_479' title='bbox 3952 2551 4274 2619; x_wconf 79' lang='lat' dir='ltr'>Calvinus</span> <span class='ocrx_word' id='word_1_480' title='bbox 4318 2561 4496 2619; x_wconf 88' lang='lat' dir='ltr'>tuus.</span> 
     </span>
    </p>
   </div>
   <div class='ocr_carea' id='block_1_19' title="bbox 3467 2843 3876 2854">
    <p class='ocr_par' dir='ltr' id='par_1_21' title="bbox 3467 2843 3876 2854">
     <span class='ocr_line' id='line_1_73' title="bbox 3467 2843 3876 2854; baseline 0.007 -3"><span class='ocrx_word' id='word_1_481' title='bbox 3467 2843 3876 2854; x_wconf 71' lang='lat'>-—-—-—.——-—-—-</span> 
     </span>
    </p>
   </div>
   <div class='ocr_carea' id='block_1_20' title="bbox 3241 3062 4127 3286">
    <p class='ocr_par' dir='ltr' id='par_1_22' title="bbox 3241 3062 4127 3286">
     <span class='ocr_line' id='line_1_74' title="bbox 3609 3062 3762 3136; baseline 0.02 -3"><span class='ocrx_word' id='word_1_482' title='bbox 3609 3062 3762 3136; x_wconf 73' lang='lat'>820.</span> 
     </span>
     <span class='ocr_line' id='line_1_75' title="bbox 3241 3217 4127 3286; baseline 0.002 -2"><span class='ocrx_word' id='word_1_483' title='bbox 3241 3217 3712 3286; x_wconf 79' lang='lat' dir='ltr'><strong>GALVINUS</strong></span> <span class='ocrx_word' id='word_1_484' title='bbox 3758 3219 4127 3286; x_wconf 74' lang='lat' dir='ltr'>VIRE&#39;I&#39;O.</span> 
     </span>
    </p>
   </div>
   <div class='ocr_carea' id='block_1_21' title="bbox 2707 3386 4659 3727">
    <p class='ocr_par' dir='ltr' id='par_1_23' title="bbox 2707 3386 4659 3727">
     <span class='ocr_line' id='line_1_76' title="bbox 2885 3386 4659 3476; baseline 0.005 -24"><span class='ocrx_word' id='word_1_485' title='bbox 2885 3386 3220 3453; x_wconf 74' lang='lat' dir='ltr'>Sulzerum</span> <span class='ocrx_word' id='word_1_486' title='bbox 3251 3389 3529 3454; x_wconf 74' lang='lat' dir='ltr'>salutari</span> <span class='ocrx_word' id='word_1_487' title='bbox 3568 3390 3734 3457; x_wconf 69' lang='lat' dir='ltr'>iubet</span> <span class='ocrx_word' id='word_1_488' title='bbox 3774 3392 3956 3457; x_wconf 77' lang='lat' dir='ltr'>cuius</span> <span class='ocrx_word' id='word_1_489' title='bbox 3997 3393 4320 3475; x_wconf 69' lang='lat' dir='ltr'>epistolam</span> <span class='ocrx_word' id='word_1_490' title='bbox 4361 3395 4490 3460; x_wconf 71' lang='lat' dir='ltr'>sib-i</span> <span class='ocrx_word' id='word_1_491' title='bbox 4523 3395 4659 3476; x_wconf 77' lang='lat' dir='ltr'>pla·</span> 
     </span>
     <span class='ocr_line' id='line_1_77' title="bbox 2707 3474 4658 3561; baseline 0.003 -23"><span class='ocrx_word' id='word_1_492' title='bbox 2707 3474 2908 3539; x_wconf 78' lang='lat' dir='ltr'>cuisse</span> <span class='ocrx_word' id='word_1_493' title='bbox 2949 3478 3221 3539; x_wconf 71' lang='lat' dir='ltr'>testatur.</span> <span class='ocrx_word' id='word_1_494' title='bbox 3296 3474 3461 3540; x_wconf 61' lang='lat' dir='ltr'>Petit</span> <span class='ocrx_word' id='word_1_495' title='bbox 3498 3482 3570 3540; x_wconf 78' lang='lat' dir='ltr'>ut</span> <span class='ocrx_word' id='word_1_496' title='bbox 3612 3497 3769 3558; x_wconf 73' lang='lat' dir='ltr'>opus</span> <span class='ocrx_word' id='word_1_497' title='bbox 3813 3479 4022 3559; x_wconf 76' lang='lat' dir='ltr'>amici,</span> <span class='ocrx_word' id='word_1_498' title='bbox 4069 3485 4398 3561; x_wconf 72' lang='lat' dir='ltr'>antequam</span> <span class='ocrx_word' id='word_1_499' title='bbox 4441 3482 4658 3547; x_wconf 67' lang='lat' dir='ltr'>emcudi</span> 
     </span>
     <span class='ocr_line' id='line_1_78' title="bbox 2708 3560 4655 3727; baseline 0.004 -102"><span class='ocrx_word' id='word_1_500' title='bbox 2708 3560 3346 3727; x_wconf 46' lang='lat' dir='ltr'>imipiagbgunfflm</span> <span class='ocrx_word' id='word_1_501' title='bbox 3386 3561 3765 3645; x_wconf 67' lang='lat' dir='ltr'>typoyrapho</span> <span class='ocrx_word' id='word_1_502' title='bbox 3806 3565 4112 3630; x_wconf 76' lang='lat' dir='ltr'>tradatur.</span> <span class='ocrx_word' id='word_1_503' title='bbox 4189 3564 4482 3632; x_wconf 75' lang='lat' dir='ltr'>Macrini</span> <span class='ocrx_word' id='word_1_504' title='bbox 4521 3567 4655 3648; x_wconf 73' lang='lat' dir='ltr'>filia</span> 
     </span>
    </p>
   </div>
   <div class='ocr_carea' id='block_1_22' title="bbox 2707 3815 4653 4026">
    <p class='ocr_par' dir='ltr' id='par_1_24' title="bbox 2707 3815 4653 4026">
     <span class='ocr_line' id='line_1_79' title="bbox 2710 3815 4569 3896; baseline 0.004 -25"><span class='ocrx_word' id='word_1_505' title='bbox 2710 3817 2821 3883; x_wconf 76' lang='lat' dir='ltr'>(Ex</span> <span class='ocrx_word' id='word_1_506' title='bbox 2856 3815 3194 3896; x_wconf 82' lang='lat' dir='ltr'>autographo</span> <span class='ocrx_word' id='word_1_507' title='bbox 3241 3815 3371 3871; x_wconf 90' lang='lat' dir='ltr'>Ood.</span> <span class='ocrx_word' id='word_1_508' title='bbox 3407 3816 3610 3872; x_wconf 67' lang='lat' dir='ltr'>Gener.</span> <span class='ocrx_word' id='word_1_509' title='bbox 3650 3818 3764 3884; x_wconf 88' lang='grc'><strong>106,</strong></span> <span class='ocrx_word' id='word_1_510' title='bbox 3812 3821 3906 3875; x_wconf 79' lang='lat' dir='ltr'>fol.</span> <span class='ocrx_word' id='word_1_511' title='bbox 3946 3819 4061 3874; x_wconf 88' lang='grc'><strong>171.</strong></span> <span class='ocrx_word' id='word_1_512' title='bbox 4112 3849 4175 3860; x_wconf 91' lang='lat'>-—</span> <span class='ocrx_word' id='word_1_513' title='bbox 4212 3823 4481 3892; x_wconf 81' lang='lat' dir='ltr'>Reperioa</span> <span class='ocrx_word' id='word_1_514' title='bbox 4516 3825 4569 3878; x_wconf 79' lang='lat' dir='ltr'>A</span> 
     </span>
     <span class='ocr_line' id='line_1_80' title="bbox 2707 3885 4653 3957; baseline 0.004 -18"><span class='ocrx_word' id='word_1_515' title='bbox 2707 3885 2916 3957; x_wconf 84' lang='lat' dir='ltr'>grapba</span> <span class='ocrx_word' id='word_1_516' title='bbox 2949 3885 3231 3939; x_wconf 78' lang='lat' dir='ltr'>Ionvillaei</span> <span class='ocrx_word' id='word_1_517' title='bbox 3270 3885 3400 3940; x_wconf 85' lang='lat' dir='ltr'>Ood.</span> <span class='ocrx_word' id='word_1_518' title='bbox 3438 3886 3605 3953; x_wconf 74' lang='lat'>111⁸,</span> <span class='ocrx_word' id='word_1_519' title='bbox 3644 3888 3734 3941; x_wconf 83' lang='lat' dir='ltr'>fol.</span> <span class='ocrx_word' id='word_1_520' title='bbox 3774 3887 3805 3942; x_wconf 90' lang='grc'><strong>7</strong></span> <span class='ocrx_word' id='word_1_521' title='bbox 3841 3908 3912 3956; x_wconf 87' lang='lat' dir='ltr'>v.,</span> <span class='ocrx_word' id='word_1_522' title='bbox 3950 3890 4227 3945; x_wconf 84' lang='lat' dir='ltr'>Turretini</span> <span class='ocrx_word' id='word_1_523' title='bbox 4261 3890 4391 3946; x_wconf 86' lang='lat' dir='ltr'>Ood.</span> <span class='ocrx_word' id='word_1_524' title='bbox 4416 3892 4539 3957; x_wconf 86' lang='lat'>111,</span> <span class='ocrx_word' id='word_1_525' title='bbox 4589 3893 4653 3947; x_wconf 89' lang='lat' dir='ltr'>ol.</span> 
     </span>
     <span class='ocr_line' id='line_1_81' title="bbox 2897 3952 4455 4026; baseline 0.004 -20"><span class='ocrx_word' id='word_1_526' title='bbox 2897 3952 3012 4021; x_wconf 80' lang='lat'>147,</span> <span class='ocrx_word' id='word_1_527' title='bbox 3050 3953 3324 4009; x_wconf 73' lang='lat' dir='ltr'>Bel-nense</span> <span class='ocrx_word' id='word_1_528' title='bbox 3359 3954 3499 4026; x_wconf 83' lang='lat' dir='ltr'>Epp.</span> <span class='ocrx_word' id='word_1_529' title='bbox 3537 3955 3662 4010; x_wconf 85' lang='lat' dir='ltr'>V11.</span> <span class='ocrx_word' id='word_1_530' title='bbox 3698 3955 3798 4011; x_wconf 86' lang='grc'>773</span> <span class='ocrx_word' id='word_1_531' title='bbox 3835 3964 3893 4013; x_wconf 81' lang='lat' dir='ltr'>et</span> <span class='ocrx_word' id='word_1_532' title='bbox 3927 3958 4142 4013; x_wconf 86' lang='lat' dir='ltr'>Simleri</span> <span class='ocrx_word' id='word_1_533' title='bbox 4183 3960 4306 4015; x_wconf 86' lang='lat' dir='ltr'>Vol.</span> <span class='ocrx_word' id='word_1_534' title='bbox 4343 3958 4455 4024; x_wconf 88' lang='grc'><strong>61.)</strong></span> 
     </span>
    </p>
   </div>
   <div class='ocr_carea' id='block_1_23' title="bbox 2705 4142 4655 4400">
    <p class='ocr_par' dir='ltr' id='par_1_25' title="bbox 2705 4142 4655 4400">
     <span class='ocr_line' id='line_1_82' title="bbox 2705 4142 4655 4216; baseline 0.003 -9"><span class='ocrx_word' id='word_1_535' title='bbox 2705 4142 2920 4209; x_wconf 83' lang='lat' dir='ltr'>Fideli</span> <span class='ocrx_word' id='word_1_536' title='bbox 2964 4143 3239 4208; x_wconf 89' lang='lat' dir='ltr'>Domini</span> <span class='ocrx_word' id='word_1_537' title='bbox 3295 4145 3505 4210; x_wconf 85' lang='lat' dir='ltr'>nostri</span> <span class='ocrx_word' id='word_1_538' title='bbox 3548 4145 3699 4212; x_wconf 90' lang='lat' dir='ltr'>Iesu</span> <span class='ocrx_word' id='word_1_539' title='bbox 3748 4145 3997 4214; x_wconf 78' lang='lat' dir='ltr'>Christi</span> <span class='ocrx_word' id='word_1_540' title='bbox 4057 4169 4250 4215; x_wconf 81' lang='lat' dir='ltr'>servo</span> <span class='ocrx_word' id='word_1_541' title='bbox 4291 4150 4497 4216; x_wconf 84' lang='lat' dir='ltr'>Petro</span> <span class='ocrx_word' id='word_1_542' title='bbox 4543 4149 4655 4213; x_wconf 87' lang='lat' dir='ltr'>Vi·</span> 
     </span>
     <span class='ocr_line' id='line_1_83' title="bbox 2813 4230 4652 4320; baseline 0.003 -26"><span class='ocrx_word' id='word_1_543' title='bbox 2813 4275 2822 4283; x_wconf 84' lang='lat'><strong>·</strong></span> <span class='ocrx_word' id='word_1_544' title='bbox 2875 4238 3019 4295; x_wconf 87' lang='lat' dir='ltr'>reto</span> <span class='ocrx_word' id='word_1_545' title='bbox 3043 4230 3541 4297; x_wconf 86' lang='lat' dir='ltr'>Lausannensis</span> <span class='ocrx_word' id='word_1_546' title='bbox 3577 4230 3886 4299; x_wconf 87' lang='lat' dir='ltr'>eeclesiae</span> <span class='ocrx_word' id='word_1_547' title='bbox 3908 4236 4156 4317; x_wconf 83' lang='lat' dir='ltr'>pastori</span> <span class='ocrx_word' id='word_1_548' title='bbox 4176 4234 4363 4302; x_wconf 86' lang='lat' dir='ltr'>fratri</span> <span class='ocrx_word' id='word_1_549' title='bbox 4386 4242 4455 4302; x_wconf 89' lang='lat' dir='ltr'>et</span> <span class='ocrx_word' id='word_1_550' title='bbox 4478 4255 4652 4320; x_wconf 87' lang='lat' dir='ltr'>sym·</span> 
     </span>
     <span class='ocr_line' id='line_1_84' title="bbox 2877 4317 3525 4400; baseline 0.002 -20"><span class='ocrx_word' id='word_1_551' title='bbox 2877 4324 3131 4400; x_wconf 81' lang='lat' dir='ltr'>mystae</span> <span class='ocrx_word' id='word_1_552' title='bbox 3173 4317 3525 4383; x_wconf 88' lang='lat' dir='ltr'>carissimo.</span> 
     </span>
    </p>
   </div>
   <div class='ocr_carea' id='block_1_24' title="bbox 2706 4450 4651 5139">
    <p class='ocr_par' dir='ltr' id='par_1_26' title="bbox 2706 4450 4651 5139">
     <span class='ocr_line' id='line_1_85' title="bbox 2879 4450 4648 4541; baseline 0.003 -24"><span class='ocrx_word' id='word_1_553' title='bbox 2879 4450 2949 4517; x_wconf 83' lang='lat' dir='ltr'>S.</span> <span class='ocrx_word' id='word_1_554' title='bbox 3002 4451 3254 4519; x_wconf 67' lang='lat' dir='ltr'>Sulzeri</span> <span class='ocrx_word' id='word_1_555' title='bbox 3288 4455 3580 4538; x_wconf 86' lang='lat' dir='ltr'>epistola,</span> <span class='ocrx_word' id='word_1_556' title='bbox 3626 4454 3795 4538; x_wconf 91' lang='lat' dir='ltr'>quod</span> <span class='ocrx_word' id='word_1_557' title='bbox 3830 4477 3961 4521; x_wconf 92' lang='lat' dir='ltr'>non</span> <span class='ocrx_word' id='word_1_558' title='bbox 4009 4476 4443 4541; x_wconf 75' lang='lat' dir='ltr'>speraveram,</span> <span class='ocrx_word' id='word_1_559' title='bbox 4494 4458 4648 4524; x_wconf 90' lang='lat' dir='ltr'>mihi</span> 
     </span>
     <span class='ocr_line' id='line_1_86' title="bbox 2709 4536 4651 4622; baseline 0.004 -21"><span class='ocrx_word' id='word_1_560' title='bbox 2709 4537 2967 4621; x_wconf 88' lang='lat' dir='ltr'>placuit.</span> <span class='ocrx_word' id='word_1_561' title='bbox 3058 4536 3171 4604; x_wconf 78' lang='lat' dir='ltr'>Sic</span> <span class='ocrx_word' id='word_1_562' title='bbox 3225 4541 3401 4604; x_wconf 89' lang='lat' dir='ltr'>enim</span> <span class='ocrx_word' id='word_1_563' title='bbox 3458 4540 3718 4622; x_wconf 89' lang='lat' dir='ltr'>penitus</span> <span class='ocrx_word' id='word_1_564' title='bbox 3777 4561 3816 4606; x_wconf 89' lang='lat' dir='ltr'>a</span> <span class='ocrx_word' id='word_1_565' title='bbox 3867 4562 3939 4607; x_wconf 92' lang='lat' dir='ltr'>se</span> <span class='ocrx_word' id='word_1_566' title='bbox 3991 4543 4310 4609; x_wconf 81' lang='lat' dir='ltr'>alienavit</span> <span class='ocrx_word' id='word_1_567' title='bbox 4364 4545 4651 4610; x_wconf 87' lang='lat' dir='ltr'>animum</span> 
     </span>
     <span class='ocr_line' id='line_1_87' title="bbox 2708 4627 4649 4710; baseline 0.003 -23"><span class='ocrx_word' id='word_1_568' title='bbox 2708 4644 2961 4703; x_wconf 90' lang='lat' dir='ltr'>meum,</span> <span class='ocrx_word' id='word_1_569' title='bbox 3028 4633 3105 4688; x_wconf 90' lang='lat' dir='ltr'>ut</span> <span class='ocrx_word' id='word_1_570' title='bbox 3169 4633 3526 4690; x_wconf 85' lang='lat' dir='ltr'>statuerem</span> <span class='ocrx_word' id='word_1_571' title='bbox 3591 4627 3925 4710; x_wconf 89' lang='lat' dir='ltr'>ingratum</span> <span class='ocrx_word' id='word_1_572' title='bbox 3994 4628 4156 4694; x_wconf 91' lang='lat' dir='ltr'>mihi</span> <span class='ocrx_word' id='word_1_573' title='bbox 4227 4651 4370 4697; x_wconf 86' lang='lat' dir='ltr'>esse</span> <span class='ocrx_word' id='word_1_574' title='bbox 4421 4628 4649 4695; x_wconf 87' lang='lat' dir='ltr'>debere</span> 
     </span>
     <span class='ocr_line' id='line_1_88' title="bbox 2707 4708 4649 4798; baseline 0.005 -25"><span class='ocrx_word' id='word_1_575' title='bbox 2707 4708 3023 4794; x_wconf 90' lang='lat' dir='ltr'>quidquid</span> <span class='ocrx_word' id='word_1_576' title='bbox 3067 4710 3149 4775; x_wconf 88' lang='lat' dir='ltr'>ab</span> <span class='ocrx_word' id='word_1_577' title='bbox 3193 4731 3267 4775; x_wconf 90' lang='lat' dir='ltr'>eo</span> <span class='ocrx_word' id='word_1_578' title='bbox 3312 4712 3551 4794; x_wconf 24' lang='lat' dir='ltr'>exiret,</span> <span class='ocrx_word' id='word_1_579' title='bbox 3625 4712 3821 4779; x_wconf 88' lang='lat' dir='ltr'>Nunc</span> <span class='ocrx_word' id='word_1_580' title='bbox 3863 4714 4114 4798; x_wconf 85' lang='lat' dir='ltr'>gaudeo</span> <span class='ocrx_word' id='word_1_581' title='bbox 4149 4736 4255 4782; x_wconf 91' lang='lat' dir='ltr'>me</span> <span class='ocrx_word' id='word_1_582' title='bbox 4300 4716 4500 4782; x_wconf 85' lang='lat' dir='ltr'>fuisse</span> <span class='ocrx_word' id='word_1_583' title='bbox 4536 4714 4649 4781; x_wconf 77' lang='lat' dir='ltr'>fal·</span> 
     </span>
     <span class='ocr_line' id='line_1_89' title="bbox 2708 4795 4646 4879; baseline 0.003 -19"><span class='ocrx_word' id='word_1_584' title='bbox 2708 4816 2856 4860; x_wconf 91' lang='lat' dir='ltr'>sum</span> <span class='ocrx_word' id='word_1_585' title='bbox 2902 4796 2968 4860; x_wconf 92' lang='lat' dir='ltr'>in</span> <span class='ocrx_word' id='word_1_586' title='bbox 3018 4795 3142 4860; x_wconf 89' lang='lat' dir='ltr'>hac</span> <span class='ocrx_word' id='word_1_587' title='bbox 3185 4796 3477 4878; x_wconf 90' lang='lat' dir='ltr'>epistola.</span> <span class='ocrx_word' id='word_1_588' title='bbox 3589 4795 3813 4879; x_wconf 79' lang='lat' dir='ltr'>Quum</span> <span class='ocrx_word' id='word_1_589' title='bbox 3860 4798 3939 4865; x_wconf 90' lang='lat' dir='ltr'>ad</span> <span class='ocrx_word' id='word_1_590' title='bbox 3987 4800 4175 4866; x_wconf 89' lang='lat' dir='ltr'>illum</span> <span class='ocrx_word' id='word_1_591' title='bbox 4221 4802 4481 4878; x_wconf 87' lang='lat' dir='ltr'>scribes,</span> <span class='ocrx_word' id='word_1_592' title='bbox 4544 4822 4646 4866; x_wconf 82' lang='lat' dir='ltr'>ve·</span> 
     </span>
     <span class='ocr_line' id='line_1_90' title="bbox 2707 4881 4649 4971; baseline 0.003 -26"><span class='ocrx_word' id='word_1_593' title='bbox 2707 4882 2821 4945; x_wconf 91' lang='lat' dir='ltr'>lim</span> <span class='ocrx_word' id='word_1_594' title='bbox 2866 4881 3132 4947; x_wconf 89' lang='lat' dir='ltr'>nomine</span> <span class='ocrx_word' id='word_1_595' title='bbox 3176 4903 3320 4947; x_wconf 89' lang='lat' dir='ltr'>meo</span> <span class='ocrx_word' id='word_1_596' title='bbox 3368 4883 3649 4949; x_wconf 86' lang='lat' dir='ltr'>salutem</span> <span class='ocrx_word' id='word_1_597' title='bbox 3709 4882 4066 4953; x_wconf 86' lang='lat' dir='ltr'>adscribas:</span> <span class='ocrx_word' id='word_1_598' title='bbox 4125 4908 4530 4971; x_wconf 83' lang='lat' dir='ltr'>quanquam,</span> <span class='ocrx_word' id='word_1_599' title='bbox 4580 4898 4649 4950; x_wconf 86' lang='lat' dir='ltr'>ut</span> 
     </span>
     <span class='ocr_line' id='line_1_91' title="bbox 2706 4966 4646 5059; baseline 0.002 -26"><span class='ocrx_word' id='word_1_600' title='bbox 2706 4988 2933 5034; x_wconf 87' lang='lat' dir='ltr'>verum</span> <span class='ocrx_word' id='word_1_601' title='bbox 2980 4966 3207 5045; x_wconf 86' lang='lat' dir='ltr'>fatear,</span> <span class='ocrx_word' id='word_1_602' title='bbox 3255 4966 3534 5034; x_wconf 87' lang='lat' dir='ltr'>multum</span> <span class='ocrx_word' id='word_1_603' title='bbox 3581 4970 3765 5036; x_wconf 86' lang='lat' dir='ltr'>abest</span> <span class='ocrx_word' id='word_1_604' title='bbox 3804 4974 3962 5055; x_wconf 89' lang='lat' dir='ltr'>quin</span> <span class='ocrx_word' id='word_1_605' title='bbox 4009 4972 4105 5037; x_wconf 88' lang='lat' dir='ltr'>illi</span> <span class='ocrx_word' id='word_1_606' title='bbox 4149 4975 4273 5038; x_wconf 89' lang='lat' dir='ltr'>sim</span> <span class='ocrx_word' id='word_1_607' title='bbox 4318 4975 4510 5059; x_wconf 88' lang='lat' dir='ltr'>plane</span> <span class='ocrx_word' id='word_1_608' title='bbox 4554 4992 4646 5036; x_wconf 90' lang='lat' dir='ltr'>re-</span> 
     </span>
     <span class='ocr_line' id='line_1_92' title="bbox 2706 5052 4643 5139; baseline 0.003 -22"><span class='ocrx_word' id='word_1_609' title='bbox 2706 5053 3109 5118; x_wconf 88' lang='lat' dir='ltr'>conciliatus.</span> <span class='ocrx_word' id='word_1_610' title='bbox 3212 5052 3428 5138; x_wconf 87' lang='lat' dir='ltr'>Opus,</span> <span class='ocrx_word' id='word_1_611' title='bbox 3497 5057 3679 5122; x_wconf 87' lang='lat' dir='ltr'>cuius</span> <span class='ocrx_word' id='word_1_612' title='bbox 3752 5057 4014 5123; x_wconf 89' lang='lat' dir='ltr'>initium</span> <span class='ocrx_word' id='word_1_613' title='bbox 4092 5059 4364 5139; x_wconf 84' lang='lat' dir='ltr'>misisti,</span> <span class='ocrx_word' id='word_1_614' title='bbox 4440 5067 4643 5124; x_wconf 86' lang='lat' dir='ltr'>totum</span> 
     </span>
    </p>
   </div>
   <div class='ocr_carea' id='block_1_25' title="bbox 2909 5342 3510 5414">
    <p class='ocr_par' dir='ltr' id='par_1_27' title="bbox 2909 5342 3510 5414">
     <span class='ocr_line' id='line_1_93' title="bbox 2909 5342 3510 5414; baseline 0.005 -17"><span class='ocrx_word' id='word_1_615' title='bbox 2909 5343 2969 5412; x_wconf 79' lang='lat'>2)</span> <span class='ocrx_word' id='word_1_616' title='bbox 3012 5342 3086 5398; x_wconf 80' lang='lat' dir='ltr'>N.</span> <span class='ocrx_word' id='word_1_617' title='bbox 3123 5342 3240 5414; x_wconf 84' lang='lat'>817,</span> <span class='ocrx_word' id='word_1_618' title='bbox 3280 5352 3388 5403; x_wconf 81' lang='lat' dir='ltr'>not.</span> <span class='ocrx_word' id='word_1_619' title='bbox 3426 5344 3510 5400; x_wconf 83' lang='lat'>11.</span> 
     </span>
    </p>
   </div>
   <div class='ocr_carea' id='block_1_26' title="bbox 4787 519 4816 2145">
    <p class='ocr_par' dir='ltr' id='par_1_28' title="bbox 4787 519 4816 2145">
     <span class='ocr_line' id='line_1_94' title="bbox 4787 519 4816 2145; baseline 0 0"><span class='ocrx_word' id='word_1_620' title='bbox 4787 519 4816 2145; x_wconf 95' lang='lat' dir='ltr'> </span> 
     </span>
    </p>
   </div>
   <div class='ocr_carea' id='block_1_27' title="bbox 4770 3502 4778 3623">
    <p class='ocr_par' dir='ltr' id='par_1_29' title="bbox 4770 3502 4778 3623">
     <span class='ocr_line' id='line_1_95' title="bbox 4770 3502 4778 3623; baseline 0 0"><span class='ocrx_word' id='word_1_621' title='bbox 4770 3502 4778 3623; x_wconf 78' lang='grc' dir='ltr'>Ι</span> 
     </span>
    </p>
   </div>
   <div class='ocr_carea' id='block_1_28' title="bbox 4785 3368 4809 3959">
    <p class='ocr_par' dir='ltr' id='par_1_30' title="bbox 4785 3368 4809 3959">
     <span class='ocr_line' id='line_1_96' title="bbox 4785 3368 4809 3959; baseline 0 0"><span class='ocrx_word' id='word_1_622' title='bbox 4785 3368 4809 3959; x_wconf 95' lang='lat' dir='ltr'> </span> 
     </span>
    </p>
   </div>
   <div class='ocr_carea' id='block_1_29' title="bbox 4786 3810 4794 3903">
    <p class='ocr_par' dir='ltr' id='par_1_31' title="bbox 4786 3810 4794 3903">
     <span class='ocr_line' id='line_1_97' title="bbox 4786 3810 4794 3903; baseline 0 0"><span class='ocrx_word' id='word_1_623' title='bbox 4786 3810 4794 3903; x_wconf 56' lang='lat' dir='ltr'>l</span> 
     </span>
    </p>
   </div>
   <div class='ocr_carea' id='block_1_30' title="bbox 4794 4146 4801 4875">
    <p class='ocr_par' dir='ltr' id='par_1_32' title="bbox 4794 4146 4801 4875">
     <span class='ocr_line' id='line_1_98' title="bbox 4794 4146 4801 4875; baseline 0 0"><span class='ocrx_word' id='word_1_624' title='bbox 4794 4146 4801 4875; x_wconf 95' lang='lat' dir='ltr'> </span> 
     </span>
    </p>
   </div>
  </div>
 </body>
</html>
