4825 6175
219 369 318 434 521
1993 369 2155 431 154⁷
2197 364 2393 433 MAI.
4054 371 4178 434 522

215 557 311 624 (Ex
351 553 674 677 autographo
719 554 864 610 Bibl.
920 553 1072 608 civis.
1121 552 1303 608 Turio.
1345 550 1500 608 MSS.
1544 552 1605 605 1¹⁵.
1652 548 1748 618 80,
1808 551 1940 607 olim
1982 551 2128 623 Bpp.

600 640 705 678 om.
743 621 828 686 45,
863 622 956 677 fol.
993 619 1111 677 125.
1150 651 1215 661 -
1251 620 1462 676 Simler.
1499 619 1617 674 Vol.
1653 615 1764 685 64.)

208 793 466 877 Optimis
506 804 574 859 et
613 792 1011 860 fidelissimis
1043 791 1364 858 ministris
1405 790 1676 856 Domini
1717 789 2029 875 Myconio
2064 799 2132 857 et

617 877 893 945 Calvino
937 877 1205 962 collegis
1249 886 1316 943 et
1357 877 1691 942 fratribus.
1911 957 1914 960 Ι

354 1013 654 1081 Gratiam
714 1023 781 1080 et
850 1035 1094 1097 pacem.
1196 1012 1339 1078 Iam
1395 1010 1724 1077 Dominus
1777 1010 2126 1078 admodum

197 1100 525 1166 manifesto
558 1102 747 1184 signo
781 1097 1158 1178 declaravit,
1202 1099 1511 1164 statuisse
1556 1119 1627 1163 se
1670 1098 1975 1164 ecclesias
2008 1118 2128 1163 suo

195 1185 440 1251 brachio
516 1183 871 1252 vindicare.
984 1184 1330 1250 Traditum
1395 1184 1574 1248 enim
1647 1182 1991 1249 Elector-em
2055 1184 2128 1247 in

79 1329 80 1338 ,
191 1293 411 1336 manus
474 1270 903 1355 Imperatoris
957 1269 1093 1335 iam
1153 1280 1221 1334 et
1276 1269 1486 1334 nostri
1545 1268 1854 1335 scribunt.
1947 1267 2127 1349 Quid

77 1381 78 1388 ¹
191 1356 407 1421 Boemi
435 1359 483 1440 ¹)
524 1371 591 1422 et
634 1369 767 1421 tres
809 1355 1042 1438 reliqui
1086 1363 1456 1420 nostrorum
1502 1354 1843 1430 exercitus,
1887 1353 2128 1437 quidve

75 1459 78 1518 ς
192 1441 654 1526 Landtyravius
670 1491 686 1521 ,
735 1443 845 1525 qui
902 1441 1145 1506 iterum
1191 1461 1262 1505 se
1303 1450 1572 1505 strenue
1615 1440 1939 1504 instruere
1983 1460 2124 1504 coe-

73 1535 76 1588 e'
187 1536 364 1610 perat
405 1528 622 1610 equite
665 1537 732 1591 et
835 1525 1040 1604 edite,
1098 1526 1471 1603 moliantur,
1531 1546 1651 1590 nec
1695 1524 1779 1590 ab
1821 1524 2126 1590 adversa-

71 1641 72 1662 1
187 1612 296 1677 riis
359 1612 683 1678 audimus.
852 1612 1111 1678 ominus
1173 1609 1543 1677 consoletur
1603 1620 1844 1693 captos.
1934 1610 2127 1674 Beati

183 1706 330 1764 sunt
388 1699 505 1781 qui
559 1695 935 1764 ceciderunt
990 1698 1058 1761 in
1116 1697 1421 1762 Domine.
1521 1695 1715 1762 Nunc
1772 1695 2126 1780 placebunt

182 1783 297 1848 sibi
331 1784 448 1866 qui
483 1793 881 1849 censuerunt
915 1803 1100 1847 arma
1131 1782 1204 1846 in
1238 1792 1530 1865 tempore
1570 1779 1911 1864 deponere.
1959 1779 2125 1847 Gra-

179 1869 265 1933 tia
305 1877 375 1933 et
416 1868 630 1953 gloria
671 1869 758 1932 sit
800 1867 1108 1946 Domino,
1153 1869 1338 1934 cuius
1383 1868 1604 1932 omnia
1657 1868 1896 1934 iudicia
1951 1868 2125 1932 iusta

178 1965 330 2019 sunt
373 1963 444 2017 et
486 1954 602 2037 qui
642 1952 1060 2020 credentibus
1103 1952 1228 2018 sibi
1261 1952 1423 2018 facit
1465 1953 1627 2017 mori
1671 1952 1931 2019 lucrum
1981 1972 2123 2018 esse

173 2050 237 2104 et
274 2039 563 2123 gloriam
603 2059 791 2106 suam
825 2047 1049 2104 tamen
1083 2039 1488 2105 antichristis
1522 2059 1655 2103 non
1690 2036 1887 2104 dabit.
1953 2037 2121 2104 Fra-

172 2135 269 2189 ter
310 2123 646 2204 EledoriS,
690 2144 860 2189 uxor
903 2132 970 2188 et
1025 2124 1216 2189 liberi
1267 2124 1503 2207 reliqui
1562 2125 1747 2204 (nam
1791 2123 2122 2208 primoge-

166 2211 383 2275 nitum
445 2212 638 2275 aiunt
694 2208 1030 2286 cecidisse)
1075 2210 1596 2293 Wittempergae
1647 2221 1822 2288 sunt,
1839 2211 1898 2292 2)
1955 2228 2122 2292 quae

167 2305 542 2361 commeatu
599 2305 667 2361 et
716 2293 1045 2379 praesidio
1100 2293 1338 2359 dicitur
1390 2293 1590 2377 probe
1648 2315 1789 2360 esse
1841 2294 2117 2359 munita.

166 2380 484 2447 Christus
542 2401 674 2465 pax
730 2389 954 2446 nostra
1002 2380 1115 2445 det
1167 2379 1353 2445 nobis
1409 2400 1760 2463 agnoscere
1812 2399 2007 2463 quam
2049 2380 2121 2443 in

161 2467 302 2550 ipso
349 2466 679 2533 habemus
724 2485 982 2549 pacem:
1049 2466 1144 2531 sic
1198 2466 1379 2530 nulla
1434 2464 1621 2531 nobis
1674 2464 1902 2530 mundi
1946 2486 2124 2549 pres-

160 2573 318 2618 sura
364 2572 504 2616 non
551 2550 926 2630 tolerabilis,
972 2571 1047 2616 ac
1082 2552 1280 2616 etiam
1323 2552 1581 2617 lucrosa
1622 2551 1763 2617 erit.
1853 2547 2121 2634 Optime

155 2639 379 2704 valete
421 2637 501 2702 in
546 2638 847 2704 Domino.
937 2637 1027 2701 Et
1071 2646 1165 2715 te,
1223 2636 1505 2720 Myconi,
1566 2657 1750 2721 rogo,
1810 2635 2119 2701 schedam

155 2724 462 2791 iunctam
506 2741 657 2787 cum
692 2723 992 2805 exemplo
1031 2722 1372 2787 literarum
1415 2721 1651 2790 harum
1695 2722 1885 2786 mitte
1919 2742 2120 2804 quum

150 2817 343 2892 potes
429 2806 518 2874 ad
588 2808 942 2874 Sameram
959 2858 973 2886 ,
1041 2817 1106 2872 et
1168 2808 1385 2872 saluta
1446 2827 1716 2872 uxorem
1733 2858 1750 2882 ,
1816 2806 2118 2889 collegas,

151 2894 611 2980 Dryandrum,
656 2915 733 2960 ac
776 2893 1039 2959 domum
1076 2900 1284 2958 totam
1324 2892 1622 2976 Grymei.
1689 2894 1775 2975 xj.
1822 2891 2004 2956 Maii.

1069 3404 1220 3475 9⁰7.

702 3498 1179 3625 OALvas
1219 3553 1584 3622 VIRE'I'O.

327 3729 516 3813 Quid
556 3729 627 3793 in
669 3746 865 3794 causa
910 3725 1198 3793 Sonuerii
1239 3732 1442 3794 actum
1484 3728 1572 3794 sit
1613 3727 1879 3809 exponit.

131 3902 323 3966 (Anto
482 3899 594 3952 hon
629 3900 749 3954 'non
803 3902 995 3952 exstat.
1063 3898 1209 3951 Besa
1251 3898 1425 3950 edidit
1468 3895 1672 3952 Gener.
1751 3937 1764 3950 .
1800 3895 1920 3963 369,
1954 3897 2114 3953 Laus.

130 3986 186 4038 p.
229 3917 627 4049 llefflanov.
663 3985 716 4037 p.
754 3965 873 4038 165,
909 3966 1117 4021 Chouet
1134 3963 1324 4036 p,507,
1357 3963 1697 4047 &mean-28
1735 4004 1747 4017 .
1799 3965 1962 4019 Cuius
1995 3972 2116 4021 tex-

129 4043 258 4093 tum
316 4037 663 4093 contulimus
726 4052 847 4090 cum
897 4052 943 4155 1⁵
968 4034 1554 4171 longrtftglboannfillaei
1609 4052 1667 4087 m
1720 4032 1850 4087 Ood.
1910 4034 2115 4090 Genev.

317 4277 420 4343 In
495 4294 693 4341 causa
750 4272 1041 4341 Sonnem’
1064 4277 1110 4351 ¹)
1180 4272 1304 4339 feci
1370 4282 1686 4356 quantum
1752 4273 1915 4341 fides
1979 4275 2113 4358 pri-

122 4384 331 4430 mum
407 4380 592 4439 mea,
672 4357 911 4425 deinde
973 4359 1183 4443 pudor
1245 4358 1441 4423 etiam
1506 4359 1779 4424 sinebat.
1890 4359 2113 4441 Quum

117 4470 340 4516 nemo
410 4452 593 4513 esset
647 4445 928 4511 fratrum
986 4445 1093 4511 cui
1146 4464 1279 4510 non
1335 4445 1637 4510 venirent
1692 4445 1765 4508 in
1821 4456 2112 4513 mentem

120 4535 390 4602 eadem
440 4531 560 4597 illa
598 4531 840 4609 omnia,
885 4551 1050 4614 quae
1091 4551 1212 4595 nos
1242 4528 1342 4594 illi
1383 4530 1848 4608 obieceramus,
1892 4533 2113 4597 visum

114 4630 232 4688 est
278 4625 568 4685 maturo
607 4636 964 4683 occurrere.
1038 4617 1256 4699 Atque
1296 4623 1374 4681 ut
1406 4615 1555 4699 plus
1591 4614 1960 4681 autoritatis
1995 4617 2114 4682 ha·

148 4877 326 4935 006.
375 4873 446 4939 1)
484 4872 620 4929 Pon
653 4872 1018 4927 deosne-om
1052 4876 1104 4926 et
1136 4871 1198 4925 he·
1229 4885 1286 4925 se
1319 4870 1647 4925 dediderunt
1683 4869 1930 4939 Caesari,
1959 4868 2113 4925 Has-

112 4963 223 5003 sus
260 4949 417 5002 itm
453 4956 633 4996 mense
669 4940 836 4995 lunio
871 4956 929 4994 se
960 4940 1223 4996 submisit.

355 5011 399 5066 2
471 5010 681 5066 Fadum
723 5005 2114 5077 Ezeeboriaethproeliocecidssse,falsusemtru·

107 5101 266 5141 mor.
448 5080 747 5148 &unberga
779 5083 843 5132 in
887 5077 1212 5132 deditionem
1248 5077 1396 5130 venit
1438 5082 1489 5130 et
1535 5077 1677 5158 ipsa,
1719 5074 1995 5130 Mauricio
2023 5076 2113 5140 fa-

107 5155 332 5210 maiae
377 5147 661 5203 Elem
707 5162 954 5202 annuum
988 5146 1223 5200 reditum
1256 5146 1660 5214 quinquaqmta
1693 5145 1922 5199 millium
1960 5144 2115 5211 flore-

103 5221 1086 5353 ”fflss'wffi’eoeuma
1122 5279 1734 5348 mmmmm.

2230 552 2416 619 beret
2457 573 2608 619 mea
2648 554 2873 630 oratio,
2919 552 3142 621 literas
3183 555 3381 620 etiam
3424 563 3571 620 tuas
3613 555 3899 620 recitavi.
3976 554 4180 622 Olau-

2231 639 2375 705 sula
2416 639 2580 707 haec
2622 640 2775 705 fuit-t
2822 639 2974 721 quia
3016 662 3220 705 unum
3263 641 3385 706 hoc
3426 640 3785 706 remedium
3832 642 4180 723 perspicie-

2232 723 2379 790 bam
2403 776 2418 803 ,
2476 746 2563 790 ne
2620 726 2824 790 stater
2880 726 2992 807 qui
3035 725 3359 792 hactenus
3401 739 3666 791 strenue
3707 726 4070 791 laborasset
4107 728 4180 791 in

2230 810 2431 876 vinea
2472 810 2762 884 Domini,
2823 823 2889 872 et
2932 810 3287 876 virtutibus
3330 833 3467 877 non
3509 810 4001 877 contemnendis
4041 813 4181 895 pol-

2232 894 2412 975 leret,
2458 895 2710 961 inutilis
2744 895 2814 959 in
2850 906 3179 978 posterum
3217 895 3629 964 redderetur:
3674 896 3837 961 mihi
3882 918 4017 962 non
4053 898 4181 962 dis-

2229 980 2473 1063 plicere
2518 981 2976 1064 migrationem
3036 1003 3229 1064 quam
3278 980 3554 1066 petebat.
3643 982 3815 1047 Nam
3860 1003 3941 1047 ex
3987 982 4180 1048 malis

2230 1065 2709 1147 compluribus,
2775 1086 2940 1148 quae
3002 1067 3335 1145 timerem,
3417 1067 3540 1134 hoc
3605 1088 3747 1133 esse
3810 1070 4175 1133 minimum.

2228 1152 2587 1233 Postquam
2633 1150 2714 1216 ad
2759 1152 3300 1217 consultationem
3337 1162 3611 1218 ventum
3657 1165 3772 1230 est,
3818 1153 4176 1218 multorum

2230 1257 2599 1302 sermonem
2645 1237 2990 1321 aliquoties
3033 1238 3281 1321 abrupi,
3329 1251 3405 1303 ut
3447 1240 3519 1303 in
3553 1240 3878 1304 mitiorem
3916 1250 4175 1304 senten·

2228 1323 2388 1387 tiam
2437 1344 2692 1405 quoquo
2734 1322 2928 1387 modo
2970 1322 3466 1402 adducerentur.
3534 1323 3667 1390 Sed
3710 1335 3899 1390 erant
3932 1325 4177 1390 firmio-

2229 1429 2355 1485 res,
2400 1427 2598 1491 quam
2644 1417 2718 1473 ut
2758 1409 2933 1473 flecti
2986 1420 3272 1492 possent.
3360 1411 3461 1475 Ac
3517 1432 3599 1475 ne
3655 1408 3814 1492 quid
3869 1411 4176 1475 dissimu-

2229 1492 2379 1570 lem,
2426 1515 2561 1559 non
2604 1515 2813 1576 pauca
2856 1493 2953 1558 illi
2996 1495 3362 1560 obfuerunt.
3432 1496 3898 1561 Necessitatem
3936 1496 4175 1561 consti-

2229 1580 2453 1644 tuebat
2496 1581 2566 1643 in
2611 1588 2824 1645 morte
2867 1582 3090 1646 soceri.
3181 1582 3429 1646 Contra
3479 1580 3866 1647 obiiciebant
3917 1582 4173 1656 fratres,

2227 1666 2393 1729 scire
2441 1685 2512 1730 se
2558 1665 2693 1728 iam
2737 1665 2913 1730 ultra
2945 1686 3210 1743 annum,
3257 1667 3432 1733 hunc
3473 1664 3759 1749 lapidem
3802 1666 4002 1730 fuisse
4036 1686 4175 1731 mo-

2227 1759 2370 1813 tum
2415 1771 2456 1814 a
2502 1750 2820 1816 Sonnem'a
2911 1750 3236 1816 Dicebant
3289 1752 3430 1828 alii,
3497 1774 3647 1818 eum
3703 1773 3835 1816 non
3879 1752 4174 1816 invenire

2227 1843 2342 1900 aut
2377 1836 2646 1915 villicos,
2693 1844 2808 1901 aut
2842 1835 3300 1920 redemptores,
3346 1838 3501 1920 quia
3544 1839 3813 1903 nimium
3863 1838 4172 1921 exigeret.

2227 1919 2480 1986 Omnes
2520 1920 2654 1986 fere
2699 1923 3100 2001 sent-iebant,
3161 1944 3290 1987 non
3339 1922 3701 1988 remedium
3747 1924 3999 2005 quaeri,
4058 1921 4175 1987 sed

2226 2005 2714 2089 compendium,
2777 2028 2903 2091 quo
2959 2030 3028 2072 se
3092 2009 3302 2092 magis
3363 2029 3438 2075 ac
3481 2010 3693 2092 magis
3735 2011 4172 2094 immergeret.

2227 2091 2456 2173 Quum
2501 2092 2785 2158 secundo
2828 2113 2901 2157 ro
2988 2114 3059 2158 re
3118 2095 3483 2159 sententias
3541 2096 3981 2172 instituerem,
4038 2094 4172 2177 pri-

2226 2198 2374 2242 mus
2433 2179 2572 2243 dixi
2626 2198 2841 2242 meam
2925 2178 3098 2260 quod
3141 2201 3274 2245 non
3319 2180 3495 2246 soleo
3537 2179 3779 2263 facere)
3825 2200 3954 2262 qua
3996 2180 4171 2244 nihi-

2225 2262 2512 2328 lominus
2580 2263 2957 2329 Somen‘m
3008 2264 3261 2330 admisi.
3364 2267 3516 2330 Duo
3571 2276 3830 2329 tantum
3886 2265 4170 2344 fuerunt,

2225 2348 2339 2430 qui
2403 2349 2566 2413 mihi
2635 2350 3135 2429 assentirentur,
3208 2350 3540 2417 Gallasius
3594 2363 3661 2415 et
3716 2350 4093 2434 Boryoinua
4112 2352 4171 2433 2)

2225 2432 2475 2500 Decem
2534 2435 2604 2498 in
2662 2435 2995 2517 proposito
3050 2457 3166 2501 suo
3223 2437 3669 2518 perstiterunt.
3768 2435 3875 2500 Ita
3939 2455 4173 2518 passus

2224 2529 2325 2584 est
2366 2519 2718 2601 repulsam.
2806 2519 2983 2601 Quin
3020 2521 3215 2585 etiam
3262 2521 3474 2587 modis
3516 2522 3818 2587 omnibus
3861 2522 4172 2585 resisten-

2225 2617 2358 2669 tem
2416 2626 2523 2670 me
2582 2606 2769 2671 classi
2826 2614 3068 2690 cogunt
3124 2606 3435 2673 scribere:
3502 2628 3652 2671 cum
3709 2605 3903 2672 laude
3946 2615 4173 2671 tamen

2228 2690 2522 2756 Sonnmi
2564 2692 2798 2774 potius,
2844 2712 3039 2774 quam
3086 2691 3224 2757 ulla
3266 2700 3439 2758 nota.
3509 2692 3742 2758 Valuit
3787 2692 3981 2756 etiam
4030 2711 4166 2755 non

2224 2797 2458 2858 parum
2503 2778 2665 2842 haec
2685 2777 2886 2842 ratio:
2933 2774 3105 2859 quod
3139 2777 3526 2845 Ludovicum
3560 2778 3816 2844 duabus
3860 2776 4170 2856 eeclesiis,

2224 2860 2307 2926 ad
2342 2883 2504 2944 quas
2540 2862 2878 2927 traductus
2912 2863 3159 2941 fuisset,
3195 2863 3392 2947 longe
3426 2866 3742 2947 imparem
3777 2862 4168 2928 iudicabant.

2224 2945 2307 3009 In
2353 2968 2429 3011 eo
2471 2946 2636 3012 mihi
2676 2947 2831 3012 fecit
2872 2949 3182 3014 iniuriam
3230 2948 3599 3026 Sonam-ius,
3658 2948 3830 3032 quod
3883 2970 3953 3014 se
3995 2945 4173 3031 apud

2226 3032 2578 3099 nonnullos
2632 3033 3007 3113 iactaverat,
3074 3035 3259 3117 quasi
3323 3034 3492 3100 nihil
3556 3034 3697 3100 fore
3762 3032 4172 3100 difficultatis

2223 3118 2552 3201 pollicitus
2593 3139 2822 3185 essem.
2910 3120 3110 3185 Dixit
3162 3122 3338 3185 enim
3396 3121 3562 3186 mihi
3617 3123 3692 3186 in
3735 3141 3964 3186 aurem
4008 3118 4169 3185 Fer-

2222 3204 2461 3284 reum,
2506 3206 2721 3288 ipsum
2763 3206 2855 3269 ita
2896 3204 3249 3290 gloriatum
3292 3207 3490 3272 fuisse
3505 3257 3520 3284 ,
3578 3208 3731 3288 quia
3781 3207 4169 3288 recepissem

2224 3289 2298 3352 in
2341 3311 2448 3355 me
2491 3311 2660 3356 onus
2698 3288 2902 3356 istud:
2972 3291 3141 3375 quod
3182 3311 3324 3357 esse
3367 3292 3620 3370 falsum,
3664 3293 3805 3374 ipse
3846 3291 4032 3356 testis
4077 3310 4165 3356 es.

2226 3374 2570 3456 Quomodo
2622 3377 2796 3442 enim
2859 3376 3174 3442 fratribus
3238 3378 3341 3442 ius
3403 3397 3599 3443 suum
3659 3396 3736 3442 ac
3798 3376 4169 3442 libertatem

2225 3461 2592 3544 eriperem?
2682 3460 2817 3529 Sed
2874 3459 2995 3527 hoc
3052 3461 3218 3528 leve.
3318 3464 3423 3527 'ru
3480 3463 3831 3539 hominem,
3876 3463 3932 3527 si
3977 3459 4059 3527 ad
4103 3473 4169 3526 te

2222 3549 2512 3626 venerit,
2565 3547 3020 3613 consolaberis.
3122 3547 3374 3613 Iterum
3435 3561 3633 3632 atque
3702 3549 3943 3613 iterum
4002 3547 4166 3623 vale,

2222 3653 2369 3699 cum
2419 3654 2623 3698 uxore
2666 3644 2732 3698 et
2772 3632 3040 3699 familia.
3129 3631 3453 3700 Dominus
3510 3655 3631 3700 vos
3687 3645 4047 3711 conservet,
4092 3651 4169 3696 ac

2222 3728 2410 3801 regat
2454 3719 2685 3801 spiritu
2729 3738 2864 3796 suo,
2912 3719 3144 3784 Amen.
3234 3718 3466 3784 Saluta
3507 3721 3742 3785 fratres
3786 3729 3854 3783 et
3894 3738 4169 3783 uxorem

2221 3802 2587 3954 diligffinter,
2650 3804 2966 3870 Tiliacam
3020 3813 3086 3869 et
3138 3803 3423 3887 reliquos
3464 3805 3724 3871 amicos.
3829 3804 4162 3881 Genevae,

2230 3894 2322 3954 16.
2447 3890 2533 3955 aii
2586 3894 2763 3955 1547.

3145 4028 3437 4092 Ioannes·
3474 4026 3792 4093 Calvinus
3836 4038 4003 4091 tuus.

3121 4537 3278 4609 ⁹⁰8.

2598 4691 2951 4758 GALVIN
2995 4693 3058 4757 A
3100 4693 3192 4758 Μ.
3239 4692 3368 4759 DE
3412 4690 3773 4758 FALAIS.

2391 4862 3041 4947 Rafaitdiliyence
3281 4859 4166 4927 luitrouverunhmmede

2216 4949 2538 5032 eonfiance.
2628 4949 2919 5031 Affaires
2959 4948 3020 5013 d’
3092 4947 3408 5032 llemayne.

2422 5205 2483 5273 2)
2522 5206 2864 5262 Franciseuc
2916 5203 3236 5274 Bourqoinq
3282 5204 3432 5257 sie-u·
3466 5201 3760 5273 &Ammon
3804 5202 3905 5272 qui
3942 5200 4166 5272 saepius

2220 5275 2470 5344 deinceps
2502 5280 2742 5331 ocem-nt
2773 5275 2916 5328 inter
2948 5275 3230 5329 ministros
3267 5270 3618 5329 Genevenm.
