4825 6175
204 415 270 477 ⁹7
1959 423 2121 487 1545
2161 419 2348 490 IUN.
4122 432 4207 497 98

203 601 561 668 damoiselle
576 654 591 681 ‚
647 612 714 668 et
756 624 922 671 vous
964 606 1152 672 avoir
1192 616 1502 690 presente
1544 606 1641 673 les
1683 607 1988 675 humbles
2032 629 2137 675 re-

202 687 746 757 commendatione
780 690 861 756 de
881 712 993 757 ma
1013 692 1269 773 femme,
1306 694 1368 758 ie
1387 714 1553 778 prye
1573 700 1801 760 nostre
1830 694 2139 778 seigneur

200 772 268 837 de
308 795 474 840 vous
516 775 790 841 fortifier
848 784 998 842 tous
1052 777 1225 843 deux
1268 787 1417 844 tant
1458 801 1541 845 en
1585 799 1772 862 corps
1815 799 1990 861 quen
2033 801 2136 845 es-

198 859 420 943 peritz,
476 861 815 927 tellement
862 884 991 946 que
1045 884 1197 930 sans
1252 863 1535 930 defaillir
1577 885 1745 930 nous
1788 866 2137 948 acomplis-

198 945 362 1010 sione
420 956 567 1011 tous
639 948 971 1014 ensemble
1028 949 1091 1014 le
1146 952 1379 1035 voiage
1436 972 1562 1035 que
1616 971 1783 1017 nous
1842 972 2052 1017 avons
2097 973 2138 1017 a

199 1030 366 1095 faire.
459 1031 553 1097 Oe
594 1034 734 1118 xxij
779 1032 861 1100 de
902 1034 1120 1120 Iuing.
1144 1039 1221 1111 ⁸).

354 1151 597 1218 Vostre
640 1154 985 1235 servitem,
1029 1153 1301 1220 humble
1341 1156 1514 1222 frere
1557 1165 1625 1221 et
1667 1155 1877 1221 entier
1920 1178 2070 1241 amy

1447 1276 1658 1342 Iehan
1703 1277 1961 1344 Oalvin.

957 1451 1359 1459 —-————-——-

1090 1617 1244 1690 655.

711 1771 1120 1839 VIRE'PUS
1167 1770 1603 1840 GALVINO.

349 1940 635 2008 Consilia
678 1943 865 2007 varia
907 1949 966 2007 et
1004 1944 1201 2009 dubia
1257 1945 1332 2010 de
1374 1944 1593 2009 itinere
1642 1943 1957 2009 Genevam
1999 1966 2139 2010 ver·

456 2196 565 2264 (Ex
600 2197 939 2267 autographo
974 2197 1109 2253 Ood.
1144 2197 1347 2252 Genev.
1386 2195 1557 2268 111⁸,
1596 2198 1688 2252 fol.
1728 2196 1909 2316 140.)N

345 2351 794 2418 ornatissimo
836 2351 1125 2418 Domino
1167 2352 1405 2418 Ioanni
1441 2350 1720 2418 Calvino
1764 2352 1895 2417 fido
1939 2354 2138 2420 eccle—

190 2439 308 2504 siae
351 2437 775 2518 Genevensis
819 2438 1064 2522 pastori
1109 2439 1298 2504 fratri
1342 2459 1552 2590 quan&
1586 2438 1922 2504 carissimo

1559 2544 1822 2591 enevae.

347 2678 418 2744 S.
500 2678 699 2742 Mitto
744 2676 825 2742 ad
872 2685 939 2741 te
979 2676 1205 2741 literas
1252 2673 1497 2741 Farezli
1521 2675 1566 2756 ¹)
1624 2697 1708 2740 ex
1751 2675 1987 2758 quibus
2030 2677 2134 2742 in-

194 2764 435 2848 telliges
471 2762 633 2847 quid
668 2784 707 2827 a
741 2763 930 2828 nobis
966 2763 1206 2846 exigat.
1290 2761 1418 2829 Ubi
1454 2762 1829 2847 perlegeris,
1876 2763 2136 2829 remitte

192 2871 381 2933 quum
436 2848 643 2915 fidum
704 2857 934 2915 nactus
993 2849 1125 2913 eris
1174 2846 1604 2913 tabellarium.
1685 2847 1899 2914 Audio
1959 2848 2138 2914 hunc

191 2936 362 3002 brevi
405 2936 798 3013 rediturum,
843 2935 946 3001 cui
992 2932 1265 2999 reddere
1300 2935 1545 3016 poteris
1580 2933 1955 3000 referendas
1990 2954 2140 3000 cum

190 3023 331 3102 tuis,
376 3023 436 3089 si
481 3021 642 3106 quid
687 3020 770 3085 ad
814 3042 920 3085 me
964 3020 1317 3103 scripseris.
1379 3020 1661 3084 Animus
1706 3027 1849 3083 erat
1890 3019 1974 3084 ad
2018 3042 2139 3086 vos

190 3109 537 3190 proficisci,
596 3116 673 3172 ut
715 3108 1016 3191 rogabas:
1077 3106 1191 3171 sed
1235 3127 1365 3171 non
1409 3106 1597 3189 potui
1641 3106 1979 3172 ecclesiam
2025 3106 2136 3172 de-

190 3216 435 3275 serere,
479 3195 785 3278 quoniam
834 3192 1046 3258 Comes
1102 3192 1343 3257 aberat.
1436 3190 1568 3273 Qui
1613 3194 1736 3257 etsi
1782 3191 1986 3271 adsit,
2033 3194 2134 3257 in-

191 3279 312 3344 telli
367 3283 422 3347 is
490 3291 714 3345 tamen
794 3300 925 3362 qua
987 3298 1251 3362 premar
1331 3277 1729 3343 difficultate.
1820 3278 2137 3343 Proxima

192 3302 594 3432 hebdomada
635 3365 869 3431 lubens
904 3363 986 3428 ad
1022 3384 1140 3429 vos
1175 3364 1567 3443 accederem,
1614 3362 1727 3429 sed
1771 3366 1897 3430 scis
1940 3384 2135 3446 quam

192 3449 289 3517 hic
329 3452 418 3518 sit
460 3451 728 3517 difficile
770 3471 973 3533 equos
1015 3449 1338 3525 invenire,
1381 3449 1505 3514 hoc
1550 3452 1933 3531 praesertim
1968 3461 2136 3515 tom-

192 3557 354 3619 pore.
444 3537 528 3605 Si
572 3558 779 3621 equus
837 3544 1011 3601 esset
1065 3535 1150 3600 ad
1204 3555 1477 3600 manum
1531 3534 1634 3601 die
1691 3536 1959 3613 Lunae,
2022 3535 2137 3600 ubi

193 3624 357 3689 vices
399 3624 604 3690 huius
648 3619 1073 3689 hebdomadis
1119 3620 1359 3701 obiero,
1403 3622 1574 3687 istuc
1616 3642 1722 3686 me
1756 3622 2137 3705 reciperem,

192 3709 307 3775 nisi
362 3710 549 3776 aliud
603 3708 936 3793 quidpiam
988 3707 1259 3791 gravius
1317 3707 1581 3773 accidat.
1672 3710 1814 3772 Aut
1864 3709 2139 3774 fortasse

189 3794 397 3861 itineri
458 3796 768 3880 accingar
823 3815 972 3860 cum
1022 3792 1244 3859 Roseto
1296 3793 1560 3858 Basilea
1618 3791 1932 3858 redeunte
1948 3796 2033 3875 ²),
2080 3795 2137 3859 si

192 3883 438 3946 venerit
472 3884 544 3947 in
580 3890 891 3963 tempore.
953 3880 1055 3944 'Pu
1091 3880 1346 3944 interea
1387 3878 1631 3943 mittito
1673 3878 1754 3943 ad
1801 3901 1905 3944 me
1948 3901 2137 3946 sanc-

191 3971 319 4030 tum
375 3967 545 4033 illud
593 3966 805 4033 Caroli
863 3987 1026 4048 opus
1046 3966 1102 4048 ⁸)
1155 3973 1231 4029 ut
1284 3984 1665 4047 percurrere
1722 3968 1994 4047 possim,
2055 3986 2139 4030 ne

99 4107 112 4118 .
193 4051 301 4116 soli
335 4054 483 4119 istis
518 4052 833 4119 fruamini
874 4051 1131 4117 delitiis.
1179 4047 1421 4116 Saluta
1457 4053 1716 4130 amicos,
1753 4052 2134 4115 nominatim

192 4157 451 4204 uxorem
499 4160 645 4205 meo
689 4148 755 4203 et
802 4157 985 4202 meae
1029 4136 1328 4214 nomine,
1384 4145 1452 4201 et
1492 4158 1696 4201 novos
1753 4138 2062 4221 coniuges
2080 4142 2139 4214 ⁴)

195 4241 329 4288 cnm
354 4224 615 4290 Davide
649 4233 715 4289 et
751 4224 1015 4306 reliquis
1053 4223 1441 4288 domesticis.
1506 4221 1584 4288 Si
1619 4223 1771 4288 lieet
1805 4245 1921 4287 vos
1957 4223 2138 4289 adire

191 4307 376 4376 latius
419 4310 887 4395 colloquemur.
954 4308 1140 4374 Vale.
1189 4310 1586 4375 Lausannae
1621 4312 1721 4373 23.
1745 4308 1923 4374 Iunii
1955 4313 2136 4374 1545.

1332 4429 1516 4495 Tuus
1558 4428 1637 4493 P.
1675 4427 1964 4495 Viretus.

385 4666 441 4731 3)
481 4670 578 4722 Au
610 4670 709 4724 dos
783 4668 848 4722 de
884 4668 941 4722 la
974 4668 1125 4722 main
1160 4667 1227 4722 de
1268 4667 1345 4721 M.
1384 4667 1448 4721 de
1489 4667 1714 4722 Falat's:
1760 4668 2051 4737 Respondu
2088 4669 2140 4722 le

196 4738 328 4860 κᾶιέὲ
348 4738 417 4791 de.
445 4737 634 4807 juillet
669 4710 825 4806 1545,
862 4736 896 4790 a
931 4737 1281 4806 Stmbourg.

336 4852 343 4858 .
384 4807 443 4872 1)
653 4809 814 4862 ditas.

383 4874 444 4942 2)
560 4915 572 4926 .
611 4874 729 4932 603.

382 4944 442 5009 3)
485 4943 565 4997 N.
603 4944 722 4999 652.

381 5011 443 5080 4)
481 5012 620 5068 thid.
656 5020 768 5069 not.
803 5011 852 5066 5.

380 5422 613 5477 Calvina*
649 5438 833 5491 opera.
919 5422 1032 5476 Vol.
1073 5420 1221 5474 X11.

3155 612 3309 686 656.

2775 764 3248 834 GALVINUS
3292 766 3664 833 VIRETO.

2416 915 2699 983 Danielis
2744 916 3131 984 Busantonii
3172 923 3427 985 mortem
3471 923 3831 989 annunciat.

2243 1067 2351 1131 (Ex
2387 1074 2614 1138 autogra
2653 1069 2724 1124 ho
2760 1071 2887 1125 Cod.
2925 1072 3130 1125 Genev.
3170 1069 3286 1138 106,
3320 1071 3411 1126 fol.
3451 1071 3567 1127 133.
3623 1074 3877 1130 Vidimus
3950 1083 4202 1134 raeterea

2242 1138 2576 1206 exemplaria
2615 1086 2906 1193 {onvillaei
2953 1140 3085 1194 Ood.
3123 1138 3267 1205 111³,
3298 1141 3388 1193 fol.
3424 1140 3516 1204 39;
3578 1143 3853 1198 Turretini
3947 1147 4033 1200 od.
4071 1146 4192 1213 111,

2362 1206 2456 1259 fol.
2498 1205 2625 1270 1193
2662 1209 2944 1263 Bernense
2979 1210 3120 1279 Epp.
3159 1209 3282 1263 Vll.
3320 1207 3424 1264 692
3459 1217 3517 1264 et
3550 1210 3765 1266 Simleri
3803 1214 3924 1268 Vol.
3959 1213 4070 1282 57.)

2157 1359 2168 1370 '
2245 1357 2518 1441 Optimo
2554 1361 2745 1425 fratri
2780 1381 2925 1425 meo
2961 1361 3162 1425 Petro
3191 1358 3422 1427 Vireto
3457 1364 3950 1431 Lausannensie
3995 1365 4202 1432 eccle-

2415 1445 2552 1511 siae
2596 1446 2842 1529 pastori
2886 1444 3290 1512 fidelissimo.

2414 1564 2637 1646 Quum
2694 1565 2856 1630 mihi
2915 1565 3209 1631 redditae
3279 1575 3437 1632 sunt
3492 1575 3647 1633 tuae
3702 1569 3932 1635 literae
3976 1570 4200 1638 David

2242 1656 2465 1716 noster
2507 1651 2796 1716 animam
2840 1650 3094 1736 agebat,
3142 1672 3335 1735 quam
3379 1653 3574 1737 paulo
3617 1662 3765 1736 post
3799 1657 4091 1739 reposuit
4124 1658 4197 1720 in

2242 1758 2513 1801 manum
2558 1736 2810 1802 Christi
2837 1741 2914 1816 ι),
2971 1738 3288 1820 singulari
3352 1738 3640 1821 adeoque
3703 1741 3988 1807 mirabili
4043 1741 4197 1808 fidei

2241 1822 2630 1887 constantia.
2721 1823 3214 1888 Testamentum
3280 1824 3419 1890 eius
3484 1825 3594 1890 ubi
3661 1829 3922 1893 veneris
3993 1827 4192 1912 leges.

2244 1907 2427 1974 Oave
2469 1929 2590 1974 nos
2634 1908 2898 1993 longius
2941 1909 3307 1992 protrahas.

3147 2028 3434 2094 Ioannes
3477 2029 3797 2097 Calvinus
3840 2040 4019 2098 tuus.

3017 2202 3424 2229 ——..-..—C.-.

3151 2370 3299 2442 657.

2574 2521 3047 2590 CALVINUS
3093 2523 3292 2589 MEL
3303 2524 3871 2591 ANOH'PHONI.

2418 2692 2503 2757 In
2536 2713 2698 2759 nova
2724 2695 3136 2759 emztroversia
3161 2694 3325 2760 inter
3359 2694 3706 2760 Datherum
3740 2699 3794 2759 et
3827 2695 4200 2762 Turieenses

2245 2778 2494 2845 Iliacos
2533 2780 2706 2844 intra
2748 2799 2964 2843 muros
2992 2785 3289 2859 peccatur
3332 2785 3388 2845 et
3421 2787 3616 2861 extra,
3661 2785 3716 2846 et
3750 2781 4059 2863 quidquid
4093 2782 4200 2847 de-

2244 2865 2438 2930 lirant
2472 2886 2644 2949 reyes
2675 2864 3034 2946 plectuntur
3056 2864 3305 2945 Achivi,
3342 2867 3411 2933 id
3453 2871 3543 2933 est
3585 2866 3855 2933 ecelesia.
3932 2865 4202 2933 Gratias

2242 2952 2373 3035 ayit
2415 2953 2492 3018 de
2533 2970 2831 3032 responso
2873 2952 2944 3016 in
2987 2971 3183 3016 causa
3229 2952 3768 3018 Nicodemitwum
3812 2952 3976 3017 dato,

2245 3121 2667 3191 (Autographon
2715 3139 2823 3176 non
2871 3126 3068 3177 exstat.
3123 3121 3301 3174 Vetus
3348 3123 3626 3192 exemplar
3671 3139 3773 3191 per
3820 3140 4202 3178 amanuensem

2241 3192 2558 3260 Hottingeri
2594 3190 2770 3244 deseri
2811 3198 2926 3244 tum
2976 3191 3208 3244 habetur
3241 3191 3298 3243 in
3334 3190 3474 3244 Bibl.
3512 3191 3864 3246 civio.'1'uric.
3887 3192 4038 3247 MSS.
4076 3194 4202 3247 Vol.

2239 3259 2326 3326 46,
2365 3261 2493 3313 olim
2532 3260 2671 3328 Epp.
2696 3208 2808 3325 xil,³
2836 3277 2887 3328 p.
2915 3258 3031 3324 629,
3071 3259 3217 3329 quod
3253 3259 3419 3312 etiam
3454 3261 3684 3313 eontulit
3719 3261 3936 3315 Simler.
3973 3262 4097 3315 Vol.
4113 3261 4201 3316 57.

2246 3332 2387 3383 Beza
2423 3328 2596 3381 edidit
2629 3328 2725 3381 sed
2762 3345 2871 3381 non
2907 3329 3177 3397 integram
3216 3327 3348 3381 Gen.
3379 3326 3519 3397 p.55
3573 3328 3733 3383 Laus.
3764 3347 3817 3399 p.
3840 3328 3955 3395 135,
3992 3330 4203 3384 Hanov.

2242 3416 2294 3468 p.
2335 3395 2467 3463 152,
2506 3397 2715 3450 Chouet
2747 3414 2803 3466 p.
2842 3395 2936 3464 72,
2964 3399 3151 3450 Amet.
3186 3413 3240 3466 p.
3275 3394 3371 3463 33,
3410 3372 3614 3450 Galfice
3650 3398 3701 3451 le
3742 3398 3849 3451 'tur
3886 3399 3969 3452 ed.
4011 3400 4194 3453 Berol.

2242 3484 2296 3536 p.
2334 3465 2428 3532 79,
2486 3467 2694 3534 anglice
2739 3465 2824 3519 ed.
2871 3466 3065 3519 Edinb.
3115 3462 3452 3601 1.442.)1n
3501 3465 3660 3535 Gorp.
3790 3466 3946 3520 form.
3995 3467 4203 3521 frustra

3085 3549 3328 3602 quaeres.

2412 3688 2688 3755 Utinam
2724 3697 2803 3753 ut
2835 3707 2942 3752 me
2978 3687 3163 3771 angit
3197 3686 3487 3768 adeoque
3522 3687 3854 3752 excruciat
3888 3690 4203 3754 moeroris

2242 3775 2340 3839 tui
2367 3774 2415 3857 ¹)
2462 3774 2850 3853 συμπάθεια,
2908 3772 3003 3838 sic
3059 3773 3278 3855 aliqua
3333 3772 3475 3838 eius
3519 3781 3704 3854 parte
3748 3772 4092 3840 sublevare
4134 3782 4202 3841 te

2243 3881 2517 3943 possem.
2579 3858 2655 3924 Si
2699 3859 2793 3924 ita
2839 3867 2942 3924 est
2984 3865 3058 3923 ut
3102 3858 3327 3924 dicunt
3372 3858 3673 3941 Tigurini
3693 3858 3780 3941 ²),
3827 3859 4204 3926 habuerunt

2241 3946 2483 4011 iustam
2528 3942 2852 4011 scribendi
2893 3965 3178 4010 causam.
3268 3944 3518 4008 Verum
3542 3948 3598 4013 ⁸)
3643 3954 3761 4008 aut
3802 3944 3998 4008 aliter
4040 3947 4201 4022 scri-

2245 4033 2399 4098 bere
2442 4031 2729 4115 oportuit
2770 4038 2883 4094 aut
2917 4030 3180 4113 penitus
3220 4037 3453 4095 tacere.
3514 4029 3987 4112 Praeterquam
4022 4030 4201 4097 enim

2245 4117 2419 4201 quod
2462 4126 2640 4183 totus
2681 4115 2944 4181 libellus
2987 4116 3251 4181 ieiunus
3294 4122 3394 4181 est
3439 4122 3508 4180 et
3550 4116 3838 4199 puerilis,
3883 4136 4084 4198 quum
4126 4118 4199 4181 in

2246 4204 2471 4269 multis
2507 4202 2928 4285 pertinaciter
2961 4202 3172 4285 magis
3208 4221 3401 4283 quam
3439 4201 3716 4280 erudite,
3733 4203 3790 4270 ⁴)
3836 4208 3903 4265 et
3943 4202 4202 4268 interea

2245 4311 2482 4373 parum
2563 4285 2930 4355 verecunde
2997 4287 3378 4370 Zvoinylium
3455 4308 3651 4351 suum
3725 4296 4046 4352 excusant
4123 4310 4201 4354 ac

2246 4384 2536 4453 tuentur,
2581 4372 3028 4454 nonnullaque
3063 4373 3133 4437 in
3159 4372 3427 4437 Luthero
3467 4372 3798 4437 immerito
3835 4373 4197 4457 exagitant,

2244 4470 2387 4525 tum
2430 4481 2586 4527 vero
2629 4460 2702 4524 in
2746 4458 3084 4541 praecipui
3127 4459 3354 4539 capitis
3410 4459 3831 4537 tractatione,
3877 4456 3944 4523 id
3985 4467 4087 4523 est
4127 4459 4202 4523 in
4268 4504 4280 4511 -

2242 4548 2386 4629 ipso
2432 4566 2667 4613 causae
2710 4553 2917 4621 statu,
2962 4543 3310 4610 infeliciter
3354 4563 3499 4609 meo
3542 4543 3781 4609 iudicio
3826 4563 3896 4609 se
3940 4551 4197 4627 gerunt.

2244 4634 2336 4697 Et
2377 4640 2600 4698 tamen
2657 4652 2791 4696 non
2849 4629 3061 4696 credis
3119 4650 3315 4711 quam
3370 4630 3493 4694 sibi
3545 4630 3620 4694 in
3675 4630 3824 4694 sinu
3878 4628 4196 4712 placeant,

2243 4718 2518 4802 perinde
2578 4717 2659 4782 de
2716 4717 2854 4783 suis
2910 4713 3210 4799 partibus
3273 4714 3519 4798 optime
3585 4715 3887 4781 defuncti.
3977 4716 4212 4797 Atque

2246 4860 2345 4867 ..—

2264 4922 2405 4977 656.
2446 4921 2505 4987 1)
2542 4919 2597 4975 ἀ.
2635 4918 2722 4975 25.
2762 4919 2936 4974 Iunii.

2266 4989 2406 5045 657.
2444 4991 2501 5055 1)
2541 4992 2606 5045 ob
2642 4990 2876 5044 Lutheri
2917 4988 3373 5043 recrudescentem
3420 4990 3482 5042 in
3521 5003 3581 5041 re
3615 4989 4052 5043 sacramentaria
4087 4989 4177 5044 die

2245 5059 2500 5115 cutienda
2535 5059 2935 5113 vehementiam.

2453 5127 2515 5192 2)
2553 5129 2614 5181 in
2649 5143 2752 5181 sua
2785 5128 3139 5196 responsione
3172 5125 3277 5192 (N.
3313 5124 3430 5179 606.
3467 5122 3614 5192 625).

2452 5197 2511 5259 3)
2553 5197 2760 5249 Verum
2799 5236 2809 5247 .
2850 5237 2861 5247 .
2900 5235 2911 5248 .
2952 5237 2963 5248 .
2999 5195 3215 5247 laborat
3251 5210 3350 5248 om.
3389 5194 3508 5247 edd.
3543 5201 3593 5248 et
3627 5208 3796 5247 veras.

2452 5265 2515 5332 4)
2555 5264 2756 5331 Confer
2791 5263 2966 5318 simile
2996 5263 3262 5317 iudicium
3297 5262 3733 5317 Melanehthonis
3768 5263 3831 5317 in
3867 5278 3947 5331 ep.
3969 5261 4204 5318 anckii

2244 5336 2321 5389 ad
2360 5335 2657 5409 Electorem
2691 5334 2751 5388 in
2791 5333 2949 5401 Corp.
2993 5331 3117 5397 Res.
3153 5331 3221 5387 V.
3259 5328 3375 5383 740.

3752 5415 3783 5468 7
