4825 6175
171 426 278 490 ⁶25

168 595 471 691 obrepunt,
528 603 742 689 quoad
783 625 1051 689 possum
1092 627 1135 674 a
1173 626 1281 674 me
1323 607 1592 691 repello.
1680 608 1819 675 Nec
1861 618 2085 675 tamen

166 711 444 776 assequor
484 698 806 773 quantum
854 692 1117 759 vellem.
1215 692 1342 759 Est
1395 701 1617 759 tamen
1670 694 1794 761 hoc
1838 693 2086 778 aliquid

165 777 313 865 quod
351 776 611 861 ingenio
646 777 972 859 prurienn'
1024 798 1159 846 11011
1200 778 1529 864 indulgeo.
1614 779 1701 844 In
1741 779 1825 845 iis
1867 781 2083 860 rebus,

196 884 305 930 uae
335 863 464 928 iam
499 871 869 929 transactae
907 872 1084 944 sunt,
1128 864 1617 931 considerandis
1650 887 1757 931 me
1791 886 2081 932 exerceo.

214 970 328 1016 uae
367 946 656 1031 quotidie
707 950 1028 1015 eveniunt
1081 949 1366 1036 adiungo
1398 950 1740 1034 prioribus.
1829 952 1934 1017 Ea
1974 970 2083 1017 co-

159 1035 393 1121 gitatio,
448 1034 685 1113 fateor,
745 1044 813 1100 et
855 1035 1164 1119 sperandi
1218 1045 1286 1100 et
1339 1035 1617 1101 timendi
1674 1037 1860 1102 varia
1913 1036 2084 1102 mibi

158 1126 521 1205 argumenta
581 1119 970 1202 suppeditat.
1070 1118 1208 1187 Sed
1266 1124 1417 1204 quia
1469 1130 1569 1187 tot
1609 1143 1715 1187 me
1774 1123 2080 1199 rationes,

158 1208 330 1274 sicuti
371 1204 526 1285 dixi,
569 1205 958 1288 impediunt,
1012 1218 1270 1272 mature
1313 1228 1419 1272 me
1462 1206 1750 1284 cohibeo,
1797 1229 1881 1273 ne
1923 1206 2082 1290 quid

157 1301 377 1358 temere
418 1301 486 1357 et
524 1291 676 1375 plus
729 1312 925 1374 quam
973 1303 1284 1375 oporteat.
1373 1292 1561 1358 Haec
1604 1291 1865 1375 quidem
1912 1292 2078 1358 divi-

154 1379 332 1456 natio,
391 1396 586 1459 quam
631 1378 700 1441 in
761 1377 895 1442 tuis
946 1377 1155 1442 literis
1198 1379 1504 1461 posuisti,
1560 1400 1904 1461 nunquam
1959 1399 2081 1444 nos

154 1463 334 1541 fallet,
376 1462 635 1528 etiamsi
689 1462 937 1528 coelum
991 1473 1205 1529 101130
1248 1466 1630 1529 misceatur:
1696 1464 1842 1529 Deo
1885 1485 2082 1531 curae

27 1631 28 1634 Ἴ
152 1550 272 1614 fore
313 1568 497 1614 suam
540 1548 879 1616 ecclesiam
897 1598 913 1627 ,
974 1559 1048 1614 ut
1089 1549 1162 1618 in
1205 1548 1349 1632 ipso
1391 1549 1621 1614 mundi
1667 1551 1869 1615 totius
1911 1551 2079 1614 inte-

149 2061 350 2127 minus
402 2060 631 2127 datum
682 2062 882 2127 fuerit
934 2064 1263 2146 temporis.

152 1636 268 1699 ritu
322 1641 639 1699 servetur.
741 1633 1052 1718 Ignosces
1114 1635 1312 1701 huius
1376 1634 1685 1717 epistolae
1749 1635 2078 1711 brevitati,

153 1720 288 1803 quia
327 1718 406 1786 de
443 1719 672 1786 nuncii
716 1718 1004 1785 discessu
1067 1720 1263 1802 paulo
1320 1729 1473 1785 ante
1517 1740 1784 1786 coenam
1826 1721 1924 1786 fui
1967 1720 2078 1785 ad-

151 1806 437 1870 monitus.
525 1805 766 1870 Frater
816 1805 983 1870 mihi
1041 1815 1197 1870 ante
1255 1806 1594 1870 meridiem
1648 1807 2078 1885 indicaverat,

153 1912 281 1956 eum
323 1897 621 1974 paratum
684 1910 826 1955 esse
882 1889 964 1955 ad
1022 1892 1164 1956 iter.
1254 1891 1402 1957 Non
1457 1914 1637 1956 eram
1695 1893 2078 1975 scripturus,

151 1976 197 2041 si
234 1985 362 2041 tam
408 1977 553 2041 cito.
645 1975 872 2040 Rediit
904 1986 1052 2058 post
1085 1977 1367 2042 tertiam.
1436 1977 1542 2041 Ita
1584 1978 1829 2043 factum
1872 1985 1972 2042 est
2005 1985 2082 2042 ut

1351 2062 1540 2128 Vale.
1628 2062 1957 2128 Dominus
2015 2072 2079 2128 te

149 2157 314 2231 regat
354 2168 475 2214 0110
518 2148 755 2232 spiritu
797 2154 992 2231 teque
1026 2156 1246 2214 servet
1285 2147 1699 2215 incolumem.
1767 2148 2080 2215 Genevae

23 2227 32 2322 ζ
155 2237 237 2297 10.
282 2233 444 2297 Maii
489 2237 670 2298 1547.

23 3110 36 3455 ᾼΑᾼᾼᾼᾲ-*ᾼᾼ-ιᾼ
23 3069 24 3072 ⁴

1055 2369 1340 2436 Ioannes
1381 2369 1702 2437 Calvinus
1735 2377 1909 2437 tuus.

891 2698 1296 2708 m*—

1045 2948 1194 3020 91⁰.

589 3120 1132 3189 GARNERJUS
1179 3119 1614 3187 OALVINO.

304 3291 701 3361 Praemissus
754 3291 1070 3359 nonnullis
1124 3293 1199 3358 de
1240 3291 1494 3359 ecclesia
1552 3291 1899 3357 Vesalionsi
1912 3341 1931 3370 ‚
1984 3290 2086 3356 de-

141 3378 444 3459 plorabam
507 3378 889 3445 Germaniae
949 3383 1182 3443 statum
1244 3378 1550 3461 depinyit,
1612 3377 1886 3442 maxime
1947 3396 2087 3442 vero

149 3464 469 3532 discrimen
538 3464 711 3545 deflet
763 3465 834 3528 in
940 3484 1021 3529 uo
1083 3463 1318 3549 gallica
1372 3463 1630 3530 ecclesia
1684 3462 2086 3545 Arqmttorati

151 3556 448 3632 versatur,
504 3550 687 3616 cuius
978 3571 1022 3613 a
1076 3551 1293 3614 timore
1339 3548 1626 3630 perculsi
1680 3549 1815 3613 iam
1861 3547 2087 3631 fnyam

141 3642 381 3715 parant.
483 3636 647 3719 Quos
687 3639 758 3700 ul
805 3633 1110 3703 Calvinus
1166 3634 1368 3700 literis
1408 3635 1750 3700 consoletur
1793 3638 1848 3698 et
1884 3631 2088 3714 firmet

150 3720 310 3788 enixe
350 3726 551 3808 φοραί.

152 3902 253 3965 (Ex
285 3908 630 3989 autographo
676 3908 821 3963 lectu
865 3907 998 3961 satis
1043 3906 1251 3988 difficili
1287 3906 1415 3961 Cod.
1451 3907 1652 3987 Genev.
1689 3903 1805 3988 110,
1839 3906 1931 3958 sol.
1967 3905 2085 3959 187.

151 3969 209 4025 In
237 3979 391 4046 tergo
426 3982 693 4047 scriptum
728 3983 836 4030 est:
874 3976 1000 4031 Has
1033 3975 1138 4045 leq·
1162 3989 1322 4029 mm
1355 3981 1567 4030 autoris
1601 3992 1696 4045 qm
1729 3975 1850 4029 vdeo
1884 3990 1979 4029 eas
2012 3975 2091 4030 ad

746 4060 828 4099 me
858 4047 1167 4113 resiynatas
1201 4046 1469 4108 miserat.)

154 4228 535 4301 Eruditione
602 4242 671 4300 et
733 4234 975 4318 pietate
1037 4232 1400 4318 praestanti
1462 4233 1603 4297 viro
1674 4231 1937 4297 domino
2002 4233 2086 4298 D.

308 4319 547 4385 Ioanni
603 4319 880 4385 Calvino
952 4318 1214 4383 domino‘
1267 4337 1384 4382 suo
1449 4317 1806 4399 plurimum
1868 4319 2089 4384 obser-

307 4404 526 4473 vando

1450 4487 1784 4555 Genevae.

312 4626 382 4693 S.
429 4628 509 4693 P.
599 4625 796 4708 Quod
852 4637 989 4692 tam
1049 4625 1163 4691 diu
1222 4625 1305 4690 ad
1370 4634 1438 4690 te
1500 4623 1781 4689 scribere
1847 4624 2088 4705 distuli,

155 4713 516 4778 venerande
558 4721 799 4797 pastor,
839 4714 909 4777 in
954 4733 1153 4777 causa
1193 4713 1321 4776 fuit
1362 4730 1497 4775 non
1539 4710 1931 4776 nunciorum
1974 4719 2091 4775 aut

158 4797 569 4864 tabellionum
611 4798 866 4876 raritas,
910 4820 1041 4863 non
1077 4818 1227 4862 mea
1268 4798 1581 4880 segnities
1625 4808 1739 4860 aut
1773 4795 2086 4875 socordia,

158 4881 261 4946 sed
313 4886 533 4968 potius
589 4904 814 4949 rerum
868 4885 1163 4948 omnium
1218 4883 1588 4964 antiquitas.
1687 4881 1871 4946 Nihil
1912 4884 2088 4947 enim

157 4987 468 5034 novarum
513 4991 732 5035 rerum
768 4970 894 5035 fuit
927 4967 1102 5051 apud
1142 4989 1250 5032 me
1285 4968 1535 5033 calamo
1579 4967 1872 5051 dignum,
1917 4966 2089 5049 quod

157 5050 349 5121 literis
394 5056 755 5122 amicorum
796 5055 920 5120 tibi
959 5076 1098 5121 non
1131 5054 1331 5119 fuerit
1364 5054 1821 5138 significatum.
1885 5054 2091 5136 Prop-

157 5147 324 5205 terea
367 5141 453 5207 ad
495 5150 754 5224 tempus
787 5141 930 5224 ipse
952 5141 1151 5206 tacui:
1198 5137 1518 5223 siquidem
1563 5139 1736 5217 olim,
1783 5146 1937 5204 ante
1970 5139 2089 5201 ali-

161 5236 305 5305 quot
353 5249 647 5307 menses,
705 5235 1170 5311 argumentum
1226 5237 1293 5291 et
1348 5225 1628 5291 materia
1683 5223 1766 5288 ad
1819 5233 1889 5287 te
1931 5225 2090 5289 scri-

161 5310 342 5377 bendi
387 5334 532 5380 sese
575 5314 931 5393 obtulerat,
988 5334 1186 5396 quum
1232 5310 1529 5377 rediisset
1570 5310 1654 5375 ad
1699 5331 1816 5375 nos
1859 5331 1941 5374 ex
1987 5331 2091 5375 00-

1954 425 2117 488 1547
2161 419 2358 492 MAI.

4006 425 4133 488 526

2185 603 2385 670 clesia
2427 602 2830 670 Wesaliensi
2855 607 2906 682 ¹)
2965 604 3169 671 frater
3227 612 3294 670 01
3336 616 3703 692 symmysta
3743 616 3965 674 noster
4024 610 4137 679 Ve-

2182 710 2383 756 ranus
2403 688 2644 769 David,
2681 711 2904 757 secum
2928 688 3225 756 deferens
3246 691 3714 759 confessionem
3739 694 3890 760 fidei
3913 697 4132 762 cuius-

2186 774 2340 840 dam
2381 775 2567 860 impii
2610 775 3133 859 hanabaptistae‚
3174 778 3289 859 qui
3330 776 3572 843 ibidem
3618 789 3811 845 antea
3851 801 3971 863 per
4014 782 4134 846 ali-

2185 860 2355 944 quod
2412 870 2671 944 tempus
2727 862 3147 928 concionibus
3194 863 3372 928 furit.
3472 863 3667 931 Hanc
3724 887 3926 947 quum
3970 868 4137 933 mihi

2186 946 2411 1030 (prout
2454 948 2703 1013 amicus
2747 955 2872 1027 001)
2917 947 3288 1027 obtulisset,
3345 960 3538 1031 atque
3591 951 3801 1032 ipsam
3860 972 4135 1036 propere

2185 1031 2509 1115 legissem,
2556 1032 2816 1098 cuidam
2859 1033 3032 1098 bono
3067 1044 3145 1097 01
3182 1035 3290 1118 pio
3332 1034 3544 1114 fratri,
3602 1056 3797 1118 quem
3843 1038 4024 1104 intus
4068 1047 4136 1104 et

2182 1118 2256 1182 in
2300 1127 2448 1184 cute
2490 1120 2693 1198 nosti,
2749 1128 2816 1183 01
2857 1120 3109 1184 sincere
3152 1120 3300 1202 pius
3354 1130 3481 1199 est,
3537 1121 4137 1190 transscribendam

2185 1202 2494 1269 dederam
2536 1213 2614 1268 ut
2656 1204 2985 1287 exscripto
3029 1203 3204 1287 apud
3245 1225 3352 1269 me
3391 1215 3646 1271 retento
3681 1209 4018 1292 exemplar
4051 1210 4136 1275 ad

2183 1297 2248 1353 te
2302 1286 2721 1354 dimitterem.
2821 1292 2913 1354 At
2964 1290 3348 1366 frustratus,
3405 1291 3698 1357 ablatum
3756 1293 3881 1357 fuit
3935 1315 3975 1358 a
4029 1316 4138 1361 me

2185 1386 2652 1458 argumentum
2708 1375 2789 1440 ad
2857 1384 2922 1439 te
2977 1374 3304 1441 scribendi
3324 1428 3338 1454 ,
3400 1376 3921 1461 quandoquidem
3964 1380 4135 1446 clam

2184 1480 2290 1525 1110
2346 1461 2682 1542 exemplar
2747 1462 2965 1545 ipsum
3030 1482 3148 1544 per
3212 1461 3399 1527 illum
3464 1461 3747 1528 eundem
3814 1467 4134 1548 accepisti.

2182 1544 2463 1610 Factum
2506 1567 2638 1611 non
2684 1545 3029 1630 displicuit,
3068 1547 3182 1612 sed
3224 1547 3474 1612 modus.
3566 1548 3719 1613 Non
3762 1571 3958 1634 aegre
4002 1553 4137 1617 fero

2182 1651 2300 1713 per
2344 1631 2547 1696 alium
2604 1633 2848 1697 factum
2902 1632 3100 1698 fuisse
3156 1631 3330 1715 quod
3384 1633 3525 1716 ipse
3579 1656 3757 1699 eram
3813 1637 4131 1715 facturus,

2184 1727 2262 1780 ut
2303 1716 2404 1780 illi
2446 1716 2657 1782 eidem
2715 1717 3028 1783 dixeram.
3132 1717 3332 1783 Dolet
3386 1726 3612 1784 tamen
3668 1721 3841 1803 quod
3900 1723 4133 1787 saltem

2183 1823 2316 1867 non
2355 1811 2563 1868 totum
2599 1803 2954 1886 scripserit,
2997 1812 3072 1868 ut
3108 1803 3508 1886 exscriptum
3555 1806 4133 1888 (quemadmodum

2181 1887 2679 1975 constitueram)
2720 1889 2894 1971 apud
2939 1910 3044 1953 me
3087 1899 3436 1954 remaneat.
3511 1892 3602 1956 At
3642 1892 3813 1958 forte
3856 1913 3963 1958 100
3996 1914 4134 1959 11011

2181 1981 2281 2038 001
2323 1973 2496 2038 131111
2549 1983 2625 2038 111
2667 1976 2877 2056 excipi
2923 1983 3037 2040 aut
3081 1975 3464 2041 transscribi
3507 1989 3805 2042 mereret.
3896 1979 4131 2061 Itaque

2180 2068 2528 2142 praerepto
2573 2059 2736 2124 mihi
2776 2060 2903 2125 hoc
2937 2071 3346 2143 argumento,
3390 2083 3510 2128 1100
3554 2062 3683 2128 3110
3724 2073 3949 2147 postea
3991 2085 4133 2131 sese

2183 2145 2522 2224 offerente,
2568 2146 2740 2211 tacui
2785 2157 2854 2210 et
2896 2146 2967 2209 in
3026 2145 3203 2212 hunc
3259 2167 3465 2229 usque
3509 2147 3680 2213 diem
3726 2148 3809 2214 ad
3853 2161 3917 2215 te
3973 2151 4132 2215 scri-

2185 2229 2337 2296 bere
2373 2230 2617 2295 distuli.

2356 2314 2493 2382 Sed
2548 2316 2681 2381 iam
2740 2338 2967 2382 rursus
3019 2337 3160 2382 sese
3212 2317 3406 2382 offert
3458 2318 3590 2383 alia
3645 2321 3921 2386 materia
3972 2323 4133 2387 0011-

2181 2401 2505 2484 bendique
2548 2403 2797 2467 occasio
2840 2422 3004 2485 quae
3025 2402 3237 2486 magis
3269 2413 3482 2487 urget,
3528 2405 3841 2470 nimirum
3865 2405 4133 2472 afflictio

2185 2496 2380 2570 atque
2412 2487 2739 2571 ‚desolatio
2771 2488 2973 2552 totius
3008 2487 3316 2554 ecclesiae
3359 2500 3624 2555 nostrae
3666 2491 3738 2555 in
3782 2491 3906 2558 hac
3950 2503 4136 2557 tanta

2186 2594 2410 2638 rerum
2455 2573 2851 2639 confusione.
2931 2572 3082 2637 Non
3133 2574 3308 2638 enim
3365 2575 3604 2641 scimus
3646 2577 3717 2639 in
3761 2597 3927 2659 quos
3970 2580 4135 2644 fines

2186 2658 2593 2724 saeculorum
2660 2655 3068 2736 devenimus,
3149 2667 3264 2724 aut
3338 2660 3563 2741 quales
3640 2662 3845 2726 futuri
3910 2664 4132 2729 simus.

2187 2741 2433 2808 Omnia
2474 2743 2583 2810 hic
2627 2743 2803 2827 apud
2859 2765 2980 2809 1100
3038 2744 3198 2809 adeo
3253 2753 3410 2809 sunt
3464 2747 3852 2812 conturbata
3892 2757 3973 2812 ut
4011 2749 4137 2813 for-

2187 2830 2384 2893 tiores
2428 2831 2645 2895 animo
2688 2839 3209 2896 consternantur.
3280 2829 3452 2895 Nam
3495 2830 3806 2914 quidquid
3850 2833 3961 2898 alii
4004 2833 4138 2899 bla-

2185 2920 2406 2980 terent
2460 2914 2584 2982 hoc
2640 2926 2818 2981 certo
2871 2915 3111 2981 certius
3169 2922 3270 2980 est
3323 2921 3418 2994 (et
3471 2917 3725 2982 utinam
3785 2938 3918 2983 non
3963 2929 4137 2985 esset

2187 3011 2320 3065 tam
2365 3001 2680 3084 certuml)
2736 3000 3046 3066 Saxonem
3089 3008 3355 3084 captum
3399 3023 3557 3067 esse.
3645 3001 3933 3083 Quidam
3977 3026 4134 3071 vero

2187 3084 2378 3151 illum
2433 3096 2767 3152 mortuum
2829 3107 2972 3152 0000
3031 3085 3296 3164 volunt,
3365 3086 3482 3153 sed
3530 3110 3664 3154 non
3722 3098 3824 3155 est
3880 3104 4133 3157 certum

2187 3172 2330 3237 hoc.
2420 3174 2516 3238 At
2557 3171 2873 3254 quidquid
2918 3172 3035 3249 sit,
3094 3192 3201 3238 res
3244 3172 3416 3237 male
3464 3172 3677 3239 habet.
3768 3175 4132 3243 Germania

2189 3258 2367 3342 talpa
2421 3257 2675 3322 caecior
2742 3267 2811 3321 01
2865 3257 3035 3341 glire
3088 3258 3575 3324 somnolentior.
3671 3260 3948 3344 Ingrata
3999 3261 4134 3328 Do-

2188 3344 2366 3408 mino
2387 3342 2533 3408 Deo
2577 3363 2695 3407 suo
2736 3343 2810 3407 in
2844 3362 3085 3427 magno
3128 3342 3505 3409 discrimine
3538 3354 3844 3411 versatur
3885 3348 4134 3431 ignara,

2187 3436 2380 3510 atque
2437 3436 2760 3510 quantum
2817 3430 3108 3495 externis
3163 3430 3368 3495 oculis
3420 3438 3696 3512 apparet
3759 3431 4135 3515 (providen-

2190 3515 2350 3578 tiam
2394 3523 2461 3578 et
2502 3514 2633 3578 Dei
2675 3512 3005 3580 occultum
3058 3514 3371 3581 iudicium
3414 3516 3740 3601 relinquo)
3792 3517 3927 3582 iam
3982 3540 4135 3584 con-

2189 3597 2541 3664 clamatum
2585 3606 2702 3664 est.
2771 3597 2941 3679 Quis
2983 3599 3163 3664 enim
3206 3611 3559 3684 consurget
3599 3603 3672 3666 in
3716 3604 3969 3669 hostem
4014 3625 4135 3685 pro

2189 3683 2400 3749 salute
2463 3686 2714 3767 patriae
2769 3693 2886 3749 aut
2949 3682 3392 3751 defensionem
3456 3686 3824 3771 religionis,
3905 3689 3961 3753 si
4024 3688 4141 3754 illa

2190 3769 2490 3852 plantula
2552 3770 2860 3835 saxonica
2923 3771 3219 3854 praecisa
3283 3770 3520 3835 fuerit?
3624 3771 3848 3853 Quum
3908 3794 4138 3840 omnes

2191 3855 2322 3933 alii,
2369 3864 2507 3920 tam
2541 3856 2870 3939 principes
2905 3876 3099 3938 quam
3138 3856 3441 3923 civitates
3474 3856 3735 3936 liberae,
3773 3858 4142 3924 iuraverint

2193 3940 2365 4005 hosti
2407 3961 2527 4025 pro
2583 3960 2843 4005 03111013
2899 3940 3256 4023 imperiali,
3317 3951 3395 4007 111
3447 3951 3700 4009 certum
3743 3945 4139 4028 firmumque

2191 4024 2434 4091 habere
2479 4026 2690 4091 velint
2731 4024 3046 4108 quidquid
3094 4027 3167 4091 in
3226 4027 3342 4091 illa
3397 4027 3730 4094 decretum
3787 4037 3983 4113 atque
4026 4029 4141 4096 de-

2191 4113 2617 4177 terminatum
2660 4112 2875 4191 fuerit,
2919 4110 3151 4189 iudica,
3196 4132 3436 4195 quaeso
3449 4165 3465 4191 ,
3531 4113 3757 4197 quales
3798 4115 4007 4180 futuri
4050 4117 4142 4181 si-

2111 4210 2114 4217 ‘
2194 4219 2339 4263 mus
2358 4249 2374 4278 ,
2431 4198 2560 4263 nisi
2627 4196 2954 4262 Dominus
3006 4197 3192 4262 Deus
3247 4197 3532 4262 mirabili
3590 4211 3659 4263 01
3715 4221 3835 4265 0113
3887 4201 4142 4284 occulta

2192 4285 2441 4348 virtute
2482 4289 2788 4368 protegat
2829 4304 2967 4358 nos,
3011 4280 3246 4346 liberet
3286 4294 3481 4365 atque
3522 4291 3806 4349 tueatur.
3872 4285 3957 4350 D.
4008 4287 4143 4351 Bw

2193 4389 2370 4435 coms
2412 4365 2623 4451 pridie
2667 4366 2993 4435 scribebat
3035 4366 3118 4432 ad
3161 4389 3284 4442 me,
3344 4391 3414 4433 00
3453 4366 3784 4435 audivisse
3828 4370 4139 4453 quosdam

2194 4453 2423 4520 Gallos
2467 4474 2551 4518 ex
2594 4464 2822 4519 nostra
2863 4453 3135 4519 ecclesia
3175 4463 3625 4521 consternatos
3669 4457 3919 4529 animo,
3979 4458 4139 4520 alios

2191 4541 2324 4604 iam
2368 4539 2622 4616 abiisse,
2670 4539 2832 4604 alios
2865 4559 3027 4604 vero
3062 4539 3309 4604 abitum
3354 4539 3573 4605 moliri
3606 4541 3896 4624 gladium
3934 4542 4140 4606 hostis

2189 4624 2533 4709 fugientes.
2636 4623 3048 4691 Hortabatur
3101 4635 3176 4688 ut
3232 4624 3652 4690 admonerem
3705 4648 3815 4691 000
3868 4636 4139 4709 paterne

2189 4709 2616 4788 fortificando,
2653 4709 3070 4786 consolando,
3108 4717 3183 4774 ut
3225 4711 3393 4776 bono
3428 4711 3647 4776 animo
3683 4721 3918 4789 essent,
3964 4713 4139 4779 vires

2190 4805 2602 4861 resumerent
2655 4806 2773 4860 010.
2892 4793 3091 4877 Quod
3147 4805 3366 4861 autem
3434 4798 3546 4861 ille
3600 4797 3947 4877 scribebat,
4012 4800 4136 4862 etsi

2227 5051 2366 5107 910.
2405 5053 2459 5118 1)
2499 5051 2639 5105 Inde
2673 5052 2742 5104 ab
2779 5067 2929 5104 anno
2966 5049 3102 5104 1545
3132 5052 3379 5130 Vesaliae
3410 5054 3638 5121 profuyi
3667 5056 3868 5121 recepti
3896 5058 4139 5121 faram,

2193 5122 2428 5175 maxime
2460 5137 2525 5174 ex
2571 5120 2808 5174 dioecesi
2839 5118 3153 5174 Leodienst'.
3226 5122 3399 5176 Inmb
3438 5122 3654 5190 quidem
3688 5122 3970 5176 doctrinae
4003 5140 4138 5178 ana-

2193 5188 2511 5257 baptisticae
2546 5189 2780 5256 suspecti
2807 5188 3048 5256 fuerant,
3084 5188 3182 5243 sed
3195 5189 3527 5255 confessioni
3547 5190 3877 5245 orthodoxae
3912 5194 3982 5246 iis
4012 5210 4141 5260 pro—

2189 5257 2734 5392 Μέἕέωἴὼῗωῗ
2754 5258 2993 5381 33⁶3.
3016 5256 3403 5382 mm
3465 5257 3745 5327 ‘W⁰¹“’'⁸’
3786 5259 3907 5325 Μ
3950 5260 4139 5315 “m'‘

2195 5342 2243 5380 v.
2497 5343 2554 5394 p.
2994 5343 3030 5379 a
3403 5368 3414 5379 .
