4825 6175
209 379 313 441 105

206 571 271 632 ιιι
308 569 538 648 postea
579 563 841 631 silentio
887 562 1249 629 doctrinam
1304 561 1488 628 illam
1529 569 1844 646 perpetuo
1886 583 2138 646 preme-

202 661 309 729 ret,
353 648 539 716 nobis
575 671 750 727 vere,
793 670 879 714 ne
924 648 1004 714 de
1047 648 1323 714 victoria
1364 647 1823 734 gloriaremur,
1868 668 1951 713 ne
1986 647 2141 731 quid

202 735 535 803 turbarum
581 734 890 819 deinceps
935 734 1350 801 excitaretur.
1439 731 1518 800 Si
1562 742 1781 798 tamen
1826 733 1920 798 ita
1962 744 2141 800 certo

199 822 431 888 habere
487 822 690 900 nosti,
746 842 1016 904 sequere
1071 829 1257 885 tuam
1313 819 1738 885 sententiam:
1796 820 1960 884 mihi
2004 839 2141 884 me-

202 908 402 973 moria
456 907 711 989 reliqua
760 906 1178 982 exciderunt,
1238 913 1496 990 praeter
1553 905 1715 970 haec
1757 925 1920 989 quae
1964 927 2137 971 com·

199 1013 501 1059 memoro.
549 991 854 1073 Quorum
898 1003 962 1058 te
1005 990 1239 1057 lubens
1282 991 1426 1056 ideo
1471 1012 1724 1067 moneo,
1768 989 1942 1073 quod
1986 1012 2139 1057 con-

199 1080 523 1146 sistorium
580 1080 653 1142 in
710 1078 1160 1145 testimonium
1219 1098 1412 1143 vocas
1470 1075 1640 1160 quod
1698 1076 1841 1141 eius
1910 1076 2142 1140 honori

196 1185 454 1249 parcere
488 1163 712 1229 voluit.
759 1163 868 1229 Ad
903 1165 1064 1230 haec
1099 1164 1164 1227 in
1194 1162 1572 1229 Genevensi
1594 1161 2034 1245 disputatione
2059 1163 2139 1235 ¹⁰)

198 1251 281 1316 ita
311 1250 558 1316 missae
595 1271 911 1316 canonem
948 1250 1085 1315 suis
1123 1246 1772 1332 interpretationibus
1815 1247 2140 1324 tuebatur,

197 1345 263 1402 ut
313 1344 386 1402 et
439 1335 812 1420 papismum
872 1342 1201 1401 everteret
1249 1340 1318 1398 et
1373 1333 1455 1400 ad
1514 1333 1865 1400 veritatem
1918 1340 2142 1399 tamen

197 1443 318 1487 non
365 1422 733 1487 accederet:
783 1418 1216 1487 contendebat
1260 1434 1481 1484 tamen
1526 1431 1781 1484 veteres
1817 1419 1910 1485 sio
1946 1418 2139 1483 intel-

194 1508 445 1574 lexisse.
534 1505 1366 1572 Transsubstantiationem
1423 1506 1736 1589 negabat,
1782 1513 1851 1570 et
1892 1505 2137 1570 sacrifi-

194 1594 353 1659 cium
376 1645 396 1672 ,
457 1592 571 1659 sed
631 1592 1191 1675 interpretabatur
1261 1591 1653 1657 sacrificium
1672 1642 1687 1668 ,
1756 1590 2141 1655 memoriam

194 1679 520 1758 sacrificii,
582 1699 658 1744 eo
703 1689 892 1763 tropo
934 1676 1324 1763 (inquiebat)
1380 1697 1510 1759 quo
1568 1698 1687 1742 nos
1728 1676 1845 1741 illa
1887 1675 2141 1741 Christi

158 1764 426 1838 rerba:
470 1764 622 1831 Hoc
664 1773 785 1847 est,
811 1785 1047 1848 corpus
1088 1783 1310 1827 meum
1356 1773 1476 1828 etc.
1557 1762 1727 1828 Utut
1769 1772 1993 1826 tamen
2035 1782 2142 1826 res

190 1850 521 1929 habuerit,
576 1851 672 1914 ita
724 1848 1103 1934 disputabat
1157 1848 1497 1915 nobiscum
1551 1857 1626 1911 ut
1669 1846 1872 1913 nollet
1928 1845 2139 1913 hostis

189 1935 411 2003 haberi
456 1937 784 2014 veritatis,
842 1934 955 2001 sed
1012 1944 1232 2025 tamen
1279 1954 1519 1999 nervos
1574 1954 1800 1999 omnes
1836 1931 2138 1998 intende-

187 2022 291 2088 bat
323 2029 407 2088 ut
439 2022 747 2098 vinceret,
783 2042 859 2088 ac
894 2042 1010 2086 ora
1051 2018 1237 2086 nobis
1272 2020 1660 2098 obstrueret,
1703 2040 1830 2103 quo
1874 2017 2143 2102 gloriari

187 2116 401 2192 posset
446 2106 528 2172 de
574 2107 864 2174 victoria.
941 2105 1116 2173 Nam
1161 2127 1237 2171 eo
1281 2115 1422 2170 erat
1464 2104 1727 2190 ingenio
1770 2114 1848 2169 ut
1891 2104 2137 2188 gloriae

187 2194 303 2260 Dei
345 2201 421 2260 et
455 2193 600 2258 eius
633 2192 897 2259 veritati
941 2191 1307 2258 detractum
1351 2199 1638 2274 cuperet,
1684 2199 1761 2255 ut
1805 2210 1961 2257 suae
2005 2190 2139 2274 glo-

185 2281 308 2345 riae
350 2277 710 2345 accederet.

346 2365 542 2431 Haec
596 2372 756 2429 sunt
813 2385 981 2447 quae
1021 2360 1367 2429 scribenda
1409 2362 1639 2440 habui,
1695 2360 1994 2445 quamvis
2037 2360 2137 2424 in-

192 2447 381 2536 digna
426 2450 665 2534 quibus
707 2448 1003 2533 legendis
1045 2448 1401 2532 occuperis.
1492 2445 1571 2513 Si
1613 2445 1779 2512 nihil
1824 2456 1924 2512 est
1964 2444 2137 2529 quod

192 2542 249 2601 te
289 2543 581 2614 moveat,
643 2542 985 2601 contemne
1037 2542 1213 2611 tut0,
1257 2531 1373 2599 sed
1424 2533 1578 2598 vide
1633 2554 1718 2597 ne
1777 2531 2057 2598 desistas
2102 2553 2142 2597 a

196 2631 406 2706 coepto
447 2642 660 2705 opere.
723 2619 1046 2701 Quamvis
1081 2620 1256 2684 enim
1303 2619 1434 2684 scio
1479 2626 1544 2683 te
1588 2618 1962 2684 melioribus
1999 2625 2135 2684 stu·

195 2706 308 2773 diis
364 2708 582 2792 magis
639 2706 983 2784 delectari,
1041 2727 1073 2770 s
1120 2727 1231 2771 ero
1286 2715 1508 2769 tamen
1554 2714 1617 2769 te
1658 2725 1790 2769 non
1836 2724 2140 2787 prorsum

192 2791 480 2860 lusurum
519 2813 783 2875 operam
820 2793 889 2856 in
925 2792 1061 2858 refe
1112 2790 1299 2857 endis
1332 2791 1522 2856 istius
1557 2790 1740 2857 canis
1774 2788 2141 2855 latratibus.

195 2876 373 2959 Quod
421 2877 678 2945 Farello
721 2878 1032 2944 scelestus
1089 2877 1201 2942 ille
1244 2875 1324 2942 de
1368 2876 1622 2942 sicariis
1664 2876 1911 2956 obiicit,
1966 2872 2144 2941 idem

193 2964 348 3029 mihi
411 2985 668 3047 quoque
733 2964 970 3031 obiecit
1023 2964 1092 3027 in
1152 2970 1385 3028 senatu
1448 2961 1944 3038 Lausannensi,
2005 2980 2143 3025 non

193 3050 391 3116 solum
425 3048 606 3135 quod
648 3050 759 3133 qui
803 3071 844 3116 a
885 3049 1072 3116 nobis
1117 3056 1370 3115 starent
1411 3047 1478 3114 id
1522 3047 1982 3127 decrevissent,
2027 3044 2143 3112 sed

194 3135 357 3220 quod
399 3158 525 3222 ego
569 3157 822 3220 quoque
864 3136 1161 3202 conscius
1218 3155 1430 3200 essem
1474 3153 1596 3199 neo
1640 3132 2142 3198 admonuissem.

350 3223 588 3290 Unum
649 3230 948 3306 superest
1002 3222 1074 3286 in
1118 3242 1246 3304 quo
1308 3228 1447 3305 aut·
1476 3230 1549 3284 tu
1603 3227 1720 3284 aut
1774 3240 1895 3303 ego
1951 3217 2144 3283 fallor

194 3310 501 3375 memoria
558 3308 726 3391 quod
788 3308 1017 3375 scribis
1060 3304 1143 3371 de
1186 3306 1440 3371 Catone
1505 3325 1693 3370 caeso
1748 3313 1814 3369 et
1857 3304 1998 3369 eius
2040 3325 2145 3368 re-

196 3414 442 3476 sponso.
475 3399 495 3438 ¹
512 3394 563 3479 ¹)
632 3393 782 3459 Nisi
824 3392 1019 3458 valde
1057 3392 1251 3459 fallor
1292 3390 1363 3456 id
1406 3389 1667 3458 Socrati
1710 3390 1792 3455 ab
1836 3389 1982 3455 aliis
2026 3389 2143 3454 tri-

194 3477 427 3545 buitur.
506 3480 658 3545 Non
704 3486 805 3545 est
848 3499 1049 3563 grave
1092 3489 1450 3562 peccatum,
1494 3496 1855 3559 vereorque
1893 3497 1979 3541 ne
2024 3494 2146 3559 ego

196 3564 377 3631 fallar
432 3566 657 3650 potius
700 3585 895 3648 quam
940 3572 1018 3630 tu
1033 3616 1050 3643 ,
1105 3564 1408 3647 quamvis
1470 3561 1641 3646 apud
1684 3561 2017 3628 Basilium
2064 3560 2145 3625 de

199 3647 459 3718 Socrate
520 3651 689 3717 mihi
747 3650 1061 3734 scriptum
1116 3649 1453 3715 videatur:
1512 3646 1685 3731 quod
1740 3667 1879 3711 non
1933 3648 2146 3711 ausim

199 3743 411 3802 tamen
476 3738 877 3820 pertinacius
942 3734 1261 3802 adserere.
1351 3733 1487 3802 Sed
1541 3733 1698 3816 quid
1753 3733 2002 3798 frustra
2043 3731 2148 3797 his

200 3824 380 3906 nugis
423 3830 494 3887 te
536 3843 830 3889 remoror
874 3822 955 3888 ab
998 3821 1351 3887 instituto?
1416 3821 1526 3886 Da
1567 3839 1833 3901 operam
1876 3828 1952 3883 ut
1992 3839 2145 3883 mox

201 3905 276 3970 ad
314 3908 702 3974 umbilicum
740 3907 1077 3991 perducas.

359 3995 562 4059 Mitto
620 3993 702 4058 ad
758 4004 822 4058 te
880 4014 1069 4057 exem
1116 3992 1216 4057 lar
1278 3992 1618 4057 literarum
1682 3988 1920 4073 quibus
1983 3986 2148 4053 mihi

203 4097 237 4141 a
285 4078 685 4145 Bernatibus
750 4099 1046 4145 commen
1094 4091 1241 4143 atus
1306 4085 1434 4156 est,
1465 4079 1548 4159 ¹⁶2)
1613 4084 1692 4141 ut
1755 4077 1999 4142 certius
2066 4096 2148 4141 ex

202 4165 430 4247 scripto
489 4163 820 4230 adscribas
875 4164 1047 4247 quod
1103 4164 1322 4229 visum
1379 4163 1596 4228 fuerit.
1687 4161 2026 4226 Misissem
2083 4169 2150 4224 et

201 4246 405 4315 bullae
450 4251 694 4333 prioris
732 4249 1088 4334 exemplar,
1130 4250 1258 4314 nisi
1298 4248 1472 4334 apud
1507 4258 1575 4313 te
1611 4268 1752 4314 esse
1787 4254 2146 4329 putassem.

205 4332 465 4400 Isabella
510 4335 631 4400 tibi
675 4336 996 4401 maximas
1040 4337 1179 4421 agit
1220 4337 1496 4421 gratias,
1553 4354 1708 4399 nam
1750 4332 1847 4396 illi
1888 4331 1960 4395 in
2004 4332 2149 4414 ipso

203 4421 506 4505 temporis
546 4421 821 4488 articulo
856 4423 1130 4487 missum
1166 4431 1267 4487 est
1302 4420 1682 4486 subsidium.
1743 4415 2148 4502 Scripsimus

204 4504 333 4569 eius
397 4507 666 4573 nomine
731 4508 1300 4573 commendatitias
1363 4507 1587 4571 literas
1653 4503 1735 4569 ad
1800 4503 2144 4580 Bernates,

204 4590 305 4654 sed
364 4593 603 4674 quibus
662 4592 956 4659 nondum
1010 4614 1399 4677 responsum
1458 4599 1575 4658 est.
1664 4589 1873 4654 Doleo
1935 4588 2146 4654 vicem

210 4674 469 4744 G-irardi
523 4679 955 4763 typographi:
1020 4699 1174 4744 nam
1231 4686 1551 4762 quantum
1605 4697 1687 4742 ex
1744 4674 1884 4739 eius
1937 4673 2147 4738 literis

207 4769 267 4824 et
284 4783 492 4846 nuper
515 4783 606 4828 ex
638 4766 780 4830 eius
813 4764 1132 4848 colloquio
1167 4763 1484 4842 intellexi,
1522 4763 1733 4829 bonus
1769 4761 1872 4824 vir
1906 4779 2148 4843 magna

345 5017 441 5088 10)
482 5018 691 5075 Etiam
725 5022 857 5076 hoec
889 5021 951 5075 in
987 5021 1129 5076 edito
1164 5021 1338 5077 libello
1383 5025 1597 5075 mutata
1630 5018 1900 5085 videnmr,
1937 5018 1994 5072 si
2022 5032 2146 5072 eon-

200 5084 303 5150 fen
335 5104 471 5159 quae
503 5105 663 5145 numo
691 5109 745 5157 p.
780 5088 886 5144 304
917 5090 1186 5161 loquutur.

360 5156 457 5224 u)
498 5156 725 5213 Catonis
758 5173 951 5213 nomen
984 5176 1133 5214 nunc
1164 5159 1227 5213 in
1268 5154 1488 5214 Gabini
1518 5157 1723 5227 scripto
1755 5155 1872 5211 nisi
1898 5154 2150 5223 fallimur

213 5224 1852 5365 mnffissfflowwilomhucnonpertim.

2009 378 2170 440 1545
2214 375 2398 444 IUL.

4073 379 4192 443 106

2244 564 2572 648 premitur
2612 563 2929 647 pecuniae
2970 562 3249 647 penuria
3290 583 3420 649 quo
3464 564 3545 628 fit
3579 571 3653 628 ut
3682 585 3889 647 paene
3924 573 4196 649 cogatur

2245 648 2505 732 prelum
2547 647 2845 715 deserere
2903 648 3034 714 nisi
3078 649 3441 715 adiuvetur.
3531 649 3606 715 Si
3651 650 3935 716 inveniri
3977 660 4197 734 posset

2246 735 2483 818 aliquis
2520 735 2634 819 qui
2682 734 3026 820 pecuniam
3085 734 3549 818 suppeditaret,
3594 734 3947 801 excuderet
3980 737 4195 802 denuo

2244 821 2515 886 Novum
2556 820 3053 886 Testamentum
3072 872 3087 899 ,
3146 842 3269 887 nec
3324 822 3642 887 iacturam
3683 822 3929 887 faceret
3969 823 4080 905 qui
4124 843 4194 888 se

2245 906 2497 972 socium
2556 905 2963 990 adiungeret.
3042 907 3221 971 Eum
3284 906 3401 973 tibi
3463 907 3988 973 commendarem
4003 959 4019 988 ‚
4066 908 4198 975 nisi

2244 1001 2423 1058 certo
2467 991 2701 1058 scirem
2749 992 2867 1056 tibi
2911 1013 3054 1058 esse
3096 1013 3295 1074 quam
3351 991 4081 1059 commendatissimum.
4111 991 4195 1080 ¹⁸)

2244 1076 2553 1159 Undique
2596 1078 2934 1161 premitur.
3005 1077 3197 1143 Libri
3240 1101 3415 1145 nunc
3457 1100 3590 1144 non
3635 1086 3794 1146 sunt
3834 1079 4197 1145 vendibiles

2247 1162 2696 1228 saevientibus
2755 1164 3359 1247 persequutoribus,
3422 1176 3489 1230 et
3530 1165 3642 1247 qui
3686 1164 3767 1229 ab
3811 1186 3887 1231 eo
3930 1164 4195 1231 venales

2246 1258 2635 1333 acceperant
2675 1249 2871 1314 multi
2913 1250 3267 1334 perierunt.
3358 1249 3433 1316 Si
3478 1249 3607 1315 alia
3651 1250 3919 1330 desunt,
3963 1251 4197 1316 saltem

2244 1335 2391 1400 viro
2436 1333 2605 1399 bono
2649 1335 2864 1400 aderis
2907 1335 3192 1401 consilio.
3271 1338 3554 1401 Remitto
3599 1337 3838 1420 scripta
3884 1337 3953 1401 in
4003 1334 4196 1403 Garo-

2244 1420 2393 1486 lum.
2440 1420 2770 1503 Epistolas
2806 1432 2964 1486 vero
3000 1442 3282 1504 quarum
3315 1422 3554 1488 misisti
3585 1422 3924 1506 exemplar
3966 1423 4194 1487 remit-

2243 1514 2380 1570 tam
2437 1506 2548 1571 ubi
2605 1506 2866 1571 licuerit
2921 1528 3039 1590 per
3096 1507 3302 1572 otium
3344 1507 3562 1592 legere
3605 1515 3674 1573 et
3713 1508 4038 1573 maturius
4080 1528 4196 1572 ex-

2241 1590 2562 1675 pendere:
2622 1612 2776 1656 nam
2824 1612 2935 1658 eas
2978 1591 3305 1658 duntaxat
3347 1593 3558 1658 obiter
3598 1595 3910 1677 percurri.
3999 1590 4196 1659 Salu-

2243 1690 2395 1743 tans
2451 1684 2521 1743 te
2578 1678 2788 1743 nostri
2853 1698 3096 1744 omnes.
3187 1678 3421 1744 Saluta
3485 1680 3744 1757 amicos,
3811 1680 4198 1762 praesertim

2241 1783 2518 1829 uxorem
2564 1784 2710 1829 meo
2755 1770 2825 1828 et
2864 1785 3050 1829 meae
3105 1766 3332 1830 uxoris
3388 1766 3682 1844 nomine,
3740 1785 3908 1848 quae
3961 1785 4196 1849 parum

2241 1848 2424 1915 valet
2465 1871 2547 1914 ex
2595 1849 2797 1915 animi
2842 1851 3189 1916 sententia.
3279 1849 3533 1915 Vereor
3573 1872 3657 1916 ne
3700 1849 3964 1916 tandem
4007 1870 4196 1933 aper-

2244 1935 2375 2000 tius
2435 1936 2704 2001 morbus
2762 1944 3085 2020 erumpat.
3174 1935 3362 2001 Vale.
3446 1937 3847 2003 Lausannae
3895 1941 3990 2001 14.
4038 1935 4192 2000 Iulii

2249 2024 2432 2086 1545.

3375 2107 3558 2173 'l'uus
3607 2109 3683 2173 P.
3728 2108 4023 2174 Viretus.

3020 2404 3424 2411 -.......—......——.---—

3154 2619 3298 2690 661.

2671 2772 3257 2841 LIBER'PE'I‘US
3301 2772 3765 2840 FARELLO.

2424 2942 2728 3010 Calvinus
2753 2942 3252 3028 Okampmaum
3284 2964 3508 3011 novum
3537 2944 3899 3010 ministram
3918 2945 3988 3009 in
4009 2964 4196 3010 suam

2238 3030 2614 3116 parochiam
2656 3030 2917 3098 deducit.

2248 3204 2357 3273 (Ex
2392 3202 2729 3274 autographo
2761 3202 2905 3256 Bibl.
2941 3206 3083 3271 past.
3118 3201 3582 3256 Neooomensium.
3618 3202 3759 3272 Epp.
3799 3200 3966 3254 Fabri
3999 3199 4068 3254 N.
4085 3198 4196 3266 44.)

2420 3356 2637 3424 Fideli
2680 3356 2932 3425 Christi
2977 3376 3171 3422 servo
3215 3355 3551 3422 Gulielmo
3594 3355 3860 3421 Farello
3938 3324 3945 3330 ’

3703 3441 4030 3507 Neocomi.

2423 3617 2507 3628 ——
2554 3617 2636 3629 —
2682 3614 2762 3626 -
2814 3618 2883 3629 -
2939 3576 3247 3648 Calvinus
3299 3578 3406 3644 die
3462 3579 3783 3645 dominico
3812 3578 3857 3661 ¹)
3914 3578 4025 3644 hic
4077 3579 4203 3645 fuit

2248 3666 2522 3732 fratrem
2570 3665 3062 3749 champerezbm
3103 3665 3522 3731 Draillanum
3566 3662 3925 3731 deducendi
3969 3666 4197 3750 gratia,

2249 3753 2366 3818 ubi
2420 3754 2818 3819 constitutus
2872 3760 2974 3817 est
3029 3751 3345 3817 minister.
3437 3751 3701 3816 Literas
3757 3772 3793 3815 e
3837 3749 4201 3816 Germania

2249 3841 2548 3922 proxime
2590 3851 2972 3922 recepturus
3016 3848 3134 3905 est.
3219 3837 3371 3903 Non
3414 3836 3637 3903 dubito
3682 3836 3842 3919 quin
3882 3856 4038 3900 mox
4079 3836 4202 3902 tibi

2250 3924 2581 4008 significet
2635 3924 2807 4008 quod
2864 3924 2934 3988 in
2980 3925 3074 3990 eis
3117 3921 3574 3990 continebitur.
3658 3923 3718 3987 E
3849 3942 4103 4004 quoque
4144 3922 4203 3986 si

2251 4008 2406 4092 quid
2449 4032 2834 4094 prosperum
2876 4010 3267 4076 intellexero
3309 4018 3542 4075 nactus
3588 4008 3735 4074 tabe
3788 4007 4001 4073 arium
4044 4028 4202 4077 mox

2252 4095 2551 4162 scribam.
2592 4132 2672 4141 -·
2721 4130 2803 4141 —
2847 4132 2934 4143 —-
2976 4096 3138 4161 Tho.
3190 4101 3284 4160 15.
3329 4094 3488 4161 Iulii
3538 4098 3719 4159 1545.

2868 4216 3050 4281 'Puus
3099 4214 3474 4298 christoph.
3520 4213 3739 4280 Faber
3779 4213 4029 4279 Libert.

2426 4451 2518 4516 13)
2557 4453 2811 4509 Plurima
2848 4454 3068 4510 Caluini
3111 4454 3321 4522 scripta
3366 4467 3432 4506 ea:
3471 4449 3707 4506 Girardi
3744 4451 3899 4520 prelo
3931 4448 4203 4518 prodiisse

2251 4539 2317 4577 ex
2358 4523 2762 4593 Proleyomem's
2795 4524 3003 4577 nostris
3033 4522 3242 4592 passim
3278 4521 3536 4575 didicisti.
3606 4519 3730 4574 Hoc
3763 4519 3885 4588 ipso
3919 4533 4067 4572 anno
4104 4518 4201 4571 In-

2248 4592 2458 4646 stitutio
2490 4592 2693 4663 qauiea
2729 4591 2877 4646 edita
2910 4591 3020 4658 fuit
3032 4632 3048 4659 ,
3081 4590 3300 4660 praeter
3334 4590 3465 4645 alia.
3539 4588 3760 4643 Novum
3806 4587 4198 4642 Testamentum

2242 4660 2502 4730 qallicum
2537 4677 2574 4715 a
2615 4659 2844 4716 Calvino
2888 4662 3220 4729 recognitum
3266 4658 3343 4713 ad
3390 4675 3440 4712 a.
3483 4656 3617 4711 1543
3664 4656 3862 4712 laudat
3897 4654 4199 4723 Gaudieur,

2249 4728 2707 4866 inffffi
2761 4727 2897 4852 {nam
