4825 6175
547 412 550 415 ⁴
596 424 717 490 181

595 612 670 677 in
712 629 842 693 quo
883 630 968 675 ex
1011 605 1429 692 praecedenti
1463 604 1729 671 videtur
1755 603 2135 671 Barnabam
2179 614 2247 671 et
2265 605 2554 671 Paulum

600 715 950 763 conversos
993 715 1125 760 non
1168 692 1641 776 lerosolymam
1685 690 1800 757 sed
1835 691 2258 758 Antiochiam
2300 692 2551 773 potius:

597 783 695 847 ita
752 789 830 846 nt
883 800 1073 845 mens
1115 780 1340 844 Lucae
1396 779 1484 841 sit
1538 778 1917 843 Barnabam
1975 786 2042 842 et
2094 777 2382 842 Paulum
2437 797 2554 841 ex·

600 867 781 953 pleto
834 865 1257 951 lerosolymis
1310 863 1674 928 ministerio
1729 885 2026 929 reversos
2077 863 2296 937 fuisse,
2357 863 2552 927 Anti-

602 953 863 1019 ochiam
930 951 1195 1018 seilicet.
1287 948 1657 1015 Observavi
1722 958 1791 1014 et
1850 949 2096 1016 contuli
2162 957 2420 1013 tantum
2484 947 2555 1011 in

603 1039 790 1105 Actis
842 1058 1047 1121 usque
1104 1037 1188 1101 ad
1252 1041 1436 1099 14‘m
1489 1043 1705 1117 caput.
1795 1032 1872 1100 Si
1929 1034 2086 1117 quid
2129 1035 2405 1099 ulterius
2442 1032 2554 1098 de-

599 1123 1011 1208 prehendero
1067 1121 1524 1188 observatione
1588 1119 1884 1203 dignum,
1942 1142 2077 1185 non
2135 1119 2445 1184 dubitabo
2489 1126 2555 1184 te

600 1217 721 1276 aut
768 1209 1130 1275 Galla-sium
1180 1215 1480 1273 nostrum
1534 1205 1905 1281 admonere,
1965 1213 2040 1271 ut
2092 1206 2149 1271 si
2204 1203 2361 1287 quid
2414 1204 2552 1269 Do-

602 1296 825 1360 minus
868 1316 990 1360 sua
1031 1296 1245 1378 gratia
1286 1293 1543 1376 aperire
1586 1290 1894 1376 dignatus
1949 1292 2167 1368 fuerit,
2222 1298 2434 1355 totum
2489 1296 2557 1354 et

604 1381 869 1447 veritati
901 1379 1332 1445 illustrandae
1354 1389 1423 1443 et
1442 1378 1649 1460 ipsius
1671 1378 1916 1461 gloriae
1939 1377 2203 1443 serviat.
2272 1375 2555 1441 Interim

602 1475 868 1532 tuarum
903 1467 1187 1550 partium
1224 1464 1367 1540 erit,
1414 1464 1519 1528 vir
1540 1463 2035 1542 humanissime,
2069 1483 2176 1526 me
2210 1483 2330 1544 per
2346 1462 2553 1526 otium

605 1552 958 1618 admonere
1000 1551 1158 1633 quid
1202 1548 1283 1614 de
1327 1550 1432 1614 his
1474 1549 1635 1614 locis
1668 1549 1932 1626 sentiae,
1968 1557 2043 1613 ut
2079 1558 2196 1613 aut
2236 1548 2378 1630 ipse
2413 1568 2555 1612 cor-

603 1637 840 1722 rigam,
906 1646 1023 1701 aut
1084 1645 1204 1701 tua
1267 1635 1597 1701 sententia
1653 1656 1867 1700 meam
1924 1636 2294 1700 versionem
2343 1633 2556 1716 magis

606 1725 1006 1789 confirmem.
1112 1721 1259 1787 'ribi
1333 1721 1511 1785 enim
1575 1720 1802 1785 multis
1857 1720 2230 1785 nominibus
2294 1726 2556 1783 tantum

607 1809 827 1874 tribuo
870 1817 945 1873 ut
987 1808 1101 1891 qui
1142 1807 1449 1883 maxime,
1494 1827 1570 1871 ac
1613 1806 1885 1888 proinde
1922 1806 2135 1870 Deum
2172 1804 2327 1886 Opt.
2370 1804 2552 1869 Max.

602 1902 916 1978 perpetuo
960 1914 1190 1977 precor
1231 1901 1308 1958 ut
1351 1901 1419 1958 te
1463 1892 1546 1956 ad
1590 1891 1899 1957 ecclesiae
1935 1911 2094 1956 suae
2136 1889 2557 1973 gubernatio-

602 2002 776 2058 nem,
823 1979 1361 2053 aedificationem,
1418 1978 1863 2042 defensionem
1919 1985 1987 2041 et
2029 1975 2555 2052 consolationem,

603 2086 841 2132 sanum
884 2075 953 2130 et
993 2064 1387 2130 incolumem
1432 2062 1796 2127 diutissime
1849 2073 2087 2127 servet.
2176 2062 2272 2126 'I'e
2315 2060 2559 2126 salutat

608 2150 919 2217 Claudius
976 2159 1200 2216 noster
1218 2150 1275 2234 ²)
1332 2159 1398 2214 et
1455 2157 1666 2213 mater
1721 2170 1869 2213 cum
1917 2157 2057 2211 tota
2101 2146 2364 2211 familia.
2455 2147 2556 2211 'ru

603 2238 802 2303 etiam
847 2237 1160 2302 salutabis
1204 2257 1348 2301 meo
1392 2235 1661 2299 nomin'e
1704 2235 2106 2300 carissimam
2165 2240 2347 2297 tuam
2393 2253 2557 2296 uxo-

603 2342 745 2387 rem
790 2330 855 2388 et
898 2323 1139 2389 amicos
1182 2332 1250 2386 et
1291 2323 1528 2386 fratres
1588 2339 1816 2385 omnes
1861 2320 1930 2383 in
1977 2319 2283 2384 Domino.
2371 2319 2558 2383 Bene

603 2408 772 2474 vale.
862 2408 1135 2474 Bursini
1180 2413 1236 2472 7.
1275 2406 1583 2491 Augusti.

1429 2542 1535 2606 Ex
1582 2542 1802 2607 animo
1846 2549 1913 2605 et
1955 2549 2270 2623 perpetuo
2314 2547 2471 2605 tuus

1762 2627 1816 2692 Ι.
1854 2626 2149 2692 Diazius.

1376 2921 1781 2930 *m*—

1498 3154 1650 3227 676.

1094 3290 1566 3361 OALVINUS
1611 3291 2073 3358 FARELLO.

787 3467 1213 3534 Gaucherium
1255 3466 1392 3530 eius
1430 3464 1692 3546 fratrem
1729 3466 1800 3529 in
1828 3464 2049 3530 Gallia
2086 3466 2275 3529 teneri
2310 3467 2382 3530 in
2428 3465 2558 3529 vin-

606 3555 768 3622 culis
809 3555 1084 3627 nunciat,
1128 3551 1750 3635 Argentoratensium
1780 3550 1937 3632 forte
1966 3552 2306 3616 amicorum
2342 3552 2560 3615 indus-

604 3642 737 3707 tria
781 3640 1053 3707 libertati
1094 3638 1488 3704 reddendum.
1582 3636 1863 3702 Genevac
1920 3637 2121 3703 adhuc
2164 3657 2265 3701 res
2312 3638 2379 3702 e’n
2422 3657 2559 3702 sus-

592 3747 794 3810 penso
837 3726 1044 3809 quoad
1090 3723 1336 3791 Farelli
1394 3723 1737 3788 advemum.
1830 3722 2080 3788 Interea
2110 3725 2316 3803 pestis
2357 3725 2559 3788 saevit

600 3814 700 3880 vel
732 3814 805 3878 in
845 3812 1183 3877 ministros.

609 3983 723 4039 (Ex
760 3980 1095 4052 autographo
1131 3978 1258 4033 Cod.
1280 3978 1481 4031 Genev.
1522 3978 1635 4047 106,
1671 3976 1885 4031 sol.123
1920 3978 2038 4031 coll.
2074 3994 2193 4031 cnm
2230 3996 2434 4049 apogra
2473 3982 2557 4033 his

609 4052 889 4105 Turretini
938 4049 1067 4103 Ood.
1108 4048 1236 4114 111,
1284 4048 1377 4101 fol.
1417 4045 1543 4113 123,
1595 4048 1859 4101 Bemensi
1913 4048 2052 4115 Epp.
2093 4047 2210 4101 Vll.
2260 4066 2312 4117 p.
2361 4048 2430 4102 69
2501 4056 2559 4102 et

609 4120 828 4174 Simleri
878 4118 1006 4172 Vol.
1089 4115 1136 4170 7.
1206 4118 1428 4169 Absunt
1472 4117 1633 4169 inseri
1676 4116 1756 4169 tio
1800 4122 1858 4169 et
1902 4116 2245 4184 subscriptio.
2326 4119 2558 4187 Anglioe

1088 4186 1287 4255 legitur
1321 4185 1382 4237 Τ.
1420 4186 1495 4238 11.
1532 4203 1586 4253 p.
1620 4132 1674 4237 ἔ
1689 4184 1820 4238 edit.
1856 4184 2085 4249 Edinb.)

782 4373 851 4440 S.
878 4372 1127 4438 Audies
1151 4373 1406 4437 tristem
1432 4373 1763 4437 nuncium.
1832 4372 1961 4437 Hic
1984 4373 2161 4437 enim
2187 4372 2309 4438 tibi
2330 4395 2558 4439 narra-

609 4462 705 4528 bit
748 4462 1018 4525 fratrem
1064 4469 1249 4522 tuum
1302 4458 1725 4523 Gaucherium
1785 4458 1999 4522 teneri
2056 4460 2127 4523 in
2173 4460 2476 4539 vinculiS‚
2509 4462 2557 4544 ¹)

608 4568 730 4611 nec
770 4546 964 4628 longe
1007 4545 1232 4610 abesse
1278 4564 1318 4608 a
1361 4545 1590 4607 mortis
1633 4543 1939 4624 pericula
2008 4545 2270 4609 Accidit
2312 4546 2561 4611 scilicet

611 4704 777 4712 ——-
794 4705 837 4711 -
862 4703 1017 4711 --a--ae

813 4785 874 4850 2)
916 4783 1274 4837 Senarczaeus
1307 4784 1528 4848 saepius
1544 4784 1655 4834 iam
1689 4780 1952 4837 laudatus
1985 4782 2127 4849 (606.
2149 4783 2268 4838 611.
2293 4782 2397 4836 612
2421 4784 2557 4849 eta).

610 4855 778 4924 Apud
812 4856 959 4907 hunc
994 4852 1233 4903 Bur-sim·
1278 4850 1493 4904 videtur
1527 4856 1655 4904 tunc
1688 4853 1945 4917 temporis
1977 4859 2338 4906 commoratus
2368 4854 2559 4919 fuisse,

604 4926 736 4978 inde
783 4924 1203 4991 Arqentoratum
1264 4922 1564 4987 petiturus,
1627 4933 1735 4987 quo
1787 4922 1901 4972 iam
1957 4926 2085 4973 ante
2132 4922 2293 4986 tinem
2357 4923 2560 4975 mensis

612 4995 853 5062 Auqnsti
880 4994 1214 5058 pervenerat.
1293 4988 1579 5051 Genavam,
1625 5003 1789 5056 quum
1824 4988 1967 5041 hanc
2001 4990 2271 5051 scriberet,
2306 4992 2401 5044 viz:
2436 4990 2558 5043 reli·

608 5064 790 5131 quisse
818 5058 1103 5128 putandus
1138 5064 1231 5119 est,
1267 5073 1428 5126 quum
1458 5058 1577 5121 fere
1609 5056 1787 5109 eodem
1812 5065 2045 5124 tempore
2063 5057 2365 5129 Dryander
2403 5057 2554 5125 (673)

608 5147 729 5185 eum
765 5132 844 5184 ibi
877 5128 1028 5195 apud
1068 5126 1353 5179 Calvinum
1390 5126 1569 5179 adhuc
1604 5132 1754 5179 stare
1786 5127 2092 5182 crediderit.

635 5198 777 5253 676.
817 5198 875 5261 1)
919 5196 1306 5262 Gralianopoli
1347 5198 1607 5260 fortasse,
1652 5195 1722 5259 cf.
1767 5193 1898 5257 643,
1946 5202 2053 5248 not.
2093 5194 2139 5248 7.
2224 5194 2559 5261 Kn'rchhofer

610 5268 697 5321 ΙΙ.
752 5265 822 5320 88
866 5273 917 5319 et
967 5268 1119 5327 infe-a
1160 5265 1230 5318 N.
1287 5261 1405 5317 702.
1481 5263 1760 5317 Caeterum
1805 5280 1924 5317 eum
1974 5279 2040 5317 ex
2083 5265 2340 5329 faucibus
2384 5265 2557 5318 leonis

604 5337 813 5390 salvum
849 5335 1083 5388 evasisse
1114 5334 1328 5387 scimus.

2151 415 2679 485 EPIS'DOLAR
2724 417 3061 482 675-677

4487 416 4594 484 18²

2656 604 2831 688 quod
2873 625 3133 688 semper
3174 605 3399 684 timui,
3456 605 3629 688 quod
3682 625 3943 690 semper
3995 606 4134 672 fore
4184 601 4500 689 praedixi,
4536 613 4593 670 et

2655 689 2729 755 in
2772 712 2899 775 quo
2943 690 3129 756 doleo
3171 712 3278 756 me
3314 713 3451 757 non
3491 689 3697 756 fuisse
3739 690 3983 758 falsum
4027 699 4267 757 vatem.
4341 688 4475 755 Sed
4515 690 4594 755 fa·

2655 785 2917 842 cessant
2974 776 3291 842 eiusmodi
3348 777 3813 861 querimoniae.
3915 776 4109 857 Quod
4172 777 4257 842 ad
4311 796 4465 839 enm
4504 775 4592 841 iu-

2659 861 2950 928 vandum
2993 871 3274 946 spectat,
3334 863 3556 930 nescio
3595 873 3918 946 quantum
3959 864 4032 928 in
4073 861 4478 929 Bel-natibus
4517 861 4594 927 si·

2659 958 2801 1013 tum
2846 950 2960 1025 sit,
3020 948 3176 1030 quid
3212 949 3409 1014 etiam
3467 949 3589 1013 hoc
3645 956 3940 1031 tempore
3991 950 4321 1031 suscipere
4376 946 4593 1012 velint.

2660 1035 2762 1098 'Pu
2806 1033 2968 1099 haec
3022 1035 3276 1100 melius.
3367 1035 3426 1099 E
3473 1034 3835 1101 Germania
3891 1033 4059 1099 nihil
4118 1043 4378 1099 mature
4440 1030 4596 1097 obti-

2660 1120 2804 1184 neri
2845 1140 3035 1202 posse
3050 1122 3110 1202 2)
3166 1142 3315 1203 spes
3358 1129 3491 1198 est,
3550 1121 3679 1185 nisi
3733 1141 3852 1203 per
3893 1120 4211 1186 Ioannem
4258 1118 4599 1184 Sturmim

2659 1206 2788 1287 qui,
2833 1215 3170 1288 utcunque
3215 1226 3375 1290 erga
3431 1226 3701 1272 eausam
3743 1207 3911 1272 bene
3955 1206 4046 1272 sit
4088 1206 4381 1281 affectus,
4426 1203 4602 1269 fiatri

2659 1301 2770 1356 tuo
2814 1312 2950 1356 non
2990 1312 3199 1374 usque
3242 1292 3404 1357 adeo
3448 1293 3697 1357 amicus
3740 1300 3860 1356 est.
3925 1293 4149 1374 Atque
4181 1291 4438 1356 utinam
4473 1310 4598 1355 me-

2656 1375 2807 1454 lius,
2853 1375 3010 1441 dum
3052 1389 3315 1461 tempus
3358 1385 3519 1456 erat,
3565 1379 3913 1461 cogitasset
3963 1377 4124 1459 quid
4181 1377 4273 1443 sit
4325 1376 4602 1441 amicum

2659 1463 2823 1527 bene
2878 1463 3186 1528 moritum
3245 1463 3598 1528 offendere.
3686 1462 4043 1529 Praeterea
4094 1462 4416 1527 obnoxios
4470 1479 4603 1526 esse

2657 1569 2791 1613 non
2833 1549 3117 1631 ignoras,
3162 1549 3275 1631 qui
3319 1571 3513 1615 suum
3555 1549 3937 1632 obsequium
3973 1547 4165 1613 hodie
4206 1545 4606 1630 principibus

2659 1635 3023 1717 approbare
3081 1633 3327 1700 volunt.
3345 1633 3403 1720 ⁸)
3501 1631 3579 1699 Si
3644 1642 3866 1700 tamen
3932 1634 4092 1699 utile
4145 1654 4290 1700 esse
4347 1630 4605 1716 putabis

2659 1719 2904 1802 aliquid
2947 1719 3132 1785 illinc
3174 1720 3435 1795 tentari,
3479 1727 3663 1802 potes
3706 1719 3989 1786 multum
4038 1720 4393 1784 autoritate
4436 1715 4608 1802 apud

2659 1807 2872 1887 ipsum
2921 1804 3293 1871 Stamium.
3384 1805 3704 1870 Bucerum
3760 1825 3918 1872 vero
3973 1814 4162 1871 tuum
4217 1804 4423 1870 habes
4437 1854 4454 1881 ,
4506 1802 4607 1870 cui

2661 1890 2826 1954 nihil
2872 1912 3115 1975 negare
3157 1891 3270 1954 illc
3315 1892 3684 1957 sustinebit.
3773 1890 3909 1956 Sed
3952 1891 4192 1974 longus
4234 1898 4336 1956 est
4377 1890 4608 1956 circui·

2660 1986 2788 2040 tus.
2880 1977 3220 2043 Accelerat
3259 1978 3464 2060 igitur
3498 1977 3842 2056 Bernates,
3887 1997 3974 2042 ne
4017 1985 4163 2059 post
4205 1982 4469 2059 tempus
4502 1996 4612 2042 ve-

2665 2064 2805 2127 niat
2848 2062 3229 2127 remedium.

2833 2146 2940 2212 De
2983 2150 3120 2225 te⁴)
3155 2150 3477 2213 miramur
3518 2146 3686 2213 nihil
3728 2146 3916 2212 nobis
3959 2146 4353 2212 renunciari.
4437 2144 4616 2228 Quid

2662 2233 3094 2299 constitutum
3149 2233 3355 2298 fuerit
3415 2233 3590 2297 inter
3652 2232 3893 2298 fratres
3961 2232 4210 2298 Viretus
4272 2230 4611 2299 indicavit.

2664 2319 2798 2385 Sed
2842 2329 3164 2402 quantum
3209 2320 3478 2385 coniicio
3523 2340 3609 2383 ex
3653 2320 3796 2384 eius
3839 2318 4074 2396 literis,
4133 2314 4465 2382 nihildum
4513 2335 4617 2382 ac-

2664 2417 2805 2470 tum
2848 2414 2951 2470 est
2991 2405 3064 2469 in
3106 2418 3357 2470 senatu.
3447 2402 3810 2488 Quousque
3862 2404 4066 2487 igitur
4109 2424 4215 2468 res
4258 2400 4617 2486 pendebit?

2662 2491 2801 2556 Nos
2844 2490 2971 2570 hic,
3016 2500 3092 2554 ut
3133 2491 3335 2566 scias,
3396 2493 3653 2573 magnis
3707 2489 4030 2573 angustiis
4074 2489 4616 2573 constringimur.

2663 2578 2765 2640 Τιι
2810 2575 2996 2641 nobis
3039 2576 3210 2641 abes.
3301 2574 3664 2641 Matthaeus
3680 2582 3738 2650 ⁶)
3793 2576 3865 2639 in
3922 2574 4330 2641 nosocomeio
4385 2593 4620 2640 eorum

2664 2663 2775 2745 qui
2820 2673 2999 2744 peste
3053 2661 3357 2727 laborant
3413 2669 3786 2744 occupatur.
3875 2661 4156 2738 Interea,
4194 2659 4352 2725 dum
4399 2667 4470 2726 te
4515 2679 4620 2725 ao-

2664 2747 3008 2824 cersimus,
3076 2749 3319 2830 optimo
3362 2746 3565 2811 fratre
3624 2756 3693 2812 et
3748 2746 4130 2812 fidelissimo
4184 2745 4439 2830 collega
4484 2746 4619 2829 pri-

2663 2854 2916 2911 vamur,
2993 2833 3339 2898 Genistone.
3431 2831 3612 2912 Quid
3669 2833 3724 2898 si
3782 2832 4103 2897 tollantur
4181 2833 4378 2896 etiam
4453 2829 4618 2897 alii?

2663 2917 2841 2998 Quid
2894 2919 2952 2984 si
3013 2939 3190 2983 unus
3242 2917 3547 2983 tantum?
3637 2917 3814 2999 Quid
3868 2919 3926 2983 si
3988 2927 4408 3001 praepostera
4469 2937 4624 2983 nos·

2664 3013 2914 3069 trorum
3033 3004 3495 3087 superstitione
3603 3003 4023 3070 includatur?
4169 3002 4626 3084 Quemadmo-

2664 3092 2821 3156 dum
2892 3111 3107 3173 nuper
3175 3112 3411 3172 parum
3477 3090 3687 3155 abfuit
3757 3091 3918 3172 quin
3975 3091 4148 3156 bona
4201 3111 4352 3172 pars
4403 3090 4628 3155 inclu-

2663 3177 2943 3242 deretur.
2961 3178 3017 3257 6)
3127 3177 3272 3241 Has
3349 3197 3506 3260 ergo
3579 3185 3843 3242 nostras
3921 3174 4340 3242 difficultates
4403 3175 4626 3260 respi-

2662 3264 2818 3340 cite,
2907 3284 2990 3327 ne
3071 3262 3332 3346 longius
3421 3283 3620 3343 quam
3711 3284 3831 3345 par
3903 3261 3992 3328 sit
4069 3283 4191 3327 nos
4273 3260 4626 3328 deseratis.

2664 3348 2854 3429 Quod
2923 3355 3178 3413 autem-
3217 3347 3544 3413 addidisse
3619 3368 3739 3413 vos
3804 3357 4272 3413 commemorat
4345 3347 4628 3425 Virmn-5,

2664 3455 2741 3499 ea
2816 3433 3190 3500 conditione
3278 3441 3343 3496 te
3421 3433 3612 3497 nobis
3686 3431 3985 3511 concedi,
4067 3435 4122 3498 si
4200 3434 4632 3499 effecerimus

2662 3532 2737 3584 ut
2784 3520 3106 3586 Tossanus
3146 3519 3469 3595 succedat,
3512 3518 3800 3601 profecto
3841 3530 3942 3583 est
3985 3516 4352 3584 ridiculum.
4435 3517 4631 3600 Quid

2663 3606 2843 3670 enim
2908 3607 2977 3670 in
3053 3625 3133 3670 ea
3197 3625 3268 3669 re
3345 3604 3740 3687 possumus?
3764 3607 3819 3683 7)
3881 3615 3995 3670 aut
4072 3624 4203 3687 qua
4268 3604 4378 3669 via
4462 3603 4633 3669 ado-

2662 3692 2911 3756 riemur
2953 3689 3335 3775 negotium?
3425 3689 3705 3755 Summa
3765 3691 3927 3755 haec
3985 3689 4102 3755 sit:
4164 3690 4460 3772 Tempus
4509 3710 4630 3755 ne·

2661 3797 2987 3860 quaquam
3033 3776 3151 3840 tibi
3196 3775 3717 3859 praescribimus,
3761 3775 3874 3841 sed
3911 3786 4214 3859 optamus
4258 3786 4333 3840 ut
4366 3784 4636 3858 quanta

2662 3866 2904 3945 poteris
2949 3863 3239 3928 maxima
3284 3861 3627 3945 diligentia
3669 3862 3863 3927 istinc
3900 3872 3967 3926 te
4001 3861 4330 3943 expediaS,
4376 3872 4461 3926 ut
4508 3882 4632 3927 ex·

2661 3948 2923 4030 peditus
2967 3948 3050 4013 ad
3095 3969 3211 4012 nos
3255 3950 3474 4012 statim
3521 3947 3852 4014 concedas.
3943 3949 4165 4031 Aegre
4199 3948 4376 4012 enim
4423 3967 4635 4030 prae-

2662 4036 2871 4099 sentia
2929 4044 3043 4098 tua
3108 4053 3286 4098 nune
3348 4055 3678 4113 caremus,
3745 4047 3822 4098 ut
3880 4034 4228 4099 aestimare
4291 4054 4375 4098 ex
4435 4040 4633 4100 statu

2662 4132 2886 4184 nostro
2930 4131 3130 4203 potes.

2868 4303 2927 4365 2)
2966 4306 3081 4358 scil.
3126 4313 3190 4360 ut
3230 4322 3333 4374 pro
3380 4310 3594 4373 captivo
3638 4307 3991 4360 intercedant.
4060 4304 4336 4358 Stamina
4378 4306 4640 4360 maxine

2663 4374 2724 4426 in
2759 4373 2958 4428 talibus
2994 4375 3309 4429 mediatoris
3340 4378 3550 4430 arcibus
3580 4377 3749 4441 fanyi
3767 4382 3979 4442 poterat
4003 4390 4170 4442 quum
4203 4375 4266 4426 in
4290 4375 4419 4441 ipsa
4449 4373 4641 4442 Reyis

2661 4442 2796 4496 aula
2828 4445 3029 4497 amicos
3065 4445 3294 4498 haberet.
3360 4444 3449 4497 Ita
3484 4446 3582 4498 hoc
3617 4444 3740 4512 ipso
3775 4461 3922 4498 anno
3942 4443 4186 4496 Parisiis
4216 4442 4400 4508 fuerat
4422 4442 4637 4498 Land-

2660 4511 2847 4577 mat-iz·
2891 4511 3096 4577 Ieyatus
3132 4516 3284 4581 apud
3325 4513 3710 4580 Franciscum,
3759 4517 3914 4564 cuius
3959 4512 4273 4565 ministrum
4311 4510 4638 4575 Bas-soson·

2663 4585 2851 4637 tanum
2889 4580 3081 4633 deinde
3125 4583 3184 4635 in
3226 4581 3579 4635 Germaniam
3629 4582 3914 4635 comitatus
3963 4588 4056 4632 est.
4135 4577 4220 4645 Of.
4264 4577 4539 4643 Schmidt,
4574 4596 4634 4648 p.

2662 4647 2731 4700 58
2767 4664 2842 4715 sq.
2919 4648 3147 4703 Stat-mii
3181 4666 3373 4702 nomen
3407 4651 3468 4702 in
3509 4649 3702 4704 Codice
3744 4650 3971 4703 deletum
4006 4655 4058 4702 et
4096 4649 4171 4701 N.
4209 4652 4639 4716 superpositum

2662 4732 2699 4769 a
2735 4716 2887 4768 Boea
2922 4717 3151 4772 edituro.

2750 4853 2781 4907 b
2865 4784 2924 4849 3)
2965 4786 3310 4839 Gauclcerius
3344 4786 3630 4839 Guflielmo
3665 4788 3853 4841 comite
3893 4785 3953 4838 F
3948 4785 4331 4853 urstemberyn'o
4374 4794 4639 4853 patrono

2662 4859 2749 4906 ute
2784 4860 2928 4907 atur.

2865 4919 2922 4988 4)
2967 4922 3234 4976 Genevam
3272 4922 3531 4987 vocanda,
3569 4923 3650 4975 vel
3679 4924 3865 4990 potius
3898 4939 3935 4975 a
3968 4922 4420 4976 Neocomcnailms
4459 4924 4640 4978 nobis

2661 4991 3011 5045 concedendo.
3087 4992 3168 5056 Cf.
3208 4994 3440 5045 maxime
3477 4990 3549 5045 N.
3587 4991 3706 5044 669.
3799 4990 3866 5045 Βι·
3897 4991 4034 5061 quid
4077 4992 4349 5047 recentius
4395 4990 4639 5046 Vir-etus

2662 5060 2899 5127 scripsit,
2943 5076 3055 5113 non
3090 5066 3282 5114 exstat.

2663 5127 2923 5251 Melz-85)
2964 5128 3097 5184 Non
3138 5129 3485 5197 GenistonuS,
3522 5131 3619 5199 qui
3649 5130 3761 5183 iam
3799 5134 4043 5184 mortuus
4077 5133 4211 5195 erat,
4246 5127 4342 5183 eod
4371 5128 4639 5192 fortasse

2837 5212 2941 5250 aas.

2862 5265 2922 5401 (733
2961 5266 3513 5388 ᾗσιέἓὸοηίαρίὲηέε,
3547 5282 3616 5320 ex
3650 5267 3947 5320 autoritate
3977 5266 4346 5336 magistratus.

3022 5371 3037 5386 .
3177 5374 3190 5387 .
3226 5341 3340 5389 not.
3410 5374 3423 5387 .
