4825 6175
620 442 745 505 631
2175 426 2707 497 EPIS'BOLAE
2750 429 3090 493 976—978
4513 422 4615 485 632

618 627 944 715 flagitiose
1002 628 1313 726 egerunt,
1369 622 1481 705 qui
1540 620 1859 687 eiusmodi
1915 623 2225 704 portenta
2297 618 2587 684 intruse-

617 722 779 781 runt
821 711 1147 779 ecclesiis!

794 799 926 865 Hic
968 817 1195 863 rumor
1258 802 1361 864 est
1413 795 1660 862 bellum
1703 793 1837 859 iam
1887 792 2108 878 parari
2154 790 2502 857 Helvetiis.
2529 791 2589 873 ²)

621 886 871 952 Bibent
914 903 1140 948 omnes
1180 904 1265 948 ex
1308 881 1541 966 poculo
1579 880 1872 959 Domini,
1932 878 2048 944 sed
2091 877 2342 963 largius
2386 875 2588 958 aliqui

622 972 839 1047 faeces
896 969 1240 1048 haurient,
1299 971 1433 1033 imo
1493 986 1751 1048 semper
1805 964 2029 1031 bibent
2088 963 2290 1047 impii.
2391 962 2588 1028 Unus

622 1058 907 1142 Anytus,
984 1055 1095 1137 qni
1160 1054 1454 1119 omnium
1531 1051 1877 1117 videbatur
1941 1047 2587 1124 adversantissimus,

623 1144 871 1227 primas
913 1141 1046 1205 iam
1106 1148 1332 1205 tenere
1390 1138 1681 1216 videtur,
1740 1146 1815 1203 ut
1868 1137 1987 1202 fiat
2041 1134 2210 1219 quod
2278 1132 2588 1200 Christus

624 1231 735 1306 ait,
783 1226 1131 1293 novissimi
1227 1225 1381 1290 rimi
1427 1232 1495 1290 et
1537 1223 1735 1307 primi
1777 1222 2119 1288 novissimi
2163 1221 2313 1286 sint.
2403 1217 2586 1282 Dum

624 1316 736 1381 alii
779 1311 1026 1379 bellum
1071 1332 1176 1377 me
1220 1311 1506 1389 itantur,
1566 1309 1682 1374 alii
1736 1307 2105 1374 calumnias
2163 1310 2462 1377 struunt,
2522 1312 2588 1368 et

623 1396 1026 1468 contendunt
1084 1395 1350 1481 quidam
1417 1396 1491 1460 in
1563 1392 1752 1459 domo
1804 1392 2112 1471 Domini,
2181 1399 2248 1456 et
2309 1388 2587 1473 profane

625 1485 837 1570 magis
881 1483 993 1566 qui
1033 1484 1109 1547 in
1152 1503 1338 1549 sacro
1392 1480 1755 1547 ministerio
1798 1486 2153 1545 versantur
2208 1496 2405 1560 quam
2463 1474 2587 1540 ulli

626 1570 1021 1649 mortalium,
1058 1577 1134 1634 tu
1168 1568 1412 1634 bellum
1449 1586 1597 1631 acre
1620 1564 1943 1631 debellato
1979 1584 2130 1630 cum
2152 1560 2508 1645 Neptuniis
2528 1563 2585 1635 ⁸)

623 1657 886 1741 pietatis
928 1654 1343 1723 eversoribus
1362 1704 1377 1731 ,
1440 1652 1598 1716 doce
1652 1651 1966 1716 invictam
2026 1670 2168 1714 esse
2212 1648 2581 1723 veritatem,

621 1741 1198 1826 inexpugnabilem
1263 1758 1405 1806 esse
1471 1737 1723 1803 Christi
1789 1737 2131 1818 pietatem,
2201 1745 2269 1799 et
2334 1739 2585 1816 quanto

624 1831 837 1913 magis
881 1834 1065 1910 potes
1109 1824 1279 1891 dono
1343 1832 1412 1889 et
1454 1824 1670 1907 gratia
1713 1821 1985 1899 Christi,
2026 1827 2212 1885 tanto
2254 1818 2584 1902 potentius

624 1925 977 1997 contorque
1024 1911 1429 1978 validissima
1485 1916 1909 1992 argumenta,
1967 1917 2044 1971 ut
2101 1906 2316 1972 sciant
2359 1924 2586 1968 omnes

624 2002 845 2066 Deum
887 2019 1008 2082 pro
1052 1997 1242 2064 nobis
1285 2004 1461 2063 stare
1505 2015 1581 2060 ac
1622 2015 1941 2079 pugnare.
2030 1992 2234 2058 Faxit
2278 1990 2587 2057 Christus

625 2094 702 2151 11ι
741 2086 847 2153 his
891 2092 1153 2150 tantum
1197 2082 1398 2147 armis
1443 2081 1532 2147 sit
1573 2079 1987 2146 certandum:
2050 2078 2317 2144 lanceae
2362 2085 2429 2141 et
2473 2098 2588 2140 en-

623 2194 729 2238 ses
772 2174 843 2236 in
887 2190 1184 2237 vomeres
1224 2177 1289 2234 et
1330 2167 1530 2233 falces
1573 2174 1939 2243 vertantur,
1986 2171 2052 2230 et
2094 2164 2205 2248 qui
2250 2164 2368 2228 uni
2412 2161 2584 2227 Mosi

623 2258 822 2323 toties
877 2264 1132 2321 tantam
1204 2253 1478 2319 donavit
1533 2252 1790 2318 turbam
1809 2302 1824 2330 ,
1892 2251 2047 2334 quin
2108 2259 2175 2316 et
2226 2248 2586 2314 Manassen

620 2351 760 2409 tam
820 2343 1099 2427 impium
1164 2347 1474 2406 exoratus
1540 2339 1613 2402 in
1676 2357 1937 2403 carcere
2003 2357 2207 2420 regno
2271 2333 2582 2410 restituit,

628 2428 895 2495 Christo
941 2448 1062 2493 suo
1104 2425 1368 2510 roganti
1407 2445 1492 2490 ne
1537 2423 1849 2489 tollamur
1911 2443 1949 2487 e
1993 2421 2240 2487 mundo
2285 2417 2399 2485 sed
2446 2439 2584 2484 ser-

627 2535 864 2580 vemur
908 2533 947 2578 a
988 2513 1183 2592 malo,
1245 2532 1450 2595 quum
1494 2510 1622 2575 iam
1685 2529 1806 2574 nos
1850 2510 1909 2574 ei
1956 2508 2240 2585 dederit,
2300 2504 2469 2570 faxit
2511 2515 2588 2568 ut

628 2622 669 2666 a
713 2600 884 2666 malo
929 2598 1302 2675 liberemur,
1349 2606 1416 2662 et
1457 2595 1715 2661 vinctos
1756 2594 1869 2659 lon
1917 2616 1953 2659 e
1997 2595 2159 2658 alios
2204 2612 2402 2676 quam
2438 2591 2586 2655 Ma-

625 2707 852 2752 nasses
895 2686 1201 2750 restituat
1244 2684 1381 2749 suis
1426 2691 1496 2747 et
1537 2688 1781 2764 quanto
1826 2615 1976 2764 pfus
2021 2679 2241 2745 hostes
2285 2699 2427 2743 sese
2471 2698 2587 2742 ex-

629 2773 925 2838 tulerunt
979 2780 1046 2836 et
1106 2767 1452 2834 horrendis
1520 2767 1931 2832 contumeliis
1988 2786 2225 2830 nomen
2284 2772 2588 2829 sanctum

628 2856 899 2925 Domini
920 2857 1354 2933 incesserunt,
1392 2862 1576 2919 tanto
1613 2861 1678 2918 et
1706 2853 1987 2936 amplius
2022 2849 2402 2916 deiectiores
2436 2847 2585 2914 red-

632 2944 875 3010 dantur
918 2950 984 3008 et
1026 2941 1306 3027 gloriam
1348 2938 1495 3005 Deo
1540 2946 1606 3004 et
1651 2939 1850 3006 verbo
1896 2937 2052 3003 dare
2095 2943 2433 3020 cogantur.

803 3028 992 3111 Quae
1034 3027 1116 3095 de
1161 3025 1452 3094 Macrino
1494 3038 1561 3092 et
1607 3024 1874 3092 Perrino
1917 3023 2306 3103 audivimus,
2354 3042 2439 3085 ex
2482 3019 2588 3085 his

632 3123 815 3201 potes
860 3114 1121 3181 rescire.
1211 3113 1521 3179 Christus
1573 3112 1645 3176 in
1690 3119 1978 3194 tempore
2023 3109 2251 3187 aderit,
2299 3108 2406 3174 cui
2449 3127 2588 3171 om-

632 3202 747 3268 nia
789 3200 1293 3268 committamus.
1383 3195 1828 3265 Gaudendum
1883 3218 2041 3263 sane
2086 3204 2185 3262 est
2227 3213 2431 3278 quum
2474 3192 2590 3258 ad-

634 3290 721 3355 sit
783 3287 1128 3353 Dominus.
1240 3286 1530 3350 Tantum
1594 3282 1975 3349 studeamus
2040 3300 2268 3347 omnes
2322 3278 2588 3344 Christo

633 3374 1030 3440 lucrifacere.
1120 3369 1339 3452 Quam
1382 3370 1622 3436 vellem
1663 3381 1729 3444 te
1763 3368 1895 3435 huc
1938 3388 2146 3450 usque
2189 3366 2479 3450 spatiari,
2523 3372 2592 3430 et

634 3460 756 3526 has
800 3467 916 3524 tua
958 3458 1334 3524 visitatione
1389 3455 1764 3524 confirmari
1805 3454 2125 3521 ecclesias.
2215 3453 2386 3517 Nam
2432 3448 2591 3534 quid

636 3545 721 3612 ad
764 3566 886 3611 nos
927 3543 1009 3609 de
1043 3542 1397 3627 impiorum
1432 3539 1912 3628 suspicionibus
1955 3550 2022 3605 et
2064 3538 2341 3617 iudiciis,
2386 3558 2593 3621 quum

634 3630 963 3699 Dominus
998 3651 1118 3697 nos
1155 3629 1489 3713 approbet,
1535 3636 1603 3693 et
1635 3628 1706 3691 in
1740 3626 1929 3691 nobis
1963 3624 2204 3691 efficiat
2240 3623 2411 3708 quod
2450 3623 2590 3708 agi-

637 3740 802 3783 mus.
893 3715 1076 3783 Satis
1155 3726 1256 3782 est
1331 3715 1389 3780 si
1466 3713 1775 3782 ecclesiae
1853 3712 2139 3777 fructum
2206 3711 2591 3795 percipiant.

644 3803 977 3869 Tussanus
1019 3823 1151 3867 non
1196 3801 1358 3867 satis
1400 3800 1554 3866 fecit
1611 3798 1900 3864 officium
1944 3798 2114 3881 quod
2160 3818 2277 3861 nos
2322 3818 2455 3862 non
2497 3796 2595 3860 in-

637 3887 886 3967 viserit,
932 3889 991 3952 si
1031 3887 1090 3953 ei
1134 3887 1412 3953 licuerit.
1435 3888 1493 3966 4)
1580 3883 1750 3950 Vale
1793 3883 1959 3949 bene
2001 3882 2283 3966 bonique
2328 3881 2595 3949 consule

640 3973 953 4058 quidquid
998 3975 1210 4040 bonus
1254 3971 1587 4055 dispensat
1641 3981 1828 4052 pater
1881 3970 2088 4034 nostri
2130 3990 2329 4052 quam
2369 3989 2594 4033 aman-

642 4061 952 4126 tissimus.
1022 4059 1287 4124 Adiuva
1321 4079 1459 4135 nos,
1496 4068 1563 4122 et
1599 4065 1816 4123 tecum
1847 4055 1958 4139 pii,
2003 4057 2247 4121 sanctis
2271 4054 2353 4120 ad
2377 4056 2597 4120 Deum

643 4146 961 4233 precibus.
1050 4145 1213 4210 Iube
1272 4164 1498 4209 omncs
1553 4141 1839 4219 salvere,
1896 4150 1963 4206 et
2005 4149 2189 4206 tuam
2234 4141 2596 4223 coniugem,

641 4233 911 4297 fratrem
956 4252 1107 4297 cum
1152 4230 1360 4296 soceri
1401 4228 1667 4308 familia,
1721 4235 1980 4293 sanctos
2023 4227 2306 4310 collegas
2350 4246 2596 4292 omnes.

644 4319 837 4384 Meus
883 4326 947 4382 te
992 4316 1250 4382 salutat.
1340 4314 1651 4380 Neocomi
1700 4317 1796 4377 16.
1842 4313 2229 4379 Decembris
2283 4318 2461 4377 1547.

1679 4449 1985 4516 Farellus
2029 4459 2185 4514 tuus
2229 4456 2425 4514 totus.

851 4714 914 4848 ἐξ
953 4708 1503 4836 ἕὶιιῗὲἓίοέωὲοὲινα
1547 4777 1688 4830 Acta
1736 4777 1956 4830 concas·
1999 4775 2309 4831 mamma·
2342 4776 2430 4831 his
2464 4777 2603 4843 ipsis

647 4851 837 4907 diebus
870 4851 1080 4918 prodiit
1115 4847 1194 4910 (0
1275 4885 1286 4896 .
1337 4846 1396 4900 Τ.
1438 4845 1567 4898 vn.
1603 4844 1742 4898 Prol
1841 4883 1852 4895 .
1883 4862 1942 4914 p.
1978 4847 2195 4910 xxxa).

852 4921 915 4983 4)
949 4934 1130 4973 mense
1216 4917 1394 4971 ctobre
1432 4914 1681 4968 Genevae
1714 4860 1987 4980 (ἔζη-ναί.

3597 614 3745 685 977.

3234 769 3699 838 CALVINUS
3747 767 4118 834 VIRETO.

2872 945 3124 1010 Narrat
3209 947 3502 1008 recentem
3589 941 4041 1007 Genevemsium
4127 938 4462 1004 tumultum
4530 941 4625 1022 qm·

2682 1051 2889 1114 paene
2932 1031 3018 1096 αᾶ
3060 1031 3398 1114 sanquinis
3437 1028 3796 1110 effusionem
3838 1025 4137 1108 efferbuit.

2691 1203 2804 1267 (Ex
2851 1207 2980 1256 auto
3081 1201 3189 1270 pho
3237 1200 3370 1255 Cod.
3417 1198 3550 1254 Gen.
3598 1197 3716 1267 106,
3759 1198 3852 1252 fol.
3897 1196 4092 1251 204511
4181 1215 4247 1253 no
4291 1204 4471 1252 tamen
4515 1216 4627 1268 pars

2692 1271 2942 1340 superior
2976 1287 3005 1323 c
3044 1280 3197 1351 artae
3232 1287 3359 1323 casu
3388 1270 3594 1350 ‘per-iim
3643 1270 3724 1321 ita
3757 1280 3819 1320 ut
3852 1267 3961 1321 iam
3997 1268 4149 1321 Ionvi
4170 1269 4320 1321 laens
4356 1267 4487 1322 eod.
4526 1267 4625 1337 196,

2691 1340 2798 1422 fol..
2819 1338 2889 1393 85
2925 1357 2992 1393 ex
3029 1344 3338 1393 coniectura
3384 1347 3597 1391 imnum
3633 1336 3897 1419 ‘supplere
3944 1342 4162 1416 coactns
4195 1337 4375 1403 fuerit,
4412 1336 4520 1389 tria
4549 1337 4627 1389 ad-

2692 1409 3185 1531 ἓὲἷὲῦἰῒῗεζὶἷῦἒὲ
3221 1408 3418 1530 ἷῖἲὲῗῖ
3448 1413 3784 1543 ῑῖῗὲἒῗυῶῧ
3870 1423 3966 1528 2²3⁰
3982 1407 4629 1529 &ffissssmssssfflffmffi

2691 1554 2820 1601 runt
2854 1546 3175 1600 Turretinns
3188 1494 3338 1626 pCoti.
3380 1545 3493 1612 111,
3530 1545 3620 1597 fol.
3658 1542 3762 1598 173
3793 1561 3862 1609 v.,
3899 1544 4153 1624 librarius
4187 1532 4479 1598 Beruensis
4502 1544 4627 1624 Epp.

2692 1615 2821 1669 V11.
2858 1632 2909 1684 p.
2945 1613 3051 1668 855
3086 1622 3144 1667 et
3177 1614 3438 1668 Sunlerus
3481 1615 3592 1667 Vol.
3631 1612 3715 1667 65.
3761 1642 3826 1652 -
3862 1614 4053 1666 Εᾶιὼι
4087 1615 4248 1680 Beza,
4283 1614 4380 1666 sed
4418 1629 4523 1666 non
4556 1631 4627 1665 m-

2689 1684 3256 1823 ῗῗῆωέωῗξῃὲὲὶ
3262 1719 3275 1733 ’
3301 1682 3709 1821 ιῖῗιὲιίξῗῗέτέἶ
3726 1680 4385 1820 ιέἓιᾴιῖιιιῑῖἶῃὲιῖίαιέἐὶίᾗ
4403 1681 4629 1816 119111εέῗῖ

2690 1943 2956 2008 Eximio
3001 1942 3269 2007 Domini
3314 1940 3521 2007 nostri
3563 1940 3717 2006 Iesu
3762 1939 4011 2006 Christi
4056 1962 4247 2006 servo
4281 1941 4489 2006 Petro
4522 1939 4631 2005 Vi-

2903 2040 3045 2093 reto
3089 2027 3395 2093 ecclesiae
3438 2025 3935 2092 Lausanncnsis
3979 2026 4108 2092 fido
4153 2027 4418 2111 pastori.

2868 2162 3122 2251 [Hostes
3164 2164 3364 2230 nostri
3387 2162 3448 2313 ¹21
3474 2162 3594 2251 ita]
3656 2175 3810 2230 sunt
3855 2165 4211 2244 excaecati,
4268 2173 4344 2228 ut
4389 2163 4634 2229 nullum

2691 2251 2950 2316 honesti
2992 2258 3360 2332 respectum
3451 2252 3701 2316 abeant.
3769 2250 4141 2316 Hesternus
4176 2249 4315 2316 dies
4335 2252 4392 2327 2)
4439 2249 4635 2333 suspi-

2690 2338 2941 2402 cionem
3000 2357 3040 2400 a
3097 2335 3285 2400 nobis
3338 2336 3525 2420 prius
3580 2346 3956 2419 conceptam
4012 2357 4142 2401 non
4188 2357 4425 2419 parum
4471 2357 4635 2403 com·

2689 2423 3008 2506 probavit,
3055 2443 3164 2487 eos
3209 2434 3456 2487 certare
3492 2429 3680 2487 tanta
3718 2423 4125 2505 impudentia
4168 2431 4243 2486 ut
4284 2422 4637 2488 tumultum

2691 2508 2978 2590 aliquem
3037 2517 3394 2573 moverent.
3486 2507 3721 2573 Vocati
3775 2509 4037 2573 fuerant
4094 2509 4406 2575 Ducenti.
4497 2507 4638 2574 Col·

2690 2595 2854 2678 legis
2898 2594 3060 2659 meis
3104 2593 3314 2676 pridie
3359 2593 3781 2659 condixeram
3840 2617 3945 2658 me
3999 2594 4073 2658 in
4113 2596 4364 2660 curiam
4414 2601 4637 2659 ventu-

2691 2702 2857 2745 rum.
2928 2677 3301 2755 Adfuimus‚
3349 2690 3414 2744 ot
3447 2679 3708 2763 quidem
3746 2688 3901 2746 ante
3938 2696 4223 2763 tempus:
4262 2680 4423 2763 quia
4457 2679 4639 2746 multi

2691 2764 2904 2831 adhuc
2939 2766 3009 2829 in
3045 2766 3307 2848 publico
3340 2765 3868 2843 obambulabant,
3909 2767 4155 2849 egressi
4191 2787 4426 2831 sumus
4463 2776 4642 2831 extra

2691 2860 2949 2935 portam
2992 2853 3212 2918 curiae
3277 2851 3667 2936 contiguam.
3688 2856 3747 2927 8)
3835 2852 4028 2918 Illinc
4084 2853 4275 2916 multi
4327 2852 4642 2918 clamores

2691 2946 2759 3004 et
2801 2938 3053 3004 confusi
3096 2936 3544 3003 audiebantur.
3632 2937 3772 3003 Nec
3804 2959 4020 3003 mora:
4066 2937 4228 3004 adeo
4271 2946 4639 3015 creverunt,

2691 3033 2766 3092 ut
2834 3033 3084 3091 certum
3153 3024 3387 3090 darent
3456 3022 3796 3091 seditionis
3875 3024 4159 3110 signum.
4261 3024 4411 3109 Ego
4495 3043 4642 3090 mox

2693 3132 2986 3179 accurro:
3046 3111 3379 3177 horribilis
3422 3121 3566 3176 erat
3609 3132 3829 3177 rerum
3875 3112 4089 3178 facies.
4176 3110 4261 3176 In
4304 3110 4643 3177 confertis-

2693 3198 2893 3264 simas
2937 3198 3164 3264 turbas
3220 3218 3328 3263 me
3382 3197 3671 3263 coniicio.
3762 3198 4053 3264 Tametsi
4094 3218 4321 3263 61111166
4363 3197 4511 3262 fere
4552 3216 4642 3262 66-

2694 3291 2844 3350 sent
2887 3284 3166 3363 attoniti,
3212 3283 3293 3348 ad
3330 3305 3437 3349 me
3471 3289 3694 3348 tamen
3729 3305 3956 3350 omnes
3990 3283 4205 3349 facere
4239 3303 4642 3357 concursum,

2692 3371 2824 3437 huc
2880 3371 3037 3437 illuc
3089 3378 3379 3453 raptare,
3446 3390 3532 3435 ne
3589 3370 3745 3452 quid
3795 3369 4080 3435 iniuriae
4135 3376 4419 3452 paterer.
4511 3369 4647 3452 Ego

2693 3456 2916 3523 Deum
2958 3464 3026 3521 et
3067 3456 3370 3521 hominos
3416 3456 3675 3533 testari,
3733 3478 3837 3520 me
3893 3454 4039 3521 ideo
4086 3456 4346 3522 venisse
4389 3465 4475 3521 ut
4516 3474 4645 3520 cor-

2696 3565 2817 3629 pus
2860 3564 3081 3609 meum
3127 3542 3363 3627 gladiis
3406 3543 3773 3608 obiicerem.
3862 3542 4137 3607 Hortari
4193 3549 4270 3609 ut
4311 3562 4351 3607 a
4398 3562 4511 3607 me
4552 3542 4645 3605 in·

2695 3632 3005 3714 ciperent,
3051 3631 3106 3695 si
3149 3628 3396 3695 vellent
3436 3629 3825 3713 sanguinem
3859 3628 4151 3693 fundere.
4242 3627 4540 3693 Multum
4571 3648 4647 3692 ex

2695 3717 2954 3782 fervore
2997 3716 3222 3782 statim
3260 3714 3677 3793 remiserunt,
3723 3736 3926 3798 quum
3960 3715 4258 3799 improbi,
4308 3721 4459 3779 tum
4503 3732 4647 3779 vero

2696 3804 3042 3887 praecipue
3101 3801 3273 3867 boni.
3383 3801 3681 3866 Tandem
3748 3799 3831 3866 ad
3895 3799 4107 3867 locum
4175 3810 4448 3866 senatus
4508 3820 4645 3883 per-

2700 3896 2951 3955 tractus
2994 3909 3158 3954 sum.
3246 3886 3394 3952 Illic
3440 3908 3649 3952 novae
3690 3907 3969 3970 pugnae,
4014 3887 4250 3969 quibus
4294 3908 4405 3952 me
4451 3886 4643 3950 inter-

2700 3976 2887 4060 posui
2945 3973 3251 4039 medium.
3356 3974 3607 4039 Putant
3658 3993 3887 4038 omnes
3944 3974 4190 4038 factum
4243 3993 4393 4037 meo
4450 3973 4645 4036 inter·

2703 4071 2902 4129 ventu
2948 4061 3182 4136 fuisse,
3230 4080 3313 4124 ne
3372 4080 3616 4142 magna
3672 4066 3739 4124 et
3794 4057 3986 4123 foeda
4029 4067 4283 4142 strages
4326 4057 4640 4123 ederetur.

2702 4147 3009 4230 Collegae
3051 4147 3182 4211 mei
3222 4147 3476 4210 interea
3528 4145 3757 4210 turbae
3810 4145 4116 4227 permixti
4162 4152 4371 4208 erant.
4467 4142 4644 4208 Obti-

2704 4235 2822 4300 nui
2867 4242 2943 4298 ut
2985 4234 3327 4314 compositi
3381 4252 3606 4296 omnes
3662 4230 3983 4296 sederent.
4084 4229 4405 4295 Oratione
4464 4230 4488 4293 l

2704 4334 2771 4386 et
2817 4318 3186 4384 vehementi
3224 4339 3413 4401 quani
3466 4316 3660 4382 habui
3708 4337 3824 4398 pro
3866 4317 4181 4399 temporis
4225 4317 4503 4393 ratione,
4602 4313 4644 4360 '-

2705 4415 2864 4473 cunt
2906 4406 3070 4470 mire
3114 4405 3314 4469 fuisse
3356 4424 3582 4467 omncs
3619 4410 3963 4484 permotos,
4011 4402 4244 4467 saltem
4279 4402 4511 4483 paucis
4544 4420 4646 4463 ex-

2706 4493 2940 4574 ceptis:
2988 4491 3103 4573 qui
3146 4497 3370 4554 tamen
3412 4510 3545 4554 non
3588 4487 3803 4553 minus
3847 4487 4203 4554 laudarunt
4236 4508 4438 4571 quam
4489 4485 4645 4560 boni,

2742 4747 2879 4808 9757.
2919 4747 2974 4814 1)
3025 4748 3113 4801 Vel
3145 4748 3329 4815 pocius
3349 4744 3619 4813 Μαίρναιι·
3654 4745 3947 4815 Maym'fiei
3978 4746 4135 4799 cuius
4169 4759 4343 4799 causa
4378 4743 4644 4812 agebatur.

2709 4827 2759 4874 et
2793 4818 3007 4888 quidem
3041 4832 3182 4869 mere
3216 4815 3451 4884 politica.
3532 4814 3675 4883 Quia
3722 4822 3902 4869 tamen
3948 4815 3999 4866 is
4042 4815 4107 4867 in
4142 4813 4374 4867 Perrt'ni
4418 4826 4585 4866 causa
4614 4823 4644 4860 a

2715 4887 2933 4942 calvini
2963 4886 3216 4954 partibus
3249 4891 3483 4950 steterat,
3520 4885 3608 4939 hic
3642 4899 3798 4937 suam
3832 4900 3944 4936 rem
3979 4884 4075 4948 aqi
4101 4883 4347 4949 putabat.

2916 4954 2972 5020 2)
3012 4955 3075 5006 Is
3105 4955 3216 5020 fuit
3250 4955 3365 5006 dies
3414 4955 3634 5008 Veneris
3678 4952 3757 5007 16.
3795 4951 3930 5006 Dec.
4009 4941 4137 5005 Hoc
4182 4951 4272 5004 dte
4314 4966 4504 5005 εον-αι»
4538 4946 4645 5000 Du·

2712 5028 2881 5080 centis
2913 5027 3050 5078 lecta
3083 5028 3166 5077 est
3195 5024 3423 5090 epistola
3458 5023 3821 5076 Bernemium
3854 5022 4191 5091 querentium
4226 5019 4374 5088 quod
4406 5018 4519 5074 ribi
4546 5027 4645 5070 11611

2713 5098 3129 5161 obtemperatum
3158 5091 3331 5157 fuerit
3367 5109 3531 5161 quum
3571 5091 3837 5160 Maiyreti
3857 5104 4079 5146 causam
4115 5089 4193 5142 ad
4220 5089 4426 5156 plebem
4461 5083 4647 5152 rcfm'f

2706 5165 3078 5234 postulassent
3110 5161 3215 5226 (N.
3249 5159 3396 5224 966).

2918 5231 2978 5294 3)
3021 5232 3202 5298 Haec,
3248 5233 3299 5283 si
3342 5230 3476 5299 quid
3516 5229 3782 5294 videmus,
3831 5244 3941 5282 non
3989 5226 4057 5281 de
4098 5225 4358 5280 vestibulo
4400 5224 4485 5279 vel
4528 5220 4647 5278 aula

2713 5302 2952 5374 quadam
2985 5303 3139 5355 intra
3172 5302 3382 5353 curiam
3418 5298 3794 5367 intelliyenda‚
3840 5297 3937 5351 sed
3969 5297 4036 5350 de
4081 5296 4194 5350 loco
4227 5295 4446 5363 publico
4480 5291 4643 5347 laodie-

2714 5389 2815 5443 que
2849 5372 2903 5425 la
2952 5367 3143 5424 Tmue
3177 5374 3379 5424 vocato.
