4825 6175
181 440 283 503 581

175 642 340 697 meae
378 630 452 689 et
535 623 723 691 rioris
764 623 990 691 mariti
1022 622 1211 707 lapsu
1245 622 1582 689 censemus
1619 620 1890 688 fuissem
1925 617 2102 705 quod

176 720 320 790 erat,
351 731 432 794 ap
556 731 709 776 suos
743 709 1147 778 calumniata
1177 718 1295 787 est,
1339 727 1613 775 uxorem
1648 708 1852 792 igitur
1885 726 2102 772 meam

175 804 446 882 scortum
511 816 670 862 esse.
770 793 978 862 Vides
1032 794 1446 879 proterviam.
1550 793 1872 860 Tractabo
1935 812 2102 869 eam,

173 906 295 951 non
334 890 407 948 ut
445 892 752 959 meretur,
798 880 912 947 sed
958 901 1080 966 pro
1131 881 1328 946 officii
1381 879 1515 945 mei
1555 880 1829 946 ratione.
1913 876 2104 944 Adde

174 968 327 1056 quod
379 968 462 1033 N.
514 966 806 1034 fibulam
865 976 1320 1051 composuerat
1380 966 1643 1049 plenam
1706 964 2102 1031 calumniae:

172 1077 266 1122 me
305 1054 421 1121 abs
463 1063 528 1118 te
570 1062 636 1119 et
693 1053 901 1119 Vireto
938 1073 1169 1119 severe
1211 1052 1411 1118 fuisse
1456 1051 1846 1135 castigatum
1863 1100 1878 1130 ,
1934 1049 2104 1133 quod

172 1161 354 1227 quum
397 1138 507 1206 hic
551 1161 591 1205 a
632 1139 817 1206 vobis
860 1138 1257 1222 subrogatus
1312 1138 1517 1202 forem
1573 1146 1880 1220 tanquam
1926 1136 2104 1202 vica-

170 1233 324 1305 rius,
383 1226 681 1309 precaria
734 1225 1087 1291 autoritate
1150 1225 1427 1289 nimium
1492 1222 1813 1288 abuterer.
1913 1221 2107 1288 Nunc

172 1320 378 1379 sutem
432 1310 641 1377 multo
694 1311 1126 1395 opportunius
1178 1310 1436 1374 venires
1490 1329 1687 1392 qnam
1732 1307 2025 1373 antehae.
2049 1311 2104 1389 ⁷)

170 1398 439 1465 Audires
515 1398 736 1462 omnia
806 1417 974 1479 quae
1050 1396 1259 1461 literis
1353 1393 1673 1461 committi
1752 1402 2101 1476 nequeunt.

167 1483 557 1550 Vulneribus
604 1503 875 1548 manum
935 1481 1318 1549 admoveres
1362 1502 1529 1564 quae
1586 1478 1897 1559 nondum,
1938 1477 2105 1543 bene

167 1569 568 1636 obduxerunt
601 1567 988 1635 cicatricem.
1051 1568 1156 1632 De
1200 1567 1470 1633 occultis
1513 1566 1759 1632 morbis
1793 1563 2103 1630 sanandis

167 1657 329 1721 inter
359 1675 480 1720 nos
513 1653 1056 1721 consultaremus.
1128 1652 1402 1719 Videbis
1435 1672 1591 1737 ergo
1627 1674 1714 1717 an
1749 1650 2105 1735 quidquam

167 1741 274 1807 tibi
317 1739 584 1806 dabitur
625 1739 758 1806 otii.
826 1738 1244 1805 Tridentinus
1288 1748 1506 1821 patres
1549 1757 1902 1823 aggressus
1936 1758 2102 1815 sum,

166 1825 271 1892 sed
310 1825 504 1891 initia
547 1826 722 1891 lente
768 1824 1143 1907 procedunt.
1212 1825 1360 1890 Hoc
1402 1825 1486 1889 fit
1524 1824 1678 1907 quia
1717 1822 1898 1888 nulla
1939 1821 2106 1887 hora

163 1912 318 1978 mihi
363 1930 571 1976 vacua
608 1921 708 1977 est
749 1910 829 1978 ab
875 1909 1153 1976 assiduis
1196 1909 1844 1993 interpellationibus.
1910 1907 2102 1985 Vale,

164 1999 353 2063 frater
394 1998 820 2083 integerrime
863 2005 930 2063 et
962 1997 1168 2097 amice
1211 1997 1586 2095 singularis.
1653 1993 1889 2094 Saluta
1932 2015 2105 2079 sym-

161 2083 1677 2251 ffissssffiusstvo‘ffissmsefssffssmss'hsffss03¹3?ssss
1721 2080 2103 2233 &23:¹5³ss

160 2255 416 2321 boribus
477 2253 832 2321 benedicat.
925 2258 1157 2320 Amen.
1261 2254 1599 2333 Genevae,
1659 2257 1760 2318 21.
1817 2252 2107 2337 Augusti

1072 2427 1355 2492 Ioannes
1399 2424 1718 2490 Calvinus
1761 2433 1931 2490 tuus.

927 2722 1272 2729 ——m-*ae-
1291 2722 1332 2727 .—

1059 2953 1208 3024 941.

684 3109 1155 3178 OALVINUS
1200 3110 1569 3175 VIRETO.

337 3284 545 3350 Varia
585 3285 821 3363 raptim
864 3288 1145 3366 eonyesta
1179 3283 1256 3347 de
1299 3284 1572 3358 Textore,
1613 3281 1682 3346 F
1673 3281 1906 3358 alle-sia,
1959 3282 2107 3345 Tre-

63 3442 74 3454 ,
154 3369 369 3444 mallio,
425 3368 738 3448 Galzasio,
792 3369 1043 3447 Verona,
1093 3367 1369 3446 Suffiero,
1415 3369 1584 3433 aliis,
1657 3368 1812 3431 Item
1845 3369 1919 3433 de
1957 3389 2105 3432 novo

154 3457 377 3537 scripto
433 3455 648 3520 Vireti.

155 3623 582 3706 (Autographon
618 3631 800 3678 exstat
845 3624 901 3677 in
951 3625 1079 3678 Cod.
1127 3624 1330 3680 (ἔθυον.
1381 3623 1505 3688 106,
1556 3626 1646 3681 fol.
1685 3625 1801 3679 197.
1875 3625 2104 3679 Caetera

153 3694 487 3763 exemplaria
522 3694 791 3747 habentur
835 3694 1004 3747 suetis
1052 3694 1184 3748 loeis
1231 3695 1360 3748 Cod.
1399 3694 1537 3746 1110·-
1597 3695 1688 3747 fol.
1729 3695 1809 3757 14,
1863 3694 1974 3756 111,
2012 3695 2101 3747 fol.

154 3759 243 3813 171
283 3779 355 3829 ιη,
393 3763 564 3817 Bern.
601 3761 720 3817 vn.
768 3759 869 3814 841
919 3769 976 3816 et
1021 3762 1232 3816 Simler.
1280 3761 1363 3816 64.
1436 3763 1636 3817 Vct-sio
1672 3764 1811 3833 angl.
1849 3761 1918 3816 11.
1959 3761 2104 3829 125.)

151 3948 423 4017 Eximio
466 3951 736 4018 Domini
780 3952 988 4017 nostri
1032 3951 1187 4018 Iesu
1230 3951 1477 4018 Christi
1519 3973 1709 4017 servo
1748 3953 1947 4018 Petro
1985 3954 2103 4017 Vi-

460 4046 603 4103 reto
638 4038 1134 4104 Lausannensis
1177 4038 1487 4104 ecclesiae
1528 4040 1793 4122 pastori.

316 4172 392 4240 S.
487 4173 568 4239 In
623 4174 886 4258 negotio
930 4173 1121 4239 Beati
1146 4177 1204 4257 ¹)'
1255 4173 1676 4260 transigendo
1731 4176 1944 4241 visum
2003 4184 2105 4241 cst

150 4258 438 4324 reditum
507 4259 791 4325 Textoris
849 4266 1225 4343 exspectare
1245 4312 1260 4339 ,
1317 4282 1514 4344 quem
1563 4260 1698 4327 scio
1760 4261 1938 4328 brevi
1994 4262 2103 4328 hic

151 4342 473 4422 futurum,
521 4345 645 4410 nisi
692 4345 849 4428 quid
894 4347 1048 4412 novi
1083 4346 1534 4413 intervenerit.
1605 4348 1889 4414 Coactus
1924 4349 2100 4413 enim

151 4428 368 4497 fuerat
412 4432 783 4498 Matiscone
823 4433 1129 4518 migrare,
1176 4454 1378 4516 quum
1422 4454 1630 4517 nuper
1686 4432 1869 4499 illinc
1914 4433 2107 4499 rediit

156 4513 474 4584 Claudius
525 4518 787 4583 tinctor.
877 4517 1144 4583 Literae
1187 4518 1586 4585 Basilienses
1632 4518 1796 4585 nihil
1839 4540 2106 4602 prorsus

153 4604 584 4670 continebant
626 4603 797 4686 quod
842 4611 958 4668 tua
1002 4601 1108 4668 vel
1152 4625 1301 4670 mea
1341 4604 1505 4670 scire
1547 4606 1909 4672 interesset.
2001 4606 2107 4672 Ad

153 4708 257 4757 me
301 4690 504 4758 unica
545 4696 685 4754 erat
709 4686 976 4755 Faaesii
1011 4688 1306 4773 epistola,
1352 4711 1483 4773 qua
1517 4691 1839 4757 scribebat
1881 4700 2106 4757 natam

157 4774 279 4841 sibi
323 4777 530 4841 etiam
572 4774 860 4850 filiolam,
921 4772 1002 4840 de
1045 4776 1230 4840 cuius
1283 4784 1492 4842 morte
1548 4777 1757 4843 altera
1813 4776 1896 4842 ad
1942 4778 2110 4845 Maz-

155 4862 481 4929 daemadum
519 4858 923 4945 loquebatur.
1013 4860 1374 4945 Exemplar
1413 4872 1752 4946 praeterea
1792 4861 2110 4946 diploma·

365 5155 432 5224 7)
479 5153 635 5210 Venit
683 5167 802 5209 eum
849 5152 1030 5208 Virdo
1072 5168 1142 5245 m.
1191 5150 1507 5221 Septesnbre.
1579 5151 1747 5223 (Rea.
1782 5153 1860 5208 du
1900 5152 2114 5210 Ooma'l

159 5223 586 5379 ἳῗέῗῖᾗᾶο»
635 5289 926 5363 ananau,
969 5289 1339 5374 assy-zenae
1386 5289 1531 5357 vuit,
1575 5289 1672 5345 aaa
1722 5289 1948 5347 concta
1995 5294 2109 5346 aaa·

277 5361 787 5432 reuomente
831 5357 1818 5429 Tamaffldrdempourat.

1858 434 2018 497 1547
2055 430 2449 502 almvm.

4036 439 4162 505 582

2206 621 2290 687 tis
2332 620 2604 687 miserat
2636 619 2810 704 quod
2841 620 3221 704 impetravit
3255 642 3296 686 a
3318 621 3595 690 ansare
3618 624 4083 711 Landqravius.
4101 627 4165 710 ²)

2205 705 2343 773 Sed
2386 728 2507 791 ego
2550 707 2683 772 iam
2721 715 2877 772 ante
2912 705 3052 773 dies
3086 707 3461 790 quindecim
3495 710 3783 795 legeram
3820 732 3860 776 a
3885 711 4173 796 Payneto·

2207 813 2489 859 versum.
2600 791 2679 858 Si
2742 793 2910 859 forte
2983 791 3279 859 nondum
3344 794 3618 875 videris,
3687 796 3810 862 tibi
3875 799 4162 865 remitto.

2207 877 2471 946 Oblitus
2506 899 2685 944 eram
2746 874 3091 945 Valerandi
3133 878 3462 960 epistolae,
3519 882 3631 947 ubi
3676 890 3813 947 tam
3857 893 4160 965 proterve

2209 963 2609 1031 nobilissimo
2653 965 2793 1029 viro
2848 962 3087 1029 nebulo
3138 964 3253 1030 ille
3297 966 3597 1045 insultat,
3654 978 3729 1033 ut
3771 990 3877 1033 me
3921 970 4163 1053 pudeat

2207 1050 2523 1116 lectionis.
2615 1048 2923 1117 Budaeus
2968 1049 3393 1117 vehementer
3450 1074 3489 1117 a
3531 1074 3636 1119 me
3679 1056 4017 1121 contendit
4062 1064 4141 1123 ut

2209 1137 2262 1200 si
2319 1157 2450 1219 qua
2501 1137 2700 1201 fuerit
2756 1135 2927 1201 ratio
2981 1136 3352 1201 accersendi
3411 1137 3803 1219 EmanueliS,
3824 1139 3880 1225 ⁸)
3949 1141 4031 1207 ad
4092 1107 4160 1208 id

2209 1220 2538 1306 agendum
2582 1229 2649 1288 te
2691 1221 3053 1287 incitarem.
3142 1222 3290 1287 Non
3344 1233 3562 1306 potest
3618 1226 3766 1291 usui
3823 1247 3965 1293 esse
4017 1228 4160 1295 eius

2209 1329 2406 1391 opera
2448 1307 2576 1373 nisi
2614 1307 2684 1372 in
2740 1307 3007 1391 linguae
3061 1307 3405 1375 hebraicae
3448 1311 3863 1392 professione.
3955 1312 4162 1395 Atqui

2209 1392 2425 1459 locum
2469 1401 2652 1459 tenet
2695 1392 3021 1458 Imbertus.
3114 1393 3233 1469 Tu,
3280 1396 3334 1460 si
3379 1395 3563 1462 nulla
3611 1396 3725 1462 tibi
3769 1397 4159 1481 expediatur

2207 1480 2413 1558 ratio„
2443 1479 2643 1544 velim
2689 1479 2863 1562 apud
2908 1498 3057 1543 eum
3103 1499 3395 1557 excuses,
3440 1490 3515 1545 ut
3557 1483 3790 1548 saltem
3834 1483 4165 1571 intelligat

2208 1585 2279 1629 se
2323 1586 2457 1630 non
2501 1562 2703 1630 fuisse
2745 1562 3137 1649 neglectum.

2386 1651 2714 1716 Girardas
2749 1649 3217 1733 praefationem
3231 1650 3290 1734 ⁴)
3335 1651 3628 1717 nondum
3673 1653 3910 1734 attulit,
3956 1677 4161 1738 quan-

2208 1756 2403 1819 quam
2449 1735 2759 1802 admonui
2803 1745 2879 1800 ut
2914 1734 3110 1801 hodie
3145 1735 3445 1801 adferret.
3514 1737 3793 1804 Librum
3841 1740 3920 1804 de
3965 1742 4163 1807 eccle-

2208 1823 2308 1887 sia
2351 1832 2418 1886 et
2459 1822 2987 1899 sacramentis,⁶)
3034 1842 3237 1904 quum
3280 1823 3489 1899 voles,
3546 1824 3752 1890 mitte.
3843 1826 4162 1894 Libenter

2207 1908 2444 1992 legam,
2489 1908 2746 1975 etiamsi
2788 1907 2953 1973 mihi
2995 1905 3066 1972 id
3110 1909 3328 1972 oneris
3362 1930 3498 1973 non
3532 1910 3916 1992 imponeres.
3986 1914 4161 1978 Tan-

2208 2002 2350 2059 tum
2394 1995 2513 2061 abs
2570 2008 2635 2058 te
2689 2001 2839 2077 peto
2916 2001 2994 2058 ut
3063 1993 3524 2061 commoditate
3592 2016 3740 2060 mea
3796 1998 3893 2061 uti
3949 1997 4160 2065 liceat.

2208 2079 2563 2163 Nunquam
2622 2081 2797 2145 enim
2865 2079 3086 2144 minus
3149 2078 3354 2144 habui
3417 2081 3549 2145 otii.
3662 2079 3797 2147 Sed
3851 2084 3984 2148 iam
4041 2085 4161 2150 ali-

2209 2177 2452 2249 quanto
2491 2165 2643 2248 plus
2697 2163 2951 2230 dabunt
3008 2164 3243 2248 longae
3297 2176 3537 2232 noctes.
3635 2168 3967 2235 Gallam
4010 2191 4161 2237 cum

2209 2250 2477 2319 Budaeo
2520 2250 2859 2316 Lutetiam
2917 2250 3249 2334 profectus
3303 2262 3434 2328 est,
3501 2253 3657 2334 quia
3710 2274 3845 2319 non
3904 2264 4164 2337 poterat

2213 2337 2406 2403 aliter
2449 2336 2646 2402 matri
2692 2336 3082 2403 satisfacere.
3154 2336 3246 2400 Et
3289 2358 3421 2401 non
3465 2347 3607 2402 erat
3647 2339 3883 2404 melior
3926 2362 4162 2426 oppor-

2207 2424 2454 2489 tunitas
2513 2443 2710 2505 quam
2771 2423 3037 2489 absente
3095 2442 3333 2488 socero.
3433 2423 3788 2490 Praeterea
3837 2424 4036 2491 habet
4087 2428 4162 2492 in

2208 2509 2426 2574 animo
2468 2530 2691 2575 secum
2737 2507 3061 2574 adducere
3108 2528 3416 2585 sororem,
3466 2510 3862 2589 modestam,
3927 2519 4002 2577 ut
4043 2534 4161 2578 au-

2209 2594 2334 2675 dio,
2379 2594 2688 2678 puellam,
2733 2605 2801 2659 et
2833 2616 2997 2677 quae
3033 2615 3074 2658 a
3110 2594 3343 2659 vitrico
3379 2593 3787 2661 illiberaliter
3820 2606 4158 2664 tractatur.

2207 2680 2288 2746 Id
2332 2690 2397 2746 te
2441 2681 2692 2747 nescire
2732 2679 2933 2746 nolui.
3021 2679 3210 2756 Vale,
3264 2679 3469 2745 frater
3513 2690 3581 2745 et
3623 2685 3830 2747 amice
3872 2684 4161 2768 integer-

2208 2769 2391 2844 rime,
2434 2786 2585 2831 cum
2631 2787 2837 2832 uxore
2881 2776 2949 2831 et
2986 2764 3319 2844 fratribus,
3366 2787 3532 2849 quos
3573 2788 3802 2833 omnes
3847 2770 4161 2837 salutabis

2207 2860 2435 2919 nostro
2479 2853 2762 2917 nomine.
2851 2850 3161 2918 Ohristus
3218 2852 3398 2917 vobis
3441 2873 3701 2938 semper
3742 2854 3933 2920 adsit.
4024 2855 4161 2921 Ge-

2206 2958 2413 3003 nevae
2460 2941 2560 3002 25.
2608 2939 2778 3021 Aug.
2833 2943 3015 3004 1547.

2380 3023 2515 3090 Sed
2576 3024 2655 3090 de
2706 3024 2940 3091 Verona
2962 3026 3018 3104 ⁶)
3068 3023 3418 3089 exciderat.
3526 3022 3825 3090 Sulzerus
3866 3024 3962 3090 illi
4003 3047 4161 3112 sup-

2207 3109 2634 3191 plementum,
2680 3111 2995 3194 quamdiu
3028 3110 3410 3192 aegrotabit,
3459 3110 3541 3176 ad
3585 3111 4002 3186 sustinendos
4044 3134 4162 3177 ex-

2207 3196 2675 3261 traordinarios
2731 3210 3036 3278 sumptus
3109 3196 3493 3278 impetravit
3548 3217 3587 3260 a
3645 3209 3894 3262 senatu.
3987 3197 4162 3265 Mai-

2201 3288 2368 3364 yreia
2414 3284 2571 3346 item
2619 3282 2965 3347 dimidium
3010 3281 3431 3364 stipendium.
3520 3282 3603 3347 Id
3659 3304 3744 3347 ne
3800 3304 3907 3348 me
3951 3283 4162 3350 offen-

2207 3368 2409 3441 deret,
2456 3366 2798 3432 mandavit
2844 3367 3143 3433 Salaenos
3185 3380 3262 3432 ut
3304 3388 3564 3435 mecum
3608 3368 3850 3434 rediret
3891 3371 3961 3435 in
4008 3391 4161 3455 gra-

2209 3455 2383 3518 tiam.
2477 3452 2695 3533 Quum
2744 3475 2850 3517 mo
2893 3461 3191 3537 rogasset
3235 3464 3310 3518 ut
3353 3454 3436 3519 ad
3478 3476 3549 3520 se
3609 3454 3936 3533 venirem,
3982 3476 4165 3523 ‘usus

2205 3553 2306 3605 est
2348 3540 2510 3605 satis
2564 3539 2761 3623 longa
2816 3537 3284 3620 deprecatione.
3374 3539 3718 3623 Respondi
3773 3561 3940 3623 quae
3985 3541 4162 3606 volui

2207 3634 2274 3689 et
2317 3623 2530 3690 debui.
2619 3626 2796 3689 'Palis
2839 3625 2967 3689 fuit
3010 3623 3335 3691 discessus
3378 3635 3454 3690 ut
3496 3626 4013 3707 resipiscentiam
4049 3627 4162 3692 ille

2208 3712 2635 3792 promitteret,
2691 3731 2813 3795 ego
2855 3711 3209 3775 fraternam
3257 3710 3803 3790 benevolentiam,
3850 3713 3908 3776 si
3952 3713 4159 3778 vitam

2207 3803 2493 3862 mutaret
2533 3796 2607 3860 in
2647 3796 2900 3861 melius.

3130 3931 3415 3997 Ioannes
3459 3931 3779 4001 Calvinus
3824 3940 3994 4001 tuus.

2411 4157 2475 4223 2)
2517 4154 2674 4237 Quod
2706 4154 2974 4224 diploma,
3025 4157 3079 4207 si
3111 4153 3349 4234 Fallenii
3389 4155 3606 4222 maazia
3650 4158 3989 4226 respiciebat,
4039 4163 4089 4212 et
4122 4173 4161 4212 a

2208 4225 2575 4308 Lanam-avio
2606 4228 2952 4293 mpetratum
2981 4224 3181 4289 fuerat,
3217 4239 3329 4278 tam
3364 4230 3491 4278 ante
3526 4224 3716 4280 bellum
3736 4224 4161 4282 Smaleatdicum

2205 4295 2915 4431 θααψὸςυῗθοπιιῠῗᾶἳὲςαί
2948 4366 3062 4413 tum
3097 4359 3458 4428 Aryentorati
3487 4361 3935 4426 commorabatur,
3964 4369 4163 4430 poma

2207 4433 2271 4487 in
2309 4431 2667 4488 Britanniam
2699 4445 2756 4485 σο
2790 4428 3032 4484 contulit.-

2415 4500 2480 4566 4)
2522 4499 2828 4569 Quamnam
2862 4504 2911 4553 et
2941 4495 3142 4553 cuim?
3194 4496 3321 4564 lpse
3352 4497 3569 4567 quiden·
3601 4504 3713 4552 tum
3745 4502 3850 4551 m
3892 4499 4006 4551 oris
4038 4498 4160 4552 nul·

2212 4572 2320 4626 lam
2353 4572 2666 4652 scripserat.
2737 4567 2811 4623 10·
2849 4570 2991 4622 Acta
3028 4565 3246 4622 Ratieb.
3277 4568 3571 4635 praefatus
3604 4571 3683 4621 eet
3714 4582 3787 4622 m-
3892 4583 4034 4620 mma
4058 4565 4159 4624 Oc·

2210 4640 2375 4706 ‘om’
2407 4656 2479 4771 ⁸5⁷⁸)
2504 4636 2830 4771 Affctcultqligr'f
2864 4635 2993 4759 ffugi?
3023 4651 3296 4771 sangae,
3348 4708 3416 4785 is·
3441 4702 3556 4785 [ait
3596 4718 3753 4773 quem
3801 4702 3860 4756 V.
3894 4700 4071 4758 edidit
4103 4720 4159 4760 a.

2213 4773 2379 4859 1534&-
2446 4775 2528 4830 De
2564 4776 2621 4829 la
2654 4779 2813 4827 vertu
2848 4780 2906 4828 et
2940 4788 3105 4843 usage
3140 4772 3214 4826 du
3249 4770 3303 4825 Β.
3336 4771 3622 4854 ,Μιιιιειθνο
3656 4772 3725 4826 de
3759 4771 4058 4892 laffarolle
4092 4772 4162 4855 de

2212 4846 2350 4900 Dieu
2387 4851 2447 4900 et
2479 4845 2576 4899 des
2608 4859 2910 4899 sacr-emens
2944 4841 3259 4911 dependam
3293 4839 3503 4909 diesne,
3550 4847 3610 4894 et
3643 4840 3740 4893 des
3774 4840 3831 4893 ὼ
3872 4856 4030 4893 erens
4067 4857 4164 4910 qm

2212 4920 2338 4969 sont
2369 4930 2442 4968 en
2474 4914 2531 4968 la
2562 4912 2894 4967 chrestiente
2928 4909 2961 4964 a
2993 4926 3154 4965 cause
3189 4910 3426 4965 dicelles.
3494 4909 3606 4979 Qui
3635 4910 3770 4965 liber
3804 4925 3857 4963 a.
3895 4907 4035 4964 1554
4068 4924 4161 4980 ap.

2211 4981 2618 5106 clggltinfftatione
2652 5065 2751 5102 usu
2788 5049 3079 5102 autoritate
3114 5057 3171 5102 et
3189 5047 3525 5119 praestantia
3558 5045 3845 5102 ministerii
3879 5049 4036 5101 verbi
4056 5045 4160 5102 Dei

2211 5125 2271 5174 et
2302 5123 2759 5175 sacramentorum
2790 5122 2945 5172 σασα.

2415 5187 2479 5254 6)
2519 5183 2980 5274 Ν.498,κοε.8.
3052 5183 3515 5252 necassent.

2636 4996 2728 5034 um
2763 4981 2919 5047 form.
2939 4995 3099 5034 max.
3131 4979 3344 5046 prodiit
3375 4978 3546 5036 latiae
3578 4992 3797 5033 versus.-
3830 4976 3913 5032 De
3948 4978 4163 5059 origine

3647 5438 3753 5495 87*
