4825 6175
158 414 262 477 509

150 604 241 683 sit,
281 606 653 668 statuerunt
696 600 959 683 nuptias
992 595 1338 664 celebrare.
1404 599 1499 664 Et
1539 597 1662 666 hoc
1705 606 1806 666 est
1838 598 2077 666 melius

85 737 92 742 -
151 708 322 773 quam
342 707 479 753 rem
500 686 866 753 confectam
906 683 1172 785 longius
1212 684 1530 770 protrahi.
1597 684 1784 760 Vale.
1832 685 2076 770 optime

149 777 329 840 irater
368 779 434 837 et
487 771 693 837 amice
744 770 1183 855 integerrime.
1273 769 1512 837 Saluta
1554 770 1904 855 diligenter
1944 772 2074 836 fra-

147 871 298 925 trem
351 865 653 923 nostrum
712 854 1006 922 Iacobum
1020 906 1038 936 ,
1100 855 1412 922 Ribittum
1467 864 1536 920 et
1592 856 1877 940 reliquos
1930 877 2077 922 meo

146 944 408 1011 nomine.
514 941 727 1009 Uxori
777 949 931 1007 tuae
982 963 1102 1027 ego
1160 950 1227 1007 et
1283 962 1453 1007 uxor
1502 940 1858 1024 plurimam
1903 940 2075 1008 salu·

146 1039 263 1097 tem
314 1035 630 1113 optamus.
732 1025 1062 1094 Dominus
1128 1049 1244 1093 vos
1298 1036 1659 1094 conservet.
1763 1026 2076 1094 Genavae

145 1120 195 1182 6.
234 1113 441 1200 April.
489 1114 652 1179 1547
660 1163 674 1178 .

1045 1249 1332 1316 Ioannes
1376 1249 1695 1317 Calvinus
1739 1259 1910 1316 tuus.

879 1544 1290 1553 ..-·——-——-—

1016 1763 1174 1834 898.

652 1918 1060 1987 'VIRE'I'US
1105 1916 1541 1985 OALVINO.

291 2090 430 2157 Pro
489 2097 756 2172 tempore
814 2090 1167 2156 Lau-sauna
1221 2089 1439 2157 relicta
1499 2089 1814 2156 Genavam
1863 2090 2077 2155 venire

445 2177 665 2259 Neque
704 2196 864 2258 opus
904 2181 997 2242 est
1034 2182 1106 2240 ut
1146 2177 1316 2242 adsit
1354 2195 1550 2259 quum
1597 2175 1899 2243 Gabinus
1939 2178 2074 2241 iam

35 2271 38 2294 *
123 2265 327 2328 omma
372 2264 606 2346 optime
645 2264 983 2345 confecerit.

123 2433 230 2499 (Ex
266 2434 614 2503 autographo
653 2433 782 2487 Cod.
819 2432 1019 2488 Gener.
1039 2433 1138 2486 111
1155 2444 1182 2474 ι
1197 2475 1213 2502 ,
1246 2433 1338 2487 fol.
1360 2430 1475 2486 160.
1529 2433 1677 2487 Alibi
1711 2448 1817 2486 non
1854 2436 2078 2501 exstat.)

120 2622 508 2689 Clarissimo
564 2622 705 2689 viro
749 2623 833 2688 D.
877 2622 1110 2687 Ioanni
1153 2620 1434 2688 Calvino
1491 2622 1801 2688 ecelesiae
1855 2621 2075 2689 Gene-

283 2709 522 2774 vensis
564 2708 812 2791 pastori
854 2707 1357 2792 vigilantissimo
1409 2706 1602 2772 fratri
1644 2715 1709 2773 et
1752 2729 2076 2795 symmys-

283 2802 399 2861 tae
448 2795 803 2860 carissimo.
1597 2829 1626 2854 .

1437 2877 1769 2945 Genevae.

278 3015 358 3084 S.
460 3014 738 3082 Gaudeo
805 3016 1059 3082 felicius
1109 3036 1252 3081 rem
1311 3015 1431 3081 tibi
1485 3018 1873 3084 successisse
1899 3015 1946 3105 ¹)
2004 3019 2080 3083 in

35 3138 38 3205 ξ
111 3101 617 3189 compescendis
661 3102 983 3169 ferocibus
1035 3102 1180 3168 istis
1237 3103 1538 3188 ingeniis,
1593 3123 1788 3187 quam
1831 3103 1931 3169 illi
1973 3126 2077 3170 ar-

35 3208 38 3229 *
110 3188 543 3256 bitrabantur
587 3189 697 3272 qui
741 3188 908 3253 mihi
962 3187 1182 3254 omnia
1239 3188 1563 3255 faciebant
1615 3197 1754 3255 tam
1807 3192 2075 3276 tragica.

109 3275 313 3342 Adest
360 3275 699 3342 Dominus
745 3295 861 3339 suo
907 3274 1160 3358 spiritu,
1222 3284 1416 3358 atque
1458 3296 1533 3341 eo
1573 3276 1906 3359 potentius
1949 3298 2079 3360 quo

109 3362 332 3428 minus
420 3359 925 3426 reformidamus
992 3360 1220 3426 vultus
1296 3368 1637 3443 potentum
1718 3369 1784 3427 et
1858 3363 2078 3428 minus

105 3448 298 3513 malis
369 3444 694 3514 cedimus.
805 3442 984 3527 Quid
1047 3445 1128 3511 de
1191 3449 1439 3512 comico
1501 3446 1782 3513 ansare
1847 3447 2076 3528 dicam,

107 3535 332 3599 nescio
378 3532 605 3616 plane,
649 3532 778 3596 nisi
821 3530 993 3615 quod
1027 3529 1213 3596 doleo
1247 3533 1457 3597 vicem
1502 3533 1663 3598 eius.
1729 3532 1881 3598 Non
1914 3554 2079 3618 opus

105 3629 203 3684 est
243 3626 331 3684 ut
377 3620 563 3684 istuc
604 3618 998 3700 proficiscar,
1021 3615 1079 3700 2)
1125 3617 1509 3702 experiundi
1553 3639 1749 3684 causa
1792 3640 1956 3701 quae
2005 3627 2079 3685 tu

106 3702 184 3768 ad
226 3726 344 3770 me
395 3702 652 3770 scribis.
741 3701 989 3769 Videor
1031 3702 1194 3767 mihi
1237 3703 1569 3769 hominem
1613 3703 1853 3771 videre.
1943 3706 2080 3771 Do-

100 3791 327 3856 minus
379 3789 536 3855 eius
577 3789 984 3854 misereatur.
1060 3789 1333 3854 Lubens
1376 3799 1441 3855 te
1485 3797 1554 3855 et
1594 3789 1932 3855 ecclesiam
1977 3791 2079 3856 in-

102 3876 422 3942 visissem
441 3927 461 3955 ,
516 3874 633 3940 sed
687 3874 850 3939 mihi
904 3896 1082 3940 nunc
1126 3896 1255 3938 non
1300 3881 1402 3941 est
1444 3876 1603 3941 satis
1647 3873 2078 3943 commodum.

100 3958 270 4027 Sum
336 3960 663 4027 nonnihil
715 3961 963 4025 fractus
1019 3959 1375 4039 laboribus,
1437 3967 1504 4026 et
1559 3970 1782 4026 tamen
1840 3972 2084 4046 urgent

99 4046 382 4113 aliunde
433 4046 596 4112 novi
639 4045 918 4124 labores,
974 4046 1149 4128 iique
1202 4046 1581 4126 necessarii,
1637 4048 1872 4128 quibus
1918 4047 2081 4112 mihi

99 4131 221 4201 hac
279 4131 715 4199 hebdomade
780 4129 1289 4204 incumbendum
1347 4141 1464 4198 est.
1565 4131 1821 4198 Videbo
1879 4134 2083 4217 igitur

99 4220 371 4301 quando
419 4217 596 4283 mihi
640 4218 768 4283 erit
811 4216 1230 4284 commodius.
1316 4215 1394 4283 Si
1445 4239 1594 4284 mea
1645 4219 1831 4284 vobis
1884 4240 2083 4302 opera

97 4313 275 4372 esset
321 4325 527 4390 opus,
571 4303 821 4387 reliqua
862 4305 1128 4387 negotia
1165 4303 1681 4370 intermisissem.
1750 4301 1886 4370 Sed
1929 4306 2085 4388 quia

130 4579 282 4634 808.
322 4578 390 4648 1)
437 4577 555 4632 Hic
593 4577 765 4644 paulo
811 4577 1028 4631 maiora
1075 4577 1226 4631 canit
1269 4592 1433 4647 quam
1480 4578 1773 4646 oportebat.
1859 4579 2080 4650 Nequa-

98 4664 268 4718 quam
308 4648 657 4703 consistorio
691 4661 999 4701 concessum
1032 4645 1179 4717 quod
1218 4644 1478 4700 Calvinus
1512 4646 1773 4702 voluerat.
1826 4647 2085 4704 Decrevit

98 4724 337 4772 senatus
392 4720 573 4770 totam
625 4730 848 4768 causam
887 4730 1026 4783 paee
1065 4715 1220 4778 facta
1268 4714 1632 4782 sepeliendam
1678 4731 1792 4769 esse
1806 4739 1821 4767 .·
1877 4720 1931 4772 A
1966 4725 2083 4772 este

99 4786 293 4840 advisa
336 4800 462 4854 que
498 4787 621 4836 tant
655 4783 707 4837 le
742 4783 1024 4836 differrent
1049 4796 1153 4853 que
1189 4783 1243 4835 la
1257 4783 1503 4853 hayenne
1527 4784 1621 4849 qui
1653 4787 1904 4853 ponrroit
1939 4793 2082 4840 estre

99 4861 259 4910 entre
297 4855 394 4909 les
433 4853 718 4905 ministres
752 4863 808 4905 et
841 4853 893 4905 le
911 4852 1181 4920 capitaine
1198 4852 1411 4920 Perrin,
1447 4870 1509 4907 sa
1541 4853 1754 4925 femme,
1789 4861 1845 4910 et
1879 4856 2083 4909 aultres

99 4925 168 4978 de
203 4926 265 4978 la
299 4936 556 4993 mayson
593 4929 651 4976 et
684 4938 883 4989 parens
904 4920 1060 4974 dudit
1078 4918 1255 4974 Favre
1289 4928 1416 4991 soyt
1439 4922 1648 4992 paciffie
1682 4925 2085 4994 amysblement

100 5002 157 5046 et
192 5000 412 5061 soyent
452 4991 818 5044 reconstituez
861 5006 963 5059 par
999 4991 1300 5044 ensemble:
1345 4991 1628 5045 toutesfois
1672 5009 1779 5061 que
1812 4994 1949 5047 ledit
1982 4995 2083 5048 Fa-

97 5079 194 5115 vre
233 5066 378 5133 soyt
421 5059 727 5129 obeyssant
759 5076 791 5111 a
825 5058 961 5111 Dieu
997 5065 1054 5111 et
1088 5076 1122 5112 a
1154 5059 1208 5113 la
1240 5058 1433 5113 iustice
1467 5070 1737 5115 comment
1768 5061 1850 5115 les
1883 5064 2088 5117 aultres

101 5137 156 5183 et
189 5132 308 5200 'qne
345 5130 461 5183 lon
501 5145 535 5196 y
568 5127 800 5196 procede
837 5144 905 5179 au
957 5128 1206 5181 meilleur
1250 5128 1428 5182 moien
1477 5145 1582 5198 que
1626 5129 1741 5183 fere
1777 5147 1834 5184 se
1870 5149 2084 5200 pourra.

103 5198 277 5270 (Req.
317 5199 410 5253 du
457 5195 675 5250 Conseil
707 5195 790 5248 29.
834 5194 1037 5261 Mars.)

320 5266 393 5332 2)
440 5263 737 5330 Profectus
790 5270 869 5320 est
926 5271 1106 5319 tamen
1152 5267 1346 5334 paucis
1397 5271 1522 5333 post
1568 5265 1771 5322 diebus.
1843 5266 1955 5322 Die
2002 5268 2086 5324 21.

101 5339 296 5406 Apu-a.
334 5338 410 5390 in
459 5330 669 5388 Senatu
702 5334 866 5388 verba
897 5333 1042 5400 feeit.

1875 411 2036 473 1⁶47
2083 403 2392 475 APRIL.

4000 414 4126 474 510

2178 594 2343 662 haec
2385 617 2518 662 non
2570 603 2727 662 sunt
2778 594 3280 676 contemnenda,
3340 596 3507 662 nihil
3566 604 3665 663 est
3716 603 3935 662 autem
3980 597 4130 664 istic

2181 682 2351 764 quod
2396 701 2617 832 adgam,
2674 681 2844 765 quod
2887 683 2957 746 in
3004 681 3183 748 aliud
3228 691 3487 765 tempus
3528 703 3660 748 non
3704 683 3913 766 possit
3952 704 4128 748 com-

2179 764 2372 832 mode
2458 768 2665 832 ifferri
2679 819 2693 843 ,
2746 766 2948 833 malui
2997 768 3464 851 profectionem
3523 769 3591 833 in
3650 767 3828 834 aliud
3871 777 4130 851 tempus

2178 853 2582 936 protrahere.
2672 853 2852 937 Ergo
2895 853 3048 919 boni
3094 853 3391 920 consules
3447 855 3505 919 si
3563 853 3644 919 ad
3704 854 3875 919 diem
3931 874 4129 937 quem

2180 938 2344 1004 mihi
2386 940 2753 1021 praefixisti
2812 960 2943 1004 non
3000 960 3105 1005 me
3161 941 3332 1005 istuc
3374 943 3620 1005 sistam.
3710 938 4022 1006 Salutant
4063 947 4130 1005 te

2178 1023 2393 1090 nostri
2438 1045 2684 1096 omncs,
2733 1030 3078 1108 praecipue
3122 1047 3278 1091 vero
3322 1025 3572 1109 collega
3626 1033 3693 1091 et
3748 1046 3897 1091 mea
3938 1045 4127 1104 uxor,

2178 1129 2344 1191 quae
2387 1122 2539 1174 tuae
2582 1131 2836 1192 quoque
2880 1110 3158 1176 salutem
3202 1120 3401 1194 optat.
3470 1111 3657 1176 Vale.
3718 1111 4127 1190 Lausannae,

2187 1201 2282 1262 10.
2331 1197 2580 1278 Aprilis
2636 1201 2810 1261 1547.

3156 1332 3338 1398 Tuus
3382 1332 3622 1399 Petrus
3665 1333 3955 1399 Vin-etus.

2948 1625 3355 1634 *—

3069 1840 3226 1914 894.

2641 1995 3175 2062 DRYANDER
3221 1994 3654 2063 GALVINO.

2355 2167 2581 2250 Sperat
2621 2188 2763 2233 eum
2808 2166 3135 2234 'Basileam
3185 2173 3508 2232 venturum
3565 2168 3672 2233 ubi
3715 2175 3772 2234 et
3816 2168 4130 2235 Melanch-

2177 2252 2323 2318 thon
2368 2259 2772 2335 exspectatur,
2815 2255 2877 2318 si
2934 2253 3180 2336 quidem
3229 2253 3298 2317 in
3330 2256 3654 2334 praesenti
3704 2275 3919 2321 rerum
3962 2259 4130 2321 statu

2178 2341 2296 2405 iter
2338 2340 2653 2421 suscipere
2695 2344 2895 2420 queat.
2973 2339 3135 2404 Tum
3179 2338 3253 2404 cle
3292 2345 3482 2404 morte
3520 2339 3747 2421 fratris
3789 2342 3898 2406 sui
3938 2341 4131 2422 deque

2177 2425 2380 2490 variis
2426 2425 2699 2491 aliorum
2741 2424 2928 2489 rebus
2969 2423 3199 2504 scribit,
3242 2426 3505 2507 denique
3541 2430 3595 2490 et
3637 2447 3795 2491 nova
3841 2427 4019 2508 affert
4052 2447 4130 2492 ex

2186 2509 2552 2576 Germania.

2490 2680 2603 2749 (Ex
2638 2680 2974 2750 autographo
3009 2680 3137 2736 eod.
3175 2680 3375 2738 Genev.
3413 2680 3529 2748 112,
3566 2681 3658 2734 fol.
3694 2680 3802 2748 66.)

2182 2867 2578 2933 Doctissimo
2622 2869 2765 2935 viro
2808 2865 2893 2931 D.
2940 2867 3227 2933 Iohanni
3278 2866 3556 2933 Calvino
3599 2869 3902 2934 ministro
3943 2869 4133 2935 verbi

2656 2951 2786 3017 Dei
2830 2954 2900 3016 in
2945 2953 3217 3019 ecclesia
3254 2951 3650 3019 Genevensi.

2356 3087 2427 3156 S.
2470 3087 2557 3155 D.
2648 3090 2895 3156 Gratae
2938 3090 3104 3156 mihi
3156 3091 3427 3155 fuerunt
3466 3090 3699 3155 literae
3742 3099 3924 3170 tuae,
3982 3090 4133 3157 doc-

2182 3176 2435 3241 tissimo
2482 3173 2738 3241 Calvina
2752 3200 2772 3241 .·
2827 3177 3075 3260 gratior
3132 3177 3258 3241 erit
3308 3185 3461 3241 tuus
3518 3184 3904 3259 conspectus
3948 3178 4004 3242 si
4049 3178 4134 3243 ad

2183 3282 2303 3327 nos
2347 3262 2635 3338 veneris,
2694 3270 2771 3326 ut
2826 3262 3174 3343 promittis.
3275 3260 3489 3326 Video
3553 3270 3621 3326 te
3674 3261 3938 3328 credere
3996 3284 4131 3329 non

2181 3368 2373 3429 posse
2395 3346 2577 3412 Phili
2625 3368 2780 3430 pum
2805 3347 3295 3421 Melanehtonem
3329 3348 3463 3413 huc
3505 3367 3648 3412 esse
3683 3358 4052 3413 venturum.
4080 3350 4130 3431 ¹)

2181 3433 2327 3517 Ego
2368 3431 2524 3515 quid
2643 3441 2868 3497 turum
2906 3435 3030 3498 erit
3073 3453 3207 3497 non
3243 3453 3509 3515 possum
3552 3433 3901 3513 affirmare,
3944 3454 4132 3517 prae-

2182 3519 2408 3584 sertim
2473 3519 2546 3581 in
2609 3526 2796 3583 tanta
2859 3518 3349 3602 perturbatione
3413 3539 3638 3583 rerum
3700 3517 4129 3601 publicarum.

2182 3603 2535 3669 Caeterum
2583 3602 2925 3686 Philippus
2966 3605 3106 3687 ipse
3145 3604 3321 3670 binis
3360 3604 3571 3668 literis
3614 3602 3790 3668 idem
3832 3603 3993 3668 mihi
4030 3624 4130 3669 se·

2182 3689 2282 3754 rio
2325 3689 2643 3772 promisit.
2731 3689 2814 3753 In
2856 3700 3187 3774 postrema
3221 3688 3497 3772 epistola
3540 3709 3737 3771 quam
3781 3691 3862 3756 ab
3904 3710 3980 3755 eo
4026 3709 4130 3754 ac-

2184 3776 2326 3858 cepi
2369 3774 2609 3841 diserte
2652 3774 2878 3840 scribit
2919 3796 2989 3839 se
3034 3785 3387 3842 venturum
3442 3794 3584 3839 esse
3599 3826 3615 3853 ,
3673 3775 3871 3840 etiam
3916 3777 3971 3841 si
4015 3796 4135 3857 per

2184 3860 2433 3927 medias
2488 3860 2778 3926 hostium
2856 3863 3027 3927 acies
3079 3861 3205 3925 erit
3273 3860 3769 3943 penetrandum.
3874 3860 4133 3925 Nollem

2186 3968 2333 4012 eum
2372 3952 2724 4030 praestare,
2770 3947 2839 4010 in
2874 3947 2999 4012 hac
3034 3944 3456 4030 dissipatione
3489 3967 3730 4024 rerum,
3777 3944 3948 4028 quod
3983 3967 4133 4030 pro-

2185 4032 2382 4098 misit.
2482 4031 2656 4096 Nam
2714 4041 2782 4096 et
2835 4032 3206 4115 Imperator
3258 4038 3361 4097 est
3413 4030 3881 4115 Norimbergae
3895 4034 3952 4111 2)
4006 4053 4133 4114 quo

2185 4118 2325 4201 ipse
2369 4125 2514 4181 erat
2554 4125 2895 4196 venturus,
2943 4129 3010 4182 et
3052 4120 3419 4202 Argentina
3461 4118 3713 4200 accepit
3753 4118 3982 4201 iugum
4026 4126 4133 4201 ty-

2187 4203 2486 4268 rannidis
2543 4202 2751 4268 nihilo
2806 4204 3033 4268 mitius
3049 4254 3065 4282 ,
3125 4203 3418 4268 fortassis
3473 4202 3670 4268 etiam
3726 4202 4024 4269 acerbius
4068 4212 4135 4268 et

2186 4300 2258 4354 tu
2342 4290 2446 4354 ius
2467 4309 2665 4372 quam
2700 4297 2993 4354 caeterae
3027 4289 3345 4366 civitates,
3379 4294 3708 4371 utcunque
3731 4288 3999 4371 palpum
4021 4287 4134 4351 ob-

2184 4311 2453 4440 ιωἫθτο
2495 4373 2733 4457 populo
2788 4383 2856 4439 et
2897 4375 3113 4441 nescio
3154 4374 3389 4456 quibus
3432 4372 3681 4439 artibus
3725 4372 4136 4438 dissimulare

2643 4457 2821 4525 Sunt
2871 4461 2999 4525 ista
3050 4459 3290 4525 iudicia
3345 4458 3476 4524 Dei
3531 4458 3914 4524 admiranda
3970 4479 4135 4540 quae

2189 4547 2478 4611 humano
2533 4545 2770 4610 iudicio
2822 4548 3086 4628 penitus
3142 4544 3607 4628 comprehendi
3662 4564 3797 4608 non
3852 4554 4132 4627 possent.

2186 4632 2505 4716 Magnam
2568 4630 2899 4714 quandam
2962 4652 3186 4697 rerum
3262 4631 3693 4695 mutationem
3759 4628 4136 4695 hominibus

2185 4720 2476 4868 {ignotam
2520 4717 2784 4782 videtur
2826 4717 3040 4782 moliri
3084 4718 3287 4783 Deus.
3379 4714 3711 4797 Quidquid
3765 4723 3865 4780 est
3919 4715 4135 4780 exitus

2231 4803 2561 4869 eclarabit.

2187 4459 2550 4526 videantur.

2221 5059 2367 5116 894.
2404 5059 2464 5124 1)
2505 5058 2585 5115 Et
2618 5075 2753 5113 sane
2786 5077 2897 5113 non
2933 5061 3051 5115 sine
3084 5075 3255 5117 causa
3289 5058 3351 5113 id
3385 5057 3629 5113 credidit.
3703 5056 4139 5111 Melanchtlionis

2183 5130 2305 5193 filia
2343 5130 2510 5183 Anna
2543 5145 2719 5197 nuper
2751 5135 2966 5183 mortua
3000 5136 3132 5195 erat,
3166 5144 3310 5182 uxor
3340 5130 3503 5197 pravi
3533 5126 3717 5181 morbo
3751 5126 4049 5194 laborabat,
4082 5125 4137 5180 d.

2187 5196 2273 5251 24.
2293 5197 2507 5264 Aprilis
2542 5198 2784 5252 electoris
2819 5199 3059 5252 exercitu
3094 5199 3388 5266 profliyato
3422 5202 3473 5250 et
3507 5194 3641 5249 duce
3676 5201 3833 5263 capto
3867 5196 3985 5263 ipse
4018 5211 4138 5249 cum

2185 5268 2405 5333 familia
2448 5263 2561 5319 Cal.
2603 5266 2781 5320 Maiis
2823 5265 3240 5335 Wittenberqam
3272 5263 3491 5333 fuqieus
3524 5264 3760 5333 reliquit.

2395 5334 2457 5403 2)
2492 5335 2543 5388 d.
2580 5333 2665 5388 24.
2706 5334 2909 5390 Martii
2939 5337 3124 5391 urbem
3159 5338 3482 5389 intraverat.
