4825 6175
668 410 789 473 431

668 595 878 681 psalte
903 591 986 676 ¹⁸)
1028 611 1163 656 non
1205 610 1582 656 recusamus
1598 639 1616 667 ,
1673 588 2062 673 praesertim
2102 608 2304 671 quum
2345 588 2414 651 id
2459 609 2609 654 nos-

668 681 791 747 tris
835 687 1022 745 vetus
1063 677 1152 743 sit
1187 696 1262 742 ac
1305 676 1481 753 leve,
1546 675 1760 757 inquit
1813 673 2155 740 Eusebius.
2245 671 2380 740 Sed
2424 683 2609 756 opta-

669 786 818 833 mus
850 762 1015 829 illud
1047 782 1303 845 quoque
1338 760 1686 844 compleri:
1723 758 2050 825 Dominus
2086 757 2366 825 concidit
2400 760 2608 824 funes.

669 851 803 917 Nos
843 851 919 915 in
959 848 1252 932 singulos
1286 844 1422 912 dies
1455 852 1907 930 exspectamus
1949 855 2263 911 eventum
2307 845 2429 910 rei:
2474 865 2612 909 me·

669 936 983 1004 minimus
1028 934 1202 999 hune
1243 952 1384 997 esse
1427 931 1618 996 illum
1660 951 1954 997 mensem
2008 932 2120 1014 qui
2161 931 2316 994 olim
2359 939 2611 1012 tempo-

671 1024 856 1090 ribus
897 1018 1268 1104 Epiphanis
1310 1025 1379 1081 et
1420 1019 1902 1082 Aemonsorum
1963 1016 2283 1082 maximas
2335 1013 2627 1080 inclina?

670 1110 881 1175 tiones
923 1103 1168 1170 viderit
1209 1105 1278 1167 in
1320 1113 1665 1184 utramque
1699 1112 1982 1184 partem,
2040 1101 2098 1166 si
2152 1100 2368 1166 exitus
2406 1101 2612 1164 initiis

671 1191 1104 1263 consentiant.
1173 1188 1305 1255 Sed
1342 1186 1508 1252 nihil
1544 1187 1713 1252 dico:
1759 1185 2158 1253 differendus
2191 1187 2260 1251 in
2305 1186 2613 1252 ultimum

672 1288 888 1347 actum
931 1278 1039 1341 hic
1081 1274 1368 1357 plausus.

843 1364 1051 1428 'I'uam
1095 1359 1174 1426 de
1219 1368 1443 1424 nostra
1484 1360 1554 1424 in
1576 1358 1770 1423 Pauli
1805 1357 2021 1423 locum
2056 1358 2430 1424 coniectura
2463 1377 2612 1421 sen-

673 1450 950 1516 tentiam
983 1445 1385 1512 intellexisse
1418 1444 1582 1509 mihi
1617 1444 1777 1510 satis
1812 1451 1929 1522 est,
1970 1442 2304 1526 habeoque
2338 1463 2614 1526 magnas

673 1558 758 1603 ex
816 1535 1036 1600 animo
1092 1532 1357 1616 gratias.
1444 1530 1687 1594 Fateor
1738 1537 1806 1593 et
1856 1548 2136 1613 agnosco
2193 1550 2322 1593 non
2367 1538 2614 1592 temere

671 1619 958 1687 inveniri
1022 1615 1193 1690 αὐτὸς
1244 1636 1360 1699 pro
1410 1616 1655 1697 ἐκεῖνος,
1725 1625 2052 1681 caeterum
2108 1614 2500 1697 particulam
2550 1611 2614 1676 δὲ

673 1706 1049 1790 frequenter
1100 1702 1231 1786 legi
1288 1721 1404 1784 pro
1459 1701 1823 1782 copulativa
1877 1710 1997 1765 καί.
2105 1701 2199 1765 Et
2255 1700 2503 1764 Paulus
2546 1701 2616 1763 in

675 1790 904 1858 eadem
945 1789 1028 1855 ad
1072 1786 1447 1853 Corinthios
1485 1786 1760 1870 epistola
1812 1805 1952 1868 cap.
1999 1789 2070 1847 12
2131 1795 2404 1868 utraque
2460 1806 2615 1850 voce

677 1878 881 1944 utitur
933 1864 1295 1957 ἀδιαφόρως.
1397 1872 1593 1937 Diem
1648 1882 1868 1936 autem
1924 1871 2304 1953 simpliciter
2369 1870 2614 1935 dictum

678 1983 823 2031 esse
865 1970 1233 2027 extremum
1276 1957 1462 2022 illum
1513 1957 1687 2022 diem
1730 1957 2029 2032 Domini,
2083 1955 2365 2040 legimus
2409 1955 2612 2020 Hebr.

682 2055 762 2115 10
805 2045 969 2131 (25),
1010 2046 1125 2111 ubi
1167 2053 1234 2109 et
1274 2041 1498 2108 iudicii
1540 2057 1607 2108 et
1650 2043 1825 2126 ignis
1866 2044 1945 2107 fit
1988 2043 2251 2107 mentio.
2333 2040 2469 2106 Sed
2513 2040 2613 2105 lu-

675 2134 906 2200 benter
948 2130 1237 2198 cedimus
1280 2143 1391 2194 tuo
1436 2149 1765 2211 responso,
1808 2127 1982 2211 quod
2016 2136 2192 2192 certe
2235 2126 2424 2191 nobis
2470 2146 2615 2190 ora·

676 2220 809 2288 culi
862 2220 1000 2283 loco
1053 2226 1182 2294 est,
1239 2213 1372 2279 hon
1423 2223 1559 2280 tam
1625 2223 1892 2297 propter
1942 2233 2214 2297 gravem
2271 2211 2617 2278 scribentis

676 2304 1090 2373 autoritatem
1167 2321 1362 2384 quam
1452 2299 1827 2382 affulgentis
1902 2299 2198 2363 veritatis
2271 2298 2505 2363 lucem.
2533 2298 2615 2378 ¹⁴)

675 2391 916 2457 Virum
955 2390 1146 2453 illum
1190 2386 1450 2452 doctum
1495 2393 1563 2449 et
1604 2384 2036 2468 ingeniosum,
2081 2385 2192 2467 qui
2236 2391 2301 2449 te
2344 2404 2429 2447 ex
2463 2381 2617 2447 aula

674 2478 906 2544 invisit
926 2484 992 2538 et
1026 2471 1107 2538 de
1127 2471 1354 2537 eodem
1381 2470 1662 2537 eontulit
1693 2471 1851 2547 loco,
1887 2469 2120 2551 opinor
2153 2470 2352 2533 fuisse
2374 2468 2618 2534 Ioachi·

675 2583 866 2640 mum,
908 2579 1032 2625 nec
1074 2558 1299 2624 dubito
1357 2556 1517 2637 quin
1574 2556 1691 2620 tibi
1735 2554 2017 2619 laudarit
2059 2565 2354 2619 autorem
2398 2574 2612 2632 suum,

675 2651 896 2716 virum
938 2655 1113 2712 certe
1167 2645 1238 2709 in
1303 2642 1479 2706 hisce
1531 2640 1739 2706 literis
1794 2649 2125 2706 versatum
2178 2639 2480 2724 religiose
2538 2661 2614 2705 ac

678 2735 1043 2820 diligenter.
1144 2728 1216 2795 Is
1271 2727 1624 2811 plurimum
1682 2734 1746 2791 te
1800 2725 2043 2791 salutat
2105 2726 2351 2809 tibique
2416 2726 2614 2790 vehe-

674 2831 934 2889 menter
996 2816 1180 2899 cupit
1240 2812 1671 2889 innotescere,
1737 2819 1814 2876 ut
1876 2832 2289 2894 quascunque
2352 2810 2616 2894 collegit

647 2902 1267 2974 ‘animadversiones
1344 2909 1459 2963 tuo
1530 2897 1769 2964 iudicio
1833 2895 2181 2979 aliquando
2248 2896 2613 2963 verecunde

672 2991 989 3061 subiiciat.
1069 2985 1213 3054 Scit
1253 2984 1430 3050 enim
1475 3004 1606 3048 non
1650 3003 1792 3048 esse
1834 2984 2201 3066 graviorem
2245 3001 2611 3060 censuram,

719 3076 1062 3145 raesertim
1100 3072 1175 3138 in
1215 3070 1499 3155 paulinis
1539 3068 1768 3148 literis,
1812 3089 2093 3152 quarum
2137 3078 2271 3133 tam
2315 3067 2486 3133 fidus
2521 3068 2613 3135 sis

670 3174 992 3247 interpres
1049 3172 1125 3225 ut
1176 3163 1368 3223 autor
1420 3155 1620 3221 fuisse
1663 3154 1963 3222 videaris.
2048 3154 2245 3221 Nunc
2288 3164 2363 3218 ut
2402 3162 2615 3236 poste-

670 3252 910 3316 riorem
946 3245 1030 3312 ad
1065 3241 1443 3310 Corinthios
1472 3241 1923 3307 vehementius
1958 3237 2399 3305 desideremus
2435 3260 2614 3321 prior

671 3346 774 3402 est
811 3334 882 3399 in
925 3350 1135 3400 causa.
1220 3328 1312 3393 Et
1355 3327 1500 3410 quis
1545 3324 1864 3392 desiderio
1907 3325 1995 3390 sit
2044 3323 2276 3390 modus
2333 3334 2452 3389 aut
2491 3346 2612 3407 pu·

672 3419 792 3487 dor
819 3421 902 3496 ιδ)
955 3417 1160 3483 donec
1214 3433 1439 3478 omnes
1494 3410 1724 3477 eadem
1777 3409 2231 3492 explanaveris
2282 3408 2610 3476 methodo.

671 3505 978 3591 Agedum
1018 3502 1256 3586 igitur,
1309 3499 1405 3563 mi
1445 3508 1661 3579 pater,
1715 3497 1776 3563 si
1818 3495 1948 3560 alia
1988 3495 2307 3578 quaedam
2348 3495 2615 3578 politica

672 3590 936 3676 negotia
975 3586 1211 3671 quibus
1266 3582 1655 3649 distraheris
1693 3583 1767 3647 in
1822 3580 2024 3646 alium
2079 3581 2350 3646 reiicere
2405 3591 2608 3663 potes,

669 3675 1196 3746 succenturiatur
1252 3667 1284 3731 ὅ
1337 3665 1615 3750 συνεργὸς
1672 3666 2016 3751 Saliynius.
2044 3666 2128 3750 ¹⁰)
2228 3666 2290 3731 Ο
2329 3686 2614 3765 magnae

752 3783 823 3828 es
886 3759 1094 3825 altera
1145 3756 1413 3820 Romae.
1513 3753 1836 3836 Equidem
1901 3753 2179 3835 optarim
2223 3751 2344 3817 tibi
2409 3752 2614 3815 altum

791 3845 837 3912 d
877 3846 1084 3911 otium
1126 3840 1298 3925 quod
1340 3848 1705 3922 exposcunt
1761 3858 2001 3921 magna
2052 3857 2220 3921 quae
2276 3836 2614 3903 meditaris

670 3952 888 4019 opera.
975 3926 1112 3994 Sed
1154 3927 1212 3991 si
1252 3935 1439 4009 pater
1481 3924 1592 3989 ille
1633 3923 1935 3991 coelestis
1968 3923 2128 3989 velit
2168 3923 2616 4005 interpretem,

667 4039 806 4085 non
845 4016 1063 4080 minus
1105 4033 1301 4096 quam
1344 4010 1500 4076 olim
1544 4019 1839 4075 autorem
1881 4008 2130 4091 ipsum,
2185 4027 2332 4072 cum
2391 4008 2615 4073 multis

669 4100 1201 4185 occupationibus
1243 4096 1501 4174 luctari,
1535 4115 1664 4179 quo
1707 4094 2025 4160 illustrior
2067 4094 2154 4158 sit
2199 4092 2296 4159 vis
2340 4094 2612 4176 spiritus

670 4185 738 4262 ὃς
778 4193 1010 4271 ἐνεργεῖ,
1053 4204 1189 4248 non
1245 4203 1508 4267 possum
1563 4201 1700 4246 non
1749 4179 2041 4246 revereri
2084 4178 2430 4245 consilium
2478 4179 2611 4244 Do-

666 4294 854 4342 mm.

841 4357 905 4423 N
907 4377 1035 4422 unc
1077 4355 1136 4420 si
1176 4351 1524 4418 molestum
1569 4368 1701 4414 non
1745 4355 1847 4414 est
1878 4370 2109 4415 rursus
2144 4348 2370 4415 audire
2403 4354 2609 4413 λεπτο-

670 4443 974 4526 zoninum
1007 4440 1245 4508 curiosi
1277 4435 1806 4519 interpellatoris,
1851 4436 1961 4517 qui
2002 4445 2070 4500 te
2104 4434 2241 4500 suis
2282 4435 2612 4519 ineptiolis

667 4530 1078 4596 familiariter
1110 4522 1446 4601 obtundat,
1487 4531 1638 4606 peto
1671 4521 1912 4586 Matth.
1952 4525 2029 4584 14
2052 4518 2153 4607 (3)
2197 4541 2354 4585 num
2400 4522 2614 4603 potius

666 4614 1019 4700 legendum
1061 4613 1174 4677 sit:
1220 4615 1488 4694 propter
1528 4605 1967 4673 Herodiadem
2008 4626 2283 4672 uxorem
2326 4604 2613 4671 Herodis

670 4701 893 4768 fiatris
955 4697 1102 4766 sui?
1190 4695 1363 4761 Nam
1424 4693 1589 4758 haec
1651 4691 1976 4758 Herodias
2038 4711 2195 4758 vere
2257 4711 2426 4756 uxor
2488 4692 2615 4756 fuit

845 4967 939 5103 ii}
972 4963 1288 5089 ῗῖἁωηθῦεέ
1318 4981 1424 5088 2‘3‘
1456 5034 1626 5089 αιωιι·
1675 5032 1849 5087 tom
1897 5002 2099 5113 μήνη
2151 5045 2308 5153 νοω,
2357 5031 2611 5114 υεαοῃων

870 5104 948 5159 ed
981 5104 1029 5157 1.
1069 5103 1190 5159 Gor.
1222 5100 1274 5171 3,
1312 5101 1410 5185 lB,
1453 5101 1660 5184 ‹ie-quo
1692 5099 2013 5157 Bau-unus
2163 5115 2347 5155 omum
2391 5101 2607 5157 adterat.

879 5241 940 5308 5)
976 5186 1368 5296 Ηῖἇοέιεᾶῗῖἕ
1397 5176 1705 5228 ‘'mmm“
2042 5292 2046 5296 ,
2134 5309 2144 5319 ,

847 5310 941 5379 16)
978 5304 2282 5380 AnaledequoN.855,noi.2‚nonltquee.

2205 398 2733 468 EPIS'I'OLAE
2777 404 3117 465 857-858
4513 409 4599 470 432

2712 585 3016 665 Herodis,
3054 588 3166 669 qui
3188 587 3475 654 Herodis
3511 589 3775 656 maioris
3808 589 3986 656 filius
4021 590 4149 655 fuit
4169 611 4255 655 ex
4275 591 4607 673 Mariamno,

2713 673 2915 737 frater
2966 675 3486 757 consanguineus
3545 674 3828 741 Herodis
3882 677 4252 742 tetrarchae
4306 677 4606 746 Galilaeae.

2716 761 2809 823 At
2849 758 3199 841 Philippus
3252 760 3582 826 tetrarcha
3623 760 4107 827 Trachonitidis
4163 761 4450 829 Herodis
4494 785 4610 845 quo·

2714 864 2839 925 que
2881 845 3148 908 maioris
3191 844 3363 910 filius
3405 866 3489 910 ex
3534 846 3900 929 Cleopatra,
3944 866 4218 912 uxorem
4262 846 4487 914 habuit
4519 850 4611 915 Sa·

2716 929 2936 992 lemen
2979 929 3185 994 filiam
3221 931 3398 997 illius
3433 931 3718 997 Herodis
3742 932 4133 998 Mariamnei
4177 943 4246 998 et
4285 934 4483 1019 ipsius
4510 936 4611 1000 Hc-

2716 1013 3019 1092 rodiadis,
3066 1016 3192 1080 nisi
3238 1037 3341 1080 me
3384 1017 3555 1080 fallit
3586 1017 3917 1100 Iosephus
3960 1030 4079 1083 aut
4119 1040 4266 1084 mea
4307 1035 4478 1086 certe
4511 1043 4614 1086 mc-

2717 1101 2940 1164 moria.
3032 1101 3166 1164 Res
3209 1102 3501 1167 fortassis
3545 1124 3675 1167 non
3721 1113 3825 1168 est
3862 1106 4086 1188 magni
4144 1107 4485 1184 momenti,
4528 1105 4616 1170 sed

2716 1196 2937 1249 tamen
2981 1185 3065 1250 ad
3109 1186 3421 1251 historiae
3454 1186 3651 1254 fidem
3687 1189 3993 1272 pertinet,
4039 1199 4106 1255 et
4148 1212 4269 1274 ego
4304 1192 4479 1256 hisce
4514 1190 4619 1256 die-

2716 1271 2840 1335 bus
2882 1270 2950 1334 in
3004 1272 3282 1353 quadam
3341 1271 3422 1337 de
3477 1275 3722 1356 nuptiis
3765 1273 4228 1358 disceptatione
4290 1297 4428 1341 non
4476 1279 4620 1358 potui

2717 1357 2888 1420 hanc
2934 1377 3143 1420 meam
3198 1357 3635 1439 suspicionem
3695 1358 4119 1426 dissimulare.
4220 1363 4387 1427 Erat
4443 1375 4622 1427 autem

2716 1460 2955 1525 magna
2999 1443 3329 1507 contentio
3387 1444 3468 1508 de
3510 1443 3820 1528 gradibus
3871 1449 4278 1531 cognationis
4336 1458 4405 1513 et
4457 1449 4624 1513 affini·

2720 1533 2892 1603 tatis,
2939 1539 3005 1591 et
3046 1549 3165 1591 nos
3202 1529 3549 1594 tuebamur
3582 1531 3760 1614 leges
3802 1552 4127 1611 romanas,
4174 1554 4333 1615 quas
4376 1555 4493 1598 nec
4522 1532 4625 1597 dis·

2719 1612 2933 1677 soluta
2976 1613 3239 1677 licentia
3294 1636 3414 1680 nec
3457 1619 3806 1681 severitate
3863 1619 4315 1701 superstitiosa
4366 1640 4626 1702 peccasse

2722 1699 3109 1776 dicebamus,
3157 1698 3272 1763 sed
3315 1721 3464 1764 eum
3506 1713 3882 1767 constanter
3914 1706 4203 1770 tenuisse
4244 1704 4504 1769 modum
4543 1705 4627 1786 qui

2722 1805 2842 1848 nec
2907 1783 3220 1865 pudorem
3283 1787 3599 1853 naturalis
3658 1788 4018 1856 honestatis
4085 1792 4364 1872 turpiter
4432 1791 4629 1874 prosti-

2722 1881 2953 1945 tueret,
3002 1892 3122 1936 nec
3165 1870 3531 1936 libertatem
3579 1874 3650 1937 in
3710 1875 4043 1956 republica
4087 1878 4513 1942 necessariam
4554 1884 4629 1940 te-

2723 1975 2897 2019 mere
2939 1955 3411 2021 interturbaret
3468 1968 3663 2041 atque
3708 1969 4050 2025 everteret.
4142 1960 4391 2027 Contra
4450 1971 4632 2027 autem

2721 2061 2832 2105 eos
2856 2041 3322 2107 accusabamus
3359 2042 3473 2126 qui
3506 2065 3710 2124 quum
3741 2053 3946 2110 totam
3980 2046 4309 2129 graduum
4345 2049 4634 2112 rationem

2720 2125 3156 2191 confuderunt
3201 2129 3386 2193 novis
3430 2130 3566 2194 suis
3610 2130 3904 2207 decretis,
3966 2145 4107 2196 tum
4154 2153 4312 2198 vero
4356 2135 4637 2199 terminos

2721 2212 2867 2276 illos
2913 2212 3194 2293 primum
3238 2234 3280 2278 a
3313 2215 3498 2279 Mose
3542 2214 3777 2282 deinde
3818 2237 3858 2281 a
3896 2218 4325 2300 prudentibus
4347 2219 4637 2284 Romamn

2722 2298 3051 2378 sapienter
3098 2300 3263 2364 fixos
3311 2300 3784 2367 inconsiderate
3830 2314 4215 2383 moverunt,
4264 2323 4471 2387 eoque
4520 2316 4640 2369 tan·

2721 2381 2868 2447 dem
2914 2380 3289 2448 reciderunt
3334 2396 3406 2449 ut
3449 2396 3519 2451 et
3569 2388 3887 2470 permissa
3928 2389 4352 2472 prohiberent
4414 2403 4480 2456 et
4520 2412 4640 2473 per-

2721 2471 3059 2533 mitterent
3100 2469 3445 2551 prohibita.

2892 2555 3101 2619 Tuam
3147 2553 3227 2619 de
3281 2556 3362 2622 iis
3417 2560 3525 2638 qui
3580 2555 3994 2641 baptisantur
4047 2581 4167 2642 pro
4218 2564 4499 2627 mortuis
4549 2580 4642 2626 ne-

2719 2661 2868 2704 vam
2914 2641 3307 2706 sententiam
3353 2663 3563 2724 nuper
3606 2643 3778 2725 apud
3821 2666 3926 2710 me
3971 2645 4236 2728 quidam
4270 2647 4644 2731 exagitabat,

2716 2724 2888 2807 quod
2931 2726 3204 2791 iactaret
3247 2727 3500 2792 nullam
3555 2748 3701 2794 esse
3755 2730 3930 2812 apud
3991 2743 4243 2798 veteres
4298 2735 4444 2799 eius
4496 2732 4643 2798 anti·

2716 2813 2982 2894 quitatis
3024 2813 3420 2878 memoriam.
3511 2814 3763 2880 Contra
3817 2816 4110 2883 dicebam
4174 2840 4426 2885 morem
4468 2820 4645 2885 fuisse

2716 2896 3243 2979 antiquissimum
3289 2907 3357 2963 et
3398 2899 3623 2964 multis
3672 2902 3869 2966 etiam
3912 2915 4059 2984 post
4103 2906 4433 2986 apostolos
4476 2906 4644 2970 annis

2710 2983 3003 3058 durasse,
3048 2990 3124 3047 ut
3165 2984 3424 3050 iamiam
3447 2984 3749 3051 morituri
3782 2995 3848 3052 et
3881 2990 4165 3054 animam
4203 3009 4474 3076 agentes
4508 2994 4642 3076 bap-

2716 3069 3073 3134 tisarentur
3115 3070 3311 3135 etiam
3356 3071 3427 3136 in
3461 3071 3647 3151 lecto,
3693 3072 3869 3139 unde
3903 3086 3969 3140 et
4002 3076 4216 3143 clinici
4258 3077 4640 3145 dicebantur.

2715 3154 3163 3220 Tertullianus
3206 3157 3426 3223 nescio
3478 3158 3634 3240 quid
3677 3180 3763 3225 ex
3798 3180 4066 3226 suorum
4112 3172 4479 3247 temporum
4521 3186 4639 3230 mo-

2716 3241 2897 3305 ribus
2939 3241 3157 3317 refert,
3197 3240 3334 3305 υἱλλ’
3373 3241 3540 3307 οὐδὲν
3570 3242 3743 3324 ὑγιές.
3832 3245 4044 3311 Incidi
4102 3260 4327 3331 postea
4385 3253 4455 3316 in
4504 3252 4642 3334 Epi-

2716 3326 3034 3408 phanium
3079 3327 3188 3406 qui
3234 3337 3414 3393 tuam
3447 3328 3629 3393 illam
3663 3330 4270 3415 interpretationem
4317 3337 4641 3402 manifeste

2717 3411 2964 3493 probat.
3051 3410 3236 3478 Haec
3279 3411 3361 3478 ad
3416 3425 3484 3480 te
3538 3416 3749 3483 refero
3794 3437 3880 3482 ne
3937 3419 4093 3501 quid
4150 3420 4375 3487 videar
4428 3445 4505 3489 eo
4555 3424 4643 3487 in·

2714 3497 3014 3563 consulto
3058 3518 3254 3580 agere
3296 3519 3335 3562 a
3377 3519 3504 3581 quo
3547 3508 3722 3567 totus
3765 3503 4049 3585 pendere
4095 3506 4260 3571 volo.

2887 3581 3088 3647 Porro
3130 3582 3290 3663 quid
3347 3584 3454 3650 hic
3507 3597 3743 3668 agatur
3787 3609 3921 3652 non
3970 3591 4199 3657 scribo.
4290 3592 4645 3658 Ediderunt

2716 3669 3001 3733 ieiunam
3064 3668 3391 3748 quandam
3457 3669 3991 3739 declamationem
4060 3678 4313 3759 profani
4380 3679 4644 3745 rhetoris

2716 3754 2939 3837 (quem
2984 3753 3190 3827 nosti)
3234 3754 3550 3822 adversus
3595 3756 3905 3825 Felinum.
3941 3763 4022 3843 ¹⁷)
4111 3763 4367 3829 Vellem
4425 3764 4522 3829 illi
4562 3774 4645 3828 te-

2717 3860 2865 3903 cum
2899 3860 3006 3904 res
3040 3846 3231 3918 esset,
3268 3860 3395 3920 qno
3419 3844 3624 3924 magis
3649 3845 3849 3909 semel
3872 3847 4307 3931 castigaretur
4343 3860 4415 3914 et
4449 3852 4645 3916 acrius

2715 3923 3177 3989 retunderetur
3216 3925 3500 4008 gloriosa
3554 3930 3811 3995 vanitas
3864 3930 4058 3998 huius
4102 3933 4462 4000 Thrasonis
4504 3954 4646 4019 gna-

2716 4010 2989 4075 thonici:
3043 4009 3284 4091 alioqui
3328 4014 3578 4095 garrire
3634 4035 3769 4079 non
3821 4016 4125 4082 desinent
4170 4019 4407 4085 horum
4454 4042 4645 4104 nuga-

2717 4106 2933 4160 torum
2980 4095 3347 4162 meritoriae
3392 4098 3669 4182 linguae,
3713 4121 4087 4186 quanquam
4140 4105 4373 4172 insano
4418 4107 4645 4172 latratu

2718 4190 3101 4245 raucescant
3141 4188 3211 4245 et
3248 4195 3640 4265 rumpantur
3673 4187 3894 4268 potius
3930 4188 4227 4273 hylactes
4268 4206 4336 4256 et
4379 4193 4644 4269 molossi,

2715 4286 2912 4416 ggain
2977 4265 3062 4365 iis
3122 4269 3605 4350 compescendis
3668 4271 3912 4355 aliquid
3976 4278 4290 4358 temporis
4350 4279 4646 4361 depereat

2799 4373 2902 4416 ms
2941 4371 3119 4417 viris.

2890 4435 3092 4501 Venio
3149 4437 3230 4502 ad
3290 4440 3549 4510 amicos.
3638 4441 3748 4506 Illi
3806 4454 3871 4508 te
3926 4444 4283 4528 plurimum
4348 4448 4642 4524 salutant,

2717 4522 2830 4586 sed
2876 4522 3038 4587 nihil
3077 4524 3371 4588 scribunt
3413 4526 3566 4609 quia
3611 4528 3849 4612 frigore
3893 4534 4289 4616 congelascit
4329 4546 4643 4600 atramen-

2717 4619 2875 4672 tum.
2964 4607 3309 4674 Interdum
3351 4609 3734 4692 subversor,
3792 4623 3869 4678 ut
3919 4616 4207 4702 ingenue
4261 4619 4519 4703 loquar,
4569 4639 4643 4684 ne

2720 4694 2980 4758 tandem
3036 4694 3107 4757 in
3158 4695 3412 4759 fumum
3467 4711 3862 4766 evanescant
3915 4703 4102 4786 ignes
4165 4704 4431 4786 capucii,
4490 4724 4643 4771 neve

2717 4779 2997 4864 caligine
3051 4778 3463 4846 obducantur
3518 4786 3838 4852 Asterisci.
3939 4787 4332 4873 Buryundus
4359 4794 4442 4873 18)
4507 4810 4641 4857 cum

2886 5034 2979 5097 17)
3018 5035 3305 5091 But-erum.
3359 5037 3449 5091 De
3482 5056 3719 5108 quanam
3754 5041 4143 5099 declamatione
4175 5046 4322 5104 dieat
4350 5048 4512 5104 nobis
4540 5064 4642 5102 non

2712 5110 2922 5159 constat
3016 5108 3102 5156 An
3138 5106 3400 5162 Latonae?

2890 5171 2976 5235 18)
3019 5173 3092 5227 N.
3127 5173 3243 5228 808.
3285 5205 3347 5215 —
3386 5176 3456 5230 1η
3499 5175 3765 5232 Picarclia
3797 5181 3960 5234 etiam
3993 5183 4140 5237 cives
4167 5184 4259 5238 illi
4288 5185 4581 5257 merendi
4606 5200 4637 5237 a

2711 5243 2910 5364 §ibam
2943 5244 3129 5296 :iceras
3164 5249 3238 5297 ud
3279 5244 3558 5299 Galmnum
3595 5249 3888 5302 mittendas
3920 5258 4233 5319 exspectan
4267 5270 4320 5310 ss
4352 5255 4503 5325 dicit,
4534 5253 4638 5309 ⁸02·

2778 5311 3181 5368 amanuenses.
