4825 6175
236 440 307 502 26
1402 505 1409 514 ,
1917 441 2078 505 1545
2120 437 2503 507 IANUAR.
4131 444 4215 509 26

232 643 390 708 gare.
476 623 538 688 N
539 631 804 708 egatum
849 631 965 691 est.
1053 623 1243 691 Idem
1297 646 1340 691 a
1384 623 1656 693 Caesare
1708 626 2156 709 postularunt:

231 708 547 791 respondit
600 729 673 774 se
731 732 860 775 non
917 709 1296 776 defuturum
1311 763 1328 790 ,
1384 712 1576 777 modo
1625 711 1909 777 officium
1967 735 2160 779 suum

228 795 513 862 facerent.
601 795 836 861 Palam
886 795 1018 862 illis
1063 796 1414 863 concedere
1468 799 1697 863 noluit.
1789 796 2030 863 Verum
2077 819 2161 864 ex

228 880 348 946 illis
389 879 769 965 ambagibus
813 880 1110 947 divinare
1151 882 1304 948 licet
1361 904 1511 949 eum
1552 883 1828 948 minime
1871 883 2159 969 refraga-

227 973 465 1044 turum,
524 966 582 1032 si
639 966 796 1049 quid
851 968 1197 1034 turbarum
1251 978 1626 1035 moverent:
1689 969 1749 1034 si
1790 968 1969 1035 ultra
2010 990 2160 1053 pro·

227 1053 417 1137 gressi
456 1052 717 1129 fuerint,
761 1062 1012 1118 certum
1051 1053 1319 1132 bellum,
1362 1077 1491 1138 quo
1536 1062 1713 1121 totus
1761 1054 2161 1121 Germaniae

226 1146 316 1204 sta
388 1159 421 1203 s
462 1146 578 1203 aut
610 1138 1144 1215 labefactabitur,
1201 1148 1317 1205 aut
1370 1143 1667 1225 graviter
1723 1141 2159 1207 concutietur:

228 1244 290 1289 se
372 1223 535 1290 haec
570 1245 825 1308 quoque
861 1225 1104 1290 viderit
1124 1223 1471 1292 Dominus,
1539 1226 1725 1292 Haec
1767 1226 1932 1291 mihi
1969 1227 2161 1293 unica

227 1308 563 1375 consolatio
624 1320 724 1375 est
740 1361 754 1386 ,
814 1309 986 1394 quod
1041 1333 1218 1377 mors
1274 1313 1514 1377 misera
1579 1333 1719 1378 esse
1770 1334 1901 1377 non
1944 1320 2162 1397 potest

223 1394 459 1460 homini
499 1395 881 1462 christiano.
950 1397 1217 1462 Interea
1259 1419 1537 1482 gemam,
1582 1408 1659 1463 ut
1702 1397 1921 1476 debe0,
1959 1398 2159 1464 eccle·

225 1480 345 1545 siae
385 1480 808 1560 calamitates,
855 1490 923 1546 et
966 1482 1214 1550 afficiar
1256 1485 1513 1566 piorum
1557 1492 1763 1550 sorte:
1810 1484 1924 1550 sed
1958 1485 2052 1549 ita
2086 1494 2162 1549 ut

224 1587 340 1631 non
383 1568 744 1633 exanimer.
814 1565 895 1634 Si
927 1567 1106 1633 inter
1139 1589 1258 1634 nos
1294 1570 1893 1648 bene-conveniret,
1937 1571 2158 1635 minus

224 1672 415 1717 essem
475 1653 744 1718 anxius:
818 1652 935 1718 sed
989 1654 1164 1719 inter
1215 1656 1378 1720 istos
1433 1654 1727 1721 hostium
1786 1663 2156 1740 apparatae,

225 1737 367 1802 satis
409 1736 494 1803 ad
536 1738 1007 1805 insaniendum
1065 1741 1178 1804 otii
1237 1740 1625 1825 quibusdam
1670 1762 1812 1807 esse
1856 1749 2158 1826 portento

130 1883 137 1893 .
222 1823 420 1888 simile
464 1833 582 1890 est.

375 1909 547 1976 Ecce
593 1932 680 1975 ex
720 1911 929 1977 altera
965 1921 1171 1995 parte,
1218 1914 1439 1980 nescio
1481 1912 1626 1996 quis
1670 1912 1880 1997 elegia
1930 1911 2159 1978 Osien-

222 1995 388 2059 drum
403 1997 463 2073 5)
507 1995 860 2075 lacessivit,
905 2017 1141 2081 parum
1186 2009 1254 2065 et
1297 1999 1506 2083 ipsum
1555 2000 1701 2064 sani
1744 1997 1996 2066 cerebri
2041 1999 2157 2064 ho-

220 2082 467 2146 minem.
562 2080 789 2163 Quum
837 2103 908 2148 se
953 2092 1297 2168 purgaret,
1356 2087 1451 2151 ita
1509 2082 1801 2149 libellum
1847 2086 2158 2168 inspersit

223 2173 349 2231 atra
390 2165 539 2247 bile,
581 2176 661 2233 ut
702 2191 808 2233 me
850 2169 1276 2235 vehementer
1318 2172 1458 2236 eius
1501 2170 1775 2254 pudeat:
1827 2170 1939 2236 sed
1984 2170 2157 2235 nihil

219 2272 311 2316 me
349 2253 541 2336 peius
597 2261 887 2338 torquet,
946 2275 1142 2338 quam
1195 2255 1366 2339 quod
1408 2257 1604 2322 tertio
1662 2277 1915 2340 quoque
1956 2257 2157 2322 verbo

217 2337 617 2423 Zvinglianis
671 2340 962 2405 insultat.
1059 2340 1168 2406 Ita
1220 2343 1405 2425 quasi
1463 2341 1685 2425 impiis
1736 2341 2034 2427 linguam
2091 2352 2158 2407 et

214 2444 430 2489 manus
472 2425 935 2503 locaverimus‚
978 2427 1140 2510 ipsis
1174 2428 1566 2511 praebemus
1598 2426 1960 2493 iucundum
2004 2449 2154 2493 sua-

214 2529 404 2593 veque
446 2511 916 2594 spectaculum,
962 2524 1189 2578 mutuo
1223 2534 1353 2592 nos,
1386 2512 1752 2579 lacerande.
1819 2512 1988 2594 Quis
2022 2534 2157 2579 non

215 2596 486 2662 animum
541 2596 939 2680 despondeat
952 2651 968 2678 ‚
1022 2598 1297 2682 inquies,
1341 2606 1443 2664 ιοι
1485 2599 1753 2666 obiectis
1795 2599 2155 2666 offendicu-

214 2679 324 2747 lis?
418 2683 674 2748 Fateor
735 2691 912 2750 certe
968 2684 1228 2749 nullum
1285 2705 1429 2751 esse
1484 2692 1623 2751 tam
1679 2686 1963 2751 ferreum
2018 2685 2156 2750 ani·

216 2787 396 2847 mum,
440 2768 562 2853 qui
604 2791 735 2834 non
770 2770 1132 2853 frangatur,
1177 2771 1307 2835 nisi
1345 2770 1416 2836 in
1439 2771 1803 2837 Dominum
1845 2791 2152 2855 respexe-

215 2852 307 2918 rit.
389 2853 635 2938 Itaque
693 2855 786 2920 sic
840 2856 1265 2939 interpretor,
1320 2856 1491 2923 velle
1536 2856 1894 2923 Dominum
1940 2855 2155 2923 modis

218 2938 503 3006 omnibus
554 2941 862 3025 experiri,
917 2963 1079 3007 num
1124 2942 1281 3026 quid
1323 2944 1404 3009 ab
1447 2942 1825 3009 hominibus
1868 2940 2149 3028 pendea-

215 3044 380 3090 mus:
437 3025 559 3093 sed
602 3034 860 3093 tantum
909 3027 1092 3094 abest
1137 3028 1299 3112 quin
1344 3027 1662 3109 debiliter,
1707 3036 1783 3095 ut
1825 3049 1960 3095 non
2000 3029 2152 3095 vul-

215 3112 378 3194 garis
440 3111 603 3179 inde
665 3114 1070 3179 confirmatio
1134 3113 1302 3178 mihi
1367 3114 1651 3181 accedat.
1757 3115 1933 3180 Nam
1995 3115 2154 3181 dum

216 3196 546 3263 ecclesiam
598 3199 776 3265 inter
826 3200 987 3265 istos
1039 3202 1280 3266 fluctus
1323 3198 1712 3266 mirabiliter
1745 3200 1888 3286 regi
1928 3221 1968 3265 a
2011 3200 2153 3267 Do·

215 3282 382 3348 mino
450 3283 650 3350 video
705 3305 793 3351 ne
851 3284 1200 3366 obruatur,
1268 3284 1424 3351 dum
1478 3287 1658 3370 ipsas
1712 3294 2152 3370 tempestates,

216 3388 403 3451 quum
471 3371 698 3436 omnia
759 3370 1030 3437 iamiam
1095 3372 1542 3455 permixturae
1607 3371 1951 3451 videntur,
2016 3393 2155 3438 mo-

217 3461 420 3520 mento
463 3457 754 3523 residere
798 3477 873 3522 ao
916 3458 1248 3541 quiescere
1292 3478 1518 3523 cerno:
1578 3479 1693 3524 cur
1737 3479 1870 3523 non
1914 3458 2155 3525 bonam

217 3538 356 3605 inde
398 3563 588 3626 spem
642 3541 1050 3627 concipiam?
1151 3543 1286 3609 Per
1333 3564 1518 3608 amus
1575 3544 1781 3629 igitur
1833 3543 1906 3609 in
1965 3564 2154 3610 voca-

217 3625 398 3692 tionis
447 3635 714 3694 nostrae
768 3650 995 3707 cursu,
1050 3629 1176 3695 hac
1228 3631 1276 3694 fi
1322 3630 1472 3695 ucia
1513 3630 1807 3710 subnixi,
1865 3650 2153 3696 emersu-

218 3732 349 3776 ram
382 3712 744 3795 ecclesiam,
781 3736 946 3799 quae
965 3715 1186 3781 Deum
1221 3714 1461 3780 habeat
1492 3724 1883 3799 perpetuum
1902 3716 2155 3783 ,salutis

219 3817 361 3864 suae
412 3799 784 3866 custodem:
842 3800 957 3867 sed
1009 3802 1164 3885 quia
1215 3821 1351 3866 non
1411 3800 1713 3867 omnibus
1770 3801 1999 3867 eadem
2057 3810 2157 3868 est

221 3885 403 3949 animi
458 3885 802 3965 fortitudo,
864 3907 992 3970 quo
1050 3886 1439 3952 familiarius
1498 3888 1719 3952 omnia
1777 3888 2032 3971 depono
2084 3888 2156 3954 in

217 3974 390 4035 tuum
433 3972 676 4050 sinum,
721 3994 798 4038 eo
836 3973 1254 4056 paucioribus
1298 3972 1822 4038 communicabis.

376 4055 573 4138 Quod
614 4061 963 4141 postremis
1007 4060 1138 4125 tuis
1188 4057 1397 4125 literis
1440 4057 1847 4142 postulabas,
1909 4080 1993 4123 an
2038 4078 2152 4125 ex-

64 4170 67 4179 ·
160 4136 165 4137 ⁷
220 4143 389 4223 sequi
454 4142 756 4209 deberem
776 4195 792 4222 ,
868 4144 1340 4227 aliquantisper
1394 4144 1730 4211 haesitavi.
1843 4145 2154 4228 Longum

221 4228 382 4291 enim
426 4237 531 4293 est
567 4231 711 4310 iter,
756 4250 1062 4313 asperum
1107 4240 1175 4296 et
1217 4228 1499 4296 difficile.
1586 4230 1738 4295 Non
1782 4243 1935 4294 ante
1979 4230 2152 4295 diem

218 4310 590 4380 vicesimum
631 4317 909 4383 nuncius
951 4315 1110 4381 illuc
1145 4338 1309 4399 equo
1344 4316 1703 4399 perveniet.
1772 4314 2155 4396 Quemlibet

222 4408 422 4466 autem
466 4403 727 4467 mittere
783 4404 924 4467 sine
969 4401 1245 4481 delectu,
1290 4401 1732 4485 periculosum
1775 4410 1934 4467 erat.
2022 4403 2151 4467 Er·

219 4484 470 4551 ronibus
512 4496 626 4553 aut
665 4488 919 4553 levibus
955 4488 1140 4553 nulla
1181 4487 1361 4567 fides,
1406 4488 1597 4572 pauci
1634 4497 1856 4553 autem
1893 4487 2007 4552 alii
2048 4509 2151 4552 re·

218 4571 563 4649 periuntur.
629 4574 934 4657 Linguae
966 4575 1275 4658 imperito
1310 4574 1769 4640 molestissima
1811 4582 1986 4639 esset
2017 4573 2148 4653 via,

222 4673 465 4723 summa
506 4659 701 4724 etiam
746 4659 987 4743 ubique
1040 4671 1315 4743 propter
1365 4662 1525 4725 anni
1584 4659 1999 4725 sterilitatem
2041 4680 2150 4725 ca·

222 4741 385 4808 ritas.
452 4745 595 4829 Ego
639 4767 679 4811 a
711 4746 994 4830 pecunia
1028 4767 1441 4829 nequaquam
1483 4747 1864 4811 instructus.
1931 4745 2149 4809 Etiam

223 4844 412 4907 quum
457 4839 711 4915 tempus
753 4854 889 4897 non
932 4841 1034 4897 est
1073 4831 1585 4909 incommodum,
1631 4831 1943 4897 oneribus
1985 4850 2151 4914 quae

220 4913 371 4978 mihi
412 4916 802 4982 incumbunt
844 4918 1251 4983 sustinendis
1311 4938 1433 5000 par
1476 4938 1619 4982 esse
1661 4938 1927 5000 nequeo,
1990 4917 2151 4999 quin

220 5002 382 5065 totus
426 5003 797 5069 exhauriar.
862 5003 944 5069 In
981 5003 1105 5071 hac
1141 5024 1295 5071 vero
1332 5023 1629 5069 annonae
1662 5003 1959 5088 penuria,
2000 5024 2153 5068 cum

218 5101 336 5163 qua
377 5086 505 5154 iam
548 5089 892 5155 biennium
935 5091 1409 5168 conflictamur,
1456 5111 1563 5155 me
1598 5111 1748 5155 aere
1783 5088 1995 5154 alieno
2029 5088 2153 5153 im-

412 5361 1006 5433 5)N.606,not.16.

2262 624 2494 710 plicari
2536 645 2800 691 necesse
2842 625 2986 691 fuit.
3077 623 3473 710 Quanquam
3517 627 3678 693 haec
3697 648 3834 692 non
3877 627 4019 695 dico
4062 651 4216 697 con-

2263 710 2582 795 querendi
2626 730 2837 777 causa.
2946 711 3250 797 Benigne
3295 713 3472 777 enim
3526 735 3785 779 mecum
3823 715 3963 800 agit
4003 713 4212 798 Deus,

2264 796 2436 880 quod
2480 797 2688 862 habeo
2745 804 3062 879 quantum
3104 799 3324 863 animo
3365 820 3510 864 meo
3555 800 3715 865 satis
3758 808 3873 865 est.
3963 798 4099 866 Sed
4140 809 4217 868 ut

2263 882 2598 968 intelligas
2643 881 2806 947 mihi
2840 882 2951 947 hic
2983 905 3118 950 non
3152 882 3340 949 facile
3381 906 3522 950 esse
3555 885 3870 962 invenire,
3905 906 3946 949 a
3980 887 4215 969 quibus

2264 969 2613 1052 pecuniam
2666 976 2895 1033 mutuo
2956 989 3232 1035 sumam.
3323 967 3501 1036 Sunt
3543 971 3717 1035 enim
3769 992 3996 1037 omnes
4040 994 4214 1037 mer-

2264 1063 2518 1120 catores
2534 1106 2549 1131 ,
2610 1060 2678 1118 et
2734 1053 2997 1136 quidem
3057 1055 3353 1120 famelici.
3454 1055 3608 1123 Huc
3654 1056 4000 1123 accedebat
4043 1055 4215 1141 quod

2261 1139 2397 1204 iam
2436 1139 2591 1213 dixi,
2633 1147 2892 1232 tempus
2928 1140 3308 1205 consulendi
3332 1140 3594 1206 Lutheri
3629 1162 3770 1207 esse
3801 1142 4015 1210 adhuc
4055 1142 4212 1208 alie·

2264 1247 2446 1302 num,
2492 1225 2644 1308 quia
2680 1228 2939 1291 animus
2982 1224 3261 1290 vixdum
3315 1226 3480 1292 bene
3522 1248 3562 1292 a
3604 1228 4039 1293 contentionis
4081 1228 4213 1293 fer-

2263 1332 2420 1376 vore
2459 1309 2821 1376 resedisset.
2911 1310 3164 1376 Verum
3209 1332 3410 1395 quum
3453 1319 3592 1377 tam
3637 1313 4069 1380 vehementer
4109 1316 4213 1378 in-

2264 1407 2492 1474 stares,
2530 1404 2757 1479 totque
2779 1397 3325 1463 obtestationibus
3358 1419 3465 1463 me
3492 1420 3762 1483 urgeres
3799 1407 3873 1464 ut
3910 1400 4211 1480 facerem,

2262 1482 2431 1547 nihil
2473 1480 2638 1546 mihi
2680 1483 2862 1565 prius
2903 1483 3032 1547 fuit
3073 1503 3270 1567 quam
3305 1484 3475 1550 votis
3510 1485 3642 1550 tuis
3676 1505 3924 1550 morem
3965 1506 4211 1570 gerere.

2264 1566 2370 1633 Ab
2413 1567 2687 1633 honesto
2731 1575 2799 1632 et
2840 1588 2973 1632 non
3014 1568 3273 1634 indocto
3309 1568 3716 1636 adolescente
3740 1568 3793 1657 θ)
3837 1570 4210 1654 impetravi,

2264 1662 2339 1718 ut
2403 1653 2576 1719 hanc
2641 1653 3010 1719 molestiam
3073 1655 3321 1719 subiret
3384 1676 3532 1721 mea
3596 1675 3807 1722 causa.
3916 1656 4213 1722 Libellos

2263 1761 2445 1805 meos
2467 1743 2522 1815 7)
2570 1739 2654 1804 ad
2697 1740 2971 1805 verbum
3013 1741 3083 1804 in
3126 1739 3426 1825 linguam
3467 1740 3743 1806 latinam
3786 1742 3993 1820 verti,
4051 1762 4213 1825 quos

2265 1824 2539 1890 adiunxi
2577 1824 2744 1891 meis
2788 1824 3017 1901 literis,
3066 1833 3140 1890 ut
3180 1824 3334 1890 inde
3377 1825 3759 1892 iudicarent.
3848 1827 3989 1894 Nec
4033 1825 4213 1893 aliud

2262 1911 2425 1994 petii
2467 1911 2631 1977 meis
2675 1910 2904 1990 literis,
2950 1911 3078 1976 nisi
3121 1919 3197 1982 ut
3237 1910 3440 1977 libere
3484 1912 3994 1996 simpliciterque
4038 1910 4213 1997 quod

2262 1997 2555 2062 sentiant
2596 1997 2959 2080 proferant:
3021 1996 3152 2061 nisi
3206 1995 3379 2080 quod
3436 1997 3743 2078 adiunxi,
3800 2019 4213 2083 nequaquam

2260 2082 2428 2148 mihi
2471 2095 2734 2167 gratum
2781 2082 3066 2147 facturos
3121 2081 3178 2147 si
3222 2103 3420 2165 quam
3474 2084 3607 2148 mei
3650 2083 3969 2151 haberent
4005 2084 4206 2149 ratio-

2262 2189 2431 2233 nem.
2499 2167 2637 2233 Vix
2682 2178 2834 2233 ante
2879 2167 3041 2233 duos
3085 2188 3343 2234 menses
3385 2166 3623 2249 redibit
3656 2170 3957 2237 nuncius.
4027 2167 4207 2251 Qua·-

2262 2252 2568 2339 draginta
2646 2254 2821 2319 enim
2889 2252 3147 2319 dierum
3213 2253 3388 2319 viam
3454 2253 3656 2320 habet
3721 2254 4204 2323 conficiendam.

2260 2338 2709 2421 Quatriduum
2774 2337 2856 2404 ad
2929 2336 3571 2422 interquiescendum
3637 2341 3917 2425 assigno.
4027 2340 4210 2406 Reli-

2259 2446 2466 2511 quum
2510 2426 2821 2509 temporis
2864 2425 3326 2491 consultationi
3370 2424 3573 2491 cedet.
3661 2426 3851 2491 Vale.
3870 2424 3930 2513 8)

3162 2969 3306 3042 611.

2789 3123 3261 3193 GALVINUS
3308 3124 3672 3194 VIRE'I'O.

2435 3299 2952 3382 Quaeincausa
3007 3296 3811 3383 capunouumeryesta
3851 3298 3996 3379 sint,
4040 3297 4209 3364 etin

2257 3385 2464 3452 literis
2505 3385 2593 3451 ad
2635 3383 3166 3452 Melanohthonem
3209 3388 3476 3452 tractata
3504 3384 3742 3466 paucis
3776 3383 3991 3467 tanqu.

2259 3558 2365 3623 (Ex
2399 3557 2713 3627 apographo
2747 3556 3033 3610 Ionvillaei
3068 3554 3198 3611 Ood.
3237 3554 3439 3609 Genev.
3471 3553 3614 3607 111⁸,
3663 3553 3755 3608 fol.
3790 3552 3862 3608 38
3894 3571 3946 3608 v.
4012 3553 4211 3608 Exstat

2256 3630 2545 3697 praeterea
2579 3627 2636 3678 in
2671 3624 2800 3686 Cod.
2838 3624 3114 3678 Turretini
3133 3624 3336 3678 Genev.
3363 3623 3477 3691 111,
3513 3623 3607 3678 fol.
3624 3620 3743 3690 102,
3778 3623 3837 3676 in
3855 3622 4020 3677 Arch.
4042 3623 4207 3676 Bern.

2601 3694 2740 3764 Epp.
2779 3691 2902 3747 VII.
2941 3691 3047 3747 643
3081 3698 3138 3747 et
3171 3710 3257 3763 ap.
3293 3692 3582 3747 Simlerum
3615 3692 3743 3746 Vol.
3776 3690 3890 3758 56.)

2429 3882 2764 3949 Libellum
2831 3879 3188 3965 Gapunculi
3215 3878 3263 3967 ¹)
3357 3901 3493 3946 una
3573 3901 3724 3946 cum
3786 3880 4209 3963 responsione

2258 3970 2410 4035 misi
2452 3990 2668 4053 nuper
2708 3968 3113 4033 Neocomum
3158 3966 3241 4032 ad
3266 3965 3597 4033 Far-ellum
3639 3974 3707 4030 et
3748 3965 4034 4049 reliquos
4075 3965 4208 4030 fra-

2258 4064 2412 4122 tres.
2502 4055 2609 4120 Ex
2668 4074 2896 4119 eorum
2948 4054 3250 4121 manibus
3305 4062 3529 4135 petere
3589 4050 3813 4118 licebit
3877 4051 3934 4117 si
3990 4050 4210 4134 legere

2258 4141 2559 4208 volueris.
2659 4140 2818 4205 Misi
2872 4149 3209 4222 praeterea
3263 4137 3519 4204 Farello
3580 4137 3835 4203 Robmi
3851 4135 3908 4223 2)
3977 4136 4205 4201 literas

2257 4228 2495 4311 quibus
2557 4224 2891 4291 indicabat
2968 4224 3129 4308 quid
3194 4224 3449 4290 consilii
3516 4223 3846 4290 attulisset
3911 4242 3996 4286 ex
4061 4219 4212 4286 aula

2256 4313 2561 4380 Caesaris
2596 4312 2963 4390 Tornonim,
3009 4331 3244 4393 nempe
3278 4318 3354 4375 ut
3384 4331 3469 4374 ex
3502 4310 3742 4375 nostris
3779 4314 4211 4374 evocarentur

2461 4602 2516 4666 6)
2558 4600 2863 4657 Sonat-cleo.

2406 4712 2410 4716 -
2460 4671 2522 4737 7)
2566 4670 2771 4725 Contra
2809 4668 3200 4725 Nicodemitas.

2460 4739 2521 4809 8)
2562 4740 2873 4806 Referimus
2907 4738 3049 4794 hanc
3077 4738 3361 4807 misiam
3397 4737 3473 4793 ad
3506 4754 3575 4791 m.
3594 4736 3929 4817 Ianuarias!
3963 4749 4013 4786 a.
4051 4730 4211 4816 1545,

2252 4814 2367 4865 tum
2395 4816 2624 4879 propter
2655 4824 2721 4862 ea
2755 4823 2895 4877 quae
2928 4807 2995 4862 de
3029 4807 3258 4863 concilio
3289 4807 3496 4862 indicto
3531 4811 3581 4861 et
3614 4805 3682 4860 de
3715 4809 3947 4860 eomstm
3977 4802 4209 4870 Impera

2253 4879 2591 4933 instantibus
2640 4879 2765 4932 item
2814 4875 2881 4930 de
2921 4875 3200 4931 Osiandro
3234 4876 3396 4944 dicit,
3439 4880 3553 4931 tum
3598 4874 3830 4929 maxime
3871 4876 4096 4940 propter
4140 4884 4206 4924 ea

2255 4964 2395 5018 quae
2429 4948 2529 5003 sub
2561 4919 2725 5014 finem
2759 4947 3011 5015 legemur
3056 4951 3106 4999 et
3150 4944 3422 5000 evidenter
3464 4943 3542 4999 ad
3577 4940 3852 4997 Semo-cles·
3895 4939 4207 4994 missionem

2257 5023 2518 5084 spectum.

2284 5086 2411 5140 ou.
2452 5084 2511 5144 1)
2551 5084 2631 5139 N.
2666 5081 2785 5150 590,
2821 5080 2942 5138 607.

2461 5152 2525 5220 2)
2570 5151 2706 5221 Quis
2740 5154 2828 5207 hic
2853 5150 3032 5219 fuerit
3061 5148 3241 5205 dicere
3256 5164 3372 5205 non
3404 5150 3664 5204 ausimne.
3739 5144 3993 5227 Rerum}
4016 5144 4206 5227 phu-ep

2257 5224 2424 5278 huius
2455 5222 2696 5277 nominis
2728 5224 2792 5276 in
2825 5221 2925 5275 hoc
2958 5219 3215 5274 thesauro
3247 5219 3407 5273 nobis
3442 5216 3601 5272 obvii.
3655 5213 3769 5269 Hic
3801 5214 4005 5297 alo-quw
4038 5228 4207 5295 etym·

2255 5293 2422 5360 ficari
2460 5291 2677 5346 videtur
2721 5291 2783 5344 in
2823 5288 3011 5343 Gallia
3056 5287 3267 5357 doyens.
3356 5284 3581 5341 Uectem
3627 5285 3814 5341 omnia
3855 5299 3920 5339 m
3951 5287 4098 5338 nom
4129 5280 4209 5336 ad

2261 5361 2446 5431 Epist.
2485 5359 2560 5416 N.
2594 5357 2700 5414 606
2734 5356 3139 5414 elucidavimus.
