4825 6175
187 439 299 508 4⁷8

189 627 451 715 epistola
498 625 581 693 ad
627 627 973 712 Ephesios.
1062 625 1320 692 Locum
1361 626 1560 692 Pauli
1605 630 1665 691 2.
1709 625 1860 691 Cor.
1900 629 1939 689 3
1983 647 2132 710 per-

188 726 369 802 petuo
409 721 607 799 urget
629 712 936 793 Bucam,
978 713 1092 796 qui
1135 712 1207 777 in
1231 714 1598 791 autoritate,
1642 719 1720 777 ut
1761 722 1969 790 vocat,
2006 712 2131 776 mi·

187 804 531 868 nistrorum
575 797 943 882 reparanda
987 798 1234 862 nimius
1270 820 1411 864 esse
1445 797 1723 865 videtur.
1814 797 2031 879 Quem
2066 804 2134 863 et

186 887 287 955 isti
328 886 679 950 imitantur
722 885 953 950 simiae
995 891 1239 949 catum.
1328 884 1542 949 Vocat
1573 882 1827 949 Paulus
1861 884 2132 966 spiritns

180 972 511 1038 ministros
576 970 907 1056 evangelii
982 967 1477 1053 praedicatores.
1587 969 1762 1034 Nam
1827 969 2129 1052 spiritum

179 1057 442 1143 opponit
480 1056 732 1121 literae.
824 1054 1005 1137 Quid
1055 1077 1175 1139 per
1225 1054 1486 1120 literam
1536 1053 1884 1138 intelligat,
1930 1055 2134 1119 claret

180 1167 261 1211 ex
301 1141 496 1208 Pauli
538 1141 1104 1225 consequentibus.
1203 1140 1354 1206 Non
1408 1149 1626 1205 autem
1682 1139 1839 1205 dicit
1879 1139 2132 1205 Paulus

177 1250 291 1296 nos
334 1227 494 1294 dare
537 1235 653 1293 aut
706 1226 1165 1293 administrare
1208 1226 1544 1309 spiritum,
1604 1225 1672 1290 id
1716 1225 1886 1308 quod
1930 1225 2132 1292 solius

177 1316 301 1382 Dei
345 1323 463 1379 est.
553 1312 745 1395 Quod
793 1311 967 1378 idem
1014 1310 1347 1394 apostolus
1401 1318 1450 1376 l.
1497 1311 1724 1378 rl'hess.
1773 1316 1809 1373 2
1852 1311 2133 1394 appella-

177 1401 268 1465 vit
311 1398 765 1483 praedicatum
824 1420 864 1463 a
917 1420 988 1463 se
1044 1397 1465 1481 evangelium
1523 1396 1798 1463 verbum
1845 1398 2003 1474 Dei,
2063 1405 2133 1461 et

174 1505 406 1552 revera
463 1484 737 1551 verbum
798 1483 955 1563 Dei,
1013 1483 1181 1547 nihil
1238 1483 1320 1548 ad
1376 1481 1695 1549 Bachum.
1788 1483 2133 1547 Transfert

173 1574 293 1638 hoc
355 1591 624 1636 omnem
683 1579 1054 1653 respectum
1112 1579 1181 1633 et
1237 1569 1515 1652 gloriam
1574 1588 1614 1631 a
1668 1568 1990 1633 ministris
2048 1566 2131 1632 ad

172 1657 475 1722 verbum.
564 1655 750 1721 Idem
803 1654 1135 1738 apostolus
1193 1654 1481 1736 appellat
1536 1653 1958 1736 evangelium
2014 1673 2132 1736 po-

169 1742 450 1808 tentiam
486 1740 616 1807 Dei
660 1742 744 1805 ad
787 1741 1064 1805 salutem
1111 1741 1293 1804 omni
1337 1739 1647 1805 credenti.
1713 1740 1885 1803 Nam
1929 1760 2131 1804 evan-

168 1829 417 1914 gelium
462 1838 564 1894 est
606 1827 1004 1911 praedicatio
1063 1825 1146 1890 de
1189 1825 1456 1891 Christo
1500 1825 1771 1890 brachio
1812 1825 1969 1902 Dei,
2024 1824 2132 1891 cui

164 1916 276 1998 qui
324 1913 541 1979 credit
586 1913 900 1978 salvatur.
988 1909 1168 1992 Quid
1229 1911 1354 1977 hoc
1407 1911 1733 1978 ministris
1790 1909 2129 1977 concedit?

37 2015 40 2018 ’
165 2001 362 2066 Rom.
401 2006 507 2064 10:
557 1999 759 2064 Fides
795 2020 881 2063 ex
925 1997 1172 2074 auditu,
1219 1997 1482 2062 auditus
1524 2018 1643 2080 per
1686 1996 1962 2062 verbum
1984 1995 2130 2074 Dei,

163 2095 227 2152 et
270 2086 470 2152 missi
514 2085 914 2169 praedicant.
981 2084 1161 2165 Ergo
1205 2080 1289 2147 ad
1331 2082 1702 2146 mittentem
1746 2089 1816 2146 et
1856 2082 2133 2148 verbum

158 2171 336 2237 redit
408 2172 624 2236 omnis
700 2169 923 2254 gloria.
1046 2168 1444 2251 Inspiciatur
1521 2166 1874 2250 diligenter
1949 2166 2134 2232 locus

157 2257 364 2322 Pauli
425 2256 575 2322 Gal.
626 2260 663 2320 3
708 2276 845 2339 cap.
902 2266 970 2320 et
1036 2254 1232 2319 faciet
1286 2274 1404 2336 pro
1459 2252 1646 2318 nobis
1697 2263 1932 2320 contra
1985 2253 2133 2318 illos

35 2395 38 2424 s
155 2344 272 2426 qui
317 2343 430 2408 rei
472 2352 783 2408 externae
826 2339 1127 2405 tribuunt
1167 2338 1651 2422 perfectionem.

35 2431 38 2492 ὲ
334 2429 431 2493 D.
523 2426 631 2493 De
686 2426 1127 2509 disputatione
1186 2437 1253 2491 et
1311 2425 1528 2490 verbis
1583 2446 1621 2489 e
1690 2424 2133 2508 disputatione

35 2511 38 2576 ἶ
150 2515 383 2579 citatis
434 2514 605 2578 nihil
649 2513 946 2579 dicimus.
1014 2511 1339 2575 Novimus
1382 2513 1555 2575 enim
1590 2511 1661 2574 in
1695 2530 1774 2575 ea
1817 2511 1910 2576 sic
1945 2531 2132 2574 exer·

149 2600 401 2666 citatos
452 2619 596 2665 esse
638 2620 774 2675 vos,
822 2607 894 2661 ut
950 2607 1172 2662 nostra
1223 2594 1670 2660 admonitione
1714 2596 1898 2660 nullo
1942 2594 2132 2661 modo

145 2684 554 2838 3333*ssss
557 2684 836 2835 Ἣῗὶωιῖ
839 2682 1108 2833 ‘tbffiffl
1111 2681 1133 2744 ¹
1187 2680 1570 2834 &⁸333
1581 2681 2136 2832 viienlffrbiiffi

145 2857 567 2923 testimoniis
608 2877 692 2921 ex
749 2856 1042 2936 utrisque
1099 2852 1414 2918 adductis.
1506 2853 1760 2918 Verum
1800 2854 1986 2918 novit
2025 2853 2134 2919 hic

143 2942 529 3026 prudentia
570 2950 794 3007 vestra
835 2940 1069 3022 quibus
1111 2938 1199 3004 sit
1234 2958 1414 3021 opus.

329 3025 924 3110 Quemadmodum
982 3045 1140 3091 vero
1197 3023 1632 3091 iudicavimus
1692 3023 2023 3109 agendum
2064 3024 2135 3087 in

33 3124 34 3145 ἦ
142 3116 444 3201 negotio
491 3113 858 3192 ministerii,
903 3114 997 3176 ita
1039 3119 1347 3194 putamus
1393 3108 1721 3194 agendum
1764 3131 1907 3177 esse
1952 3110 2136 3175 vobis

33 3208 34 3219 ¹
135 3203 211 3266 in
259 3201 559 3285 negotio
604 3219 872 3265 coenae:
923 3219 1055 3262 non
1098 3205 1174 3261 ut
1217 3197 1311 3261 illi
1356 3196 1544 3261 vobis
1587 3196 2037 3279 praescribant
2070 3204 2137 3259 et

139 3288 226 3352 ad
275 3285 849 3371 approbationem
883 3293 1003 3349 aut
1034 3284 1541 3348 confutationem
1579 3281 1846 3366 adigant
1889 3279 1996 3345 vel
2032 3281 2135 3345 in-

139 3373 440 3451 ducant,
493 3371 608 3438 sed
651 3380 728 3437 ut
770 3369 838 3434 id
881 3369 1413 3452 praescriptionis
1473 3367 1610 3433 loco
1667 3368 1755 3432 sit
1810 3366 1982 3450 quod
2041 3366 2136 3432 lo·

134 3469 419 3543 qnutus
484 3468 588 3523 est
642 3456 1007 3534 Dominus,
1066 3453 1366 3537 quodque
1419 3453 1489 3518 in
1544 3452 1984 3535 disputatione
2026 3450 2137 3517 de-

136 3545 500 3611 claratum
547 3553 665 3608 est.
753 3541 1088 3607 Articulos
1129 3560 1246 3605 seu
1290 3539 1643 3622 propositio
1677 3539 1800 3604 IV.
1847 3539 2006 3605 satis
2039 3550 2140 3603 est

135 3639 415 3714 aperta.
515 3630 931 3710 Proponatur
974 3648 1054 3691 ea
1095 3627 1258 3702 istis,
1303 3625 1677 3706 requiratur
1720 3625 1802 3688 ab
1845 3623 1941 3691 eis
1983 3622 2140 3707 quid

133 3715 448 3782 cmdant
491 3725 560 3780 et
600 3714 892 3780 doceant.
961 3713 1243 3778 Cessent
1281 3711 1590 3794 perplexe
1631 3710 1829 3793 loqui,
1870 3708 2140 3775 lubricis

133 3818 204 3868 et
241 3799 871 3868 inconsistentibus
907 3799 1004 3862 uti
1041 3797 1276 3862 verbis.
1345 3797 1426 3861 In
1464 3795 1930 3862 controversiis
1965 3795 2141 3861 enim

132 3888 500 3953 utendum
548 3895 650 3952 θεῖ
691 3883 916 3950 verbis
962 3881 1030 3948 in
1068 3882 1337 3967 propria
1372 3880 1851 3965 significatione
1891 3881 2140 3965 positis.

129 3972 576 4039 Omittenda
614 3982 768 4036 sunt
823 3970 1024 4034 verba
1079 3969 1160 4033 de
1212 3969 1447 4051 quibus
1501 3976 2018 4045 controversum,
2076 3975 2146 4031 et

129 4081 316 4143 quae
371 4080 469 4123 ra
514 4060 542 4122 i
596 4069 874 4140 possunt
915 4056 990 4119 in
1047 4075 1312 4120 sensum
1373 4054 1791 4119 contrarium.
1879 4054 2147 4136 Agatur

128 4155 386 4212 antem
499 4166 537 4208 θ
579 4144 687 4207 his
733 4140 1085 4225 capitibus:
1147 4140 1359 4223 primo
1404 4138 1487 4203 de
1533 4139 1810 4204 veritate
1853 4137 2146 4221 corporis

126 4232 450 4309 Christi,
500 4227 736 4293 deinde
782 4228 861 4293 de
905 4225 1280 4310 praesentia
1321 4227 1607 4308 corporis
1651 4223 1932 4300 Christi,
1989 4224 2146 4288 hinc

126 4316 214 4384 de
265 4313 817 4384 manducatione
859 4314 1148 4396 corporis
1188 4311 1460 4391 Christi,
1516 4319 1846 4394 postremo
1891 4308 1973 4374 de
2012 4310 2146 4374 fine

123 4424 406 4470 coenae
466 4401 758 4467 Domini.

323 4488 669 4557 Christus
713 4486 1085 4568 adsumpsit
1117 4503 1343 4549 veram
1380 4491 1448 4546 et
1479 4481 1669 4547 nobis
1712 4479 2146 4547 consubstan-

123 4577 390 4642 tialem
436 4594 714 4640 carnem
731 4623 747 4652 ,
804 4574 876 4636 in
971 4592 1059 4636 ua
1115 4589 1345 4653 passus
1399 4575 1502 4633 est
1544 4576 1611 4632 et
1653 4565 1972 4649 sepultus.
2060 4564 2145 4629 In

123 4684 213 4729 ea
257 4658 687 4729 resurrexit.
778 4656 1179 4723 Clarificatio
1218 4662 1523 4720 naturam
1567 4661 1637 4717 et
1679 4652 2145 4735 proprietatem

121 4772 278 4815 non
360 4745 745 4828 absorpsit,
813 4741 929 4808 sed
987 4740 1259 4808 abstulit
1318 4739 1789 4803 infirmitatem.
1878 4734 2146 4802 Veritas

123 4832 478 4920 eorporis
520 4830 854 4896 remansit.
943 4828 1024 4893 Id
1067 4825 1241 4910 quod
1283 4825 1511 4890 multis
1554 4822 1992 4907 argumentis,
2048 4844 2147 4921 re:

123 4918 600 4989 surrectione
677 4935 1028 4997 corporum
1103 4921 1474 4978 nostrorum
1552 4910 1839 4975 maxime
1854 4958 1870 4986 ,
1939 4918 2145 4973 astrui

121 5014 406 5094 potest.
515 5001 697 5066 Vera
753 5022 910 5084 ergo
964 5021 1113 5065 caro
1171 5007 1237 5063 et
1291 5018 1449 5062 vere
1503 4995 1869 5061 humanum
1909 5013 2146 5077 corpus

125 5094 528 5162 sublatum
573 5096 675 5153 est
712 5088 783 5151 in
828 5084 1059 5151 coelos.
1149 5085 1232 5150 In
1268 5082 1465 5149 coelis
1499 5083 1845 5148 veritatem
1887 5082 2145 5145 retinet.

125 5182 328 5246 Nam
383 5181 732 5243 venturus
790 5183 891 5237 est
934 5171 1223 5236 iudicare
1282 5178 1403 5235 etc.
1492 5167 1637 5232 Iam
1681 5167 1738 5233 si
1780 5167 2148 5249 interroge-

123 5285 272 5345 tur,
342 5285 456 5329 an
510 5259 672 5324 illud
729 5279 967 5341 corpus
1022 5257 1196 5340 quod
1241 5275 1474 5322 verum
1531 5263 1633 5319 est
1682 5254 1771 5318 sit
1812 5253 1882 5316 in
1925 5272 2147 5331 coena,

125 5347 579 5436 simpliciter
621 5344 744 5411 hoc
786 5364 1030 5427 negare
1071 5343 1254 5408 iubet
1300 5339 1662 5405 orthodoxa
1717 5346 1786 5404 et
1826 5337 2150 5403 catholica

1901 441 2062 504 1547
2108 437 2489 505 IANUAR.

4056 445 4185 508 4⁷4

2234 625 2416 693 fides.
2506 624 2582 693 Si
2626 626 2722 692 illi
2766 625 3039 694 addant:
3111 649 3263 695 vere
3304 628 3505 707 adest,
3549 627 3665 696 sed
3705 651 3840 696 non
3883 650 4188 715 corpora-

2235 712 2409 790 liter,
2456 714 2855 797 quantitave,
2890 713 3206 791 localiter,
3252 714 3652 797 qualitative,
3697 717 3997 782 iubemus
4038 724 4115 781 ut
4148 736 4189 781 a

2236 798 2591 864 verborum
2632 800 2945 864 monstris
2981 798 3371 879 abstineant,
3415 808 3487 865 et
3525 802 3743 868 oculos
3787 801 4188 886 simplicibus

2234 884 2687 969 perstringere
2727 883 3052 950 desinant.
3139 885 3524 970 Praestigiis
3576 887 3931 953 verborum
3985 895 4188 952 utun·

2235 979 2365 1033 tur.
2456 972 2700 1034 Annon
2756 968 3214 1052 exploderetur
3269 991 3310 1035 a
3351 971 3538 1038 nobis
3596 970 3897 1038 omnibus
3935 974 4046 1055 qui
4087 972 4188 1038 di·

2235 1061 2414 1119 ceret
2457 1056 2675 1138 ignem
2722 1064 2839 1119 aut
2879 1055 3106 1120 lumen
3153 1077 3307 1121 vere
3352 1055 3584 1122 ardere
3619 1058 3854 1125 alicubi
3898 1057 4014 1123 sed
4053 1077 4190 1123 non

2236 1140 2457 1206 lucere
2509 1148 2577 1204 et
2628 1140 3028 1207 calefacere?
3134 1143 3226 1206 Et
3288 1142 3399 1209 isti
3462 1142 3690 1207 dicunt
3741 1165 3976 1226 corpus
4030 1163 4187 1209 vere

2236 1225 2465 1291 adesse
2528 1234 2594 1290 et
2656 1224 2908 1290 addunt
2970 1247 3123 1290 mox
3202 1248 3367 1310 quae
3445 1228 3746 1293 adimunt
3821 1232 4186 1295 veritatem.

2236 1310 2420 1392 Quin
2486 1330 2645 1395 ergo
2710 1321 3095 1396 expungant
3157 1312 3574 1378 vocabulum:
3656 1334 3831 1379 vere.
3943 1315 4190 1380 Dicant

2235 1396 2620 1478 simpliciter
2673 1402 2740 1462 et
2795 1398 3047 1463 sincere
3093 1397 3410 1480 quomodo
3454 1398 3796 1479 Christus,
3850 1421 3987 1465 non
4037 1421 4189 1466 caro

2238 1480 2507 1558 Christi,
2547 1480 2774 1547 adesse
2809 1484 3032 1565 possit,
3078 1481 3443 1561 divinitate,
3480 1484 3839 1563 maiestate,
3877 1486 4188 1568 potentia,

2236 1568 2632 1649 operatione,
2679 1569 2945 1646 virtute,
2989 1568 3133 1633 vita
3175 1579 3296 1635 etc.
3385 1569 3735 1635 Caeterum
3792 1572 4189 1636 manducare

2234 1674 2472 1736 corpus
2516 1653 2767 1718 Christi
2810 1675 2944 1718 non
2988 1661 3091 1719 est
3124 1653 3303 1719 aliud
3347 1675 3540 1738 quam
3586 1656 3866 1721 credere.
3955 1655 4099 1720 Iam
4134 1657 4191 1721 si

2234 1738 2595 1805 adversarii
2639 1737 2722 1803 ad
2778 1740 2991 1805 ravim
3046 1760 3254 1822 usque
3312 1739 3489 1805 aliud
3536 1740 3891 1818 blaterent,
3946 1744 4191 1807 veritas

2236 1824 2398 1889 dicit
2435 1824 2667 1889 Ioann.
2713 1829 2772 1904 6,
2817 1823 3010 1889 edere
3063 1824 3241 1890 aliud
3302 1846 3433 1891 non
3479 1847 3622 1892 esse
3665 1848 3863 1910 quam
3907 1826 4187 1892 credere.

2236 1910 2400 1974 Edit
2443 1930 2600 1993 ergo
2645 1911 2757 1991 qui
2811 1909 3038 1975 credit.
3131 1912 3352 1994 Atque
3405 1912 3513 1978 hic
3566 1912 3914 1996 diligenter
3956 1935 4189 1978 curan-

2238 1994 2394 2060 dum
2439 2016 2525 2059 ne
2568 1996 2886 2060 misceant
2926 1995 3497 2062 manducationem
3541 1998 3947 2082 spiritualem
3990 2009 4058 2063 et
4093 2020 4192 2064 sa-

2239 2079 2726 2158 cramentalem,
2772 2079 2887 2145 sed
2923 2080 3225 2146 distincte
3267 2082 3638 2166 loquantur,
3686 2104 3807 2149 nec
3847 2084 4191 2168 permitta-

2237 2178 2351 2232 tur
2393 2167 2488 2230 eis
2544 2165 3031 2251 paralogizandi
3082 2167 3378 2234 facultas.
3479 2167 3858 2251 Spiritualis
3911 2170 4191 2235 mandu-

2239 2252 2406 2318 catio
2451 2251 2603 2316 fidei
2647 2259 2766 2327 est,
2812 2252 3307 2318 sacramentalis
3337 2261 3609 2319 externa
3644 2255 3951 2320 adiuncto
3985 2256 4189 2338 signo.

2236 2339 2450 2403 Porro
2495 2337 2649 2403 finis
2706 2357 2942 2402 coenae
2999 2337 3298 2421 pluribus
3353 2339 3723 2405 ostenditur
3780 2363 3821 2406 a
3874 2340 4189 2407 Domino:

2236 2424 2391 2487 Fiat
2433 2424 2503 2486 in
2548 2425 2962 2501 memoriam,
3019 2424 3140 2488 fiat
3197 2422 3279 2488 ad
3323 2425 3854 2508 gratulationem,
3916 2436 3993 2491 ut
4036 2447 4193 2510 aga-

2237 2530 2384 2573 mus
2449 2509 2694 2592 gratias
2711 2560 2728 2587 ,
2804 2510 2923 2573 fiat
3000 2509 3081 2573 ad
3160 2520 3500 2575 externam
3565 2511 4195 2577 confoederationem

2236 2593 2433 2745 gano.
2460 2598 2560 2658 22.
2616 2600 2666 2659 1.
2693 2594 2843 2659 Cor.
2886 2598 2963 2659 10
2986 2601 3054 2658 θῖ
3083 2599 3207 2674 11).
3276 2594 3587 2677 Quodilli
3621 2598 3953 2681 affingunt
3988 2598 4193 2662 alium

2285 2701 2458 2758 nem,
2502 2681 2573 2743 in
2618 2679 3068 2745 remissionem
3129 2689 3573 2762 peccatorum,
3633 2704 3717 2747 ex
3776 2705 3846 2748 se
3910 2684 4189 2767 fingunt.

2237 2766 2567 2831 Remissio
2610 2779 3025 2848 peccatorum
3069 2768 3411 2851 sanguinis
3456 2779 3557 2832 est
3598 2768 3851 2834 Christi
3908 2779 3978 2832 et
4017 2768 4191 2834 fidei.

2239 2850 2317 2917 Si
2372 2850 2672 2934 discipuli
2729 2851 2800 2915 in
2866 2870 3067 2916 coena
3129 2852 3203 2915 in
3268 2853 3714 2918 remissionem
3780 2862 4192 2938 peccatorum

2239 2936 2538 3013 edebant,
2584 2935 2738 3019 quid
2782 2956 2945 3019 opus
2997 2937 3313 3020 postridie
3368 2938 3704 3004 effundere
3756 2938 4190 3023 sanguinem?

2242 3021 2713 3107 Intelligebant
2755 3043 2911 3106 ergo
2955 3022 3364 3087 fundendum
3414 3027 3803 3109 sanguinem
3845 3027 3919 3090 in
3964 3027 4191 3091 remis—

2241 3112 2492 3175 sionem
2543 3109 2838 3174 fidelium
2897 3116 2966 3174 et
3018 3130 3215 3193 porro
3269 3109 3724 3175 celebrandam
3791 3115 4192 3177 memoriam.

2239 3195 2394 3260 Non
2413 3194 2877 3278 intelligebant
2910 3217 2994 3261 ex
3017 3204 3278 3278 sumpta
3311 3216 3512 3261 coena
3546 3217 3688 3261 esse
3724 3200 4192 3263 remissionem.

2412 3283 2494 3346 A.
2585 3279 3013 3346 Considerate
3081 3302 3236 3346 vero
3299 3282 3508 3347 obiter
3571 3303 3768 3365 quam
3832 3282 4002 3348 male
4067 3283 4195 3349 sibi

2241 3366 2638 3432 cohaereant
2679 3387 2846 3450 quae
2889 3367 2997 3431 isti
3054 3367 3353 3432 homines
3395 3368 3764 3450 proferunt:
3830 3368 4087 3451 Corpus
4129 3388 4198 3434 et

2242 3453 2517 3535 sanguis
2560 3450 2798 3517 adsunt
2840 3454 2912 3516 in
2955 3472 3171 3530 coena,
3216 3452 3332 3518 sed
3368 3453 3813 3535 spiritualiter.
3901 3454 4038 3519 Sed
4081 3476 4197 3519 ex-

2239 3538 2491 3621 plicant
2533 3560 2604 3603 se
2639 3538 3085 3622 spiritualiter,
3130 3558 3264 3603 non
3301 3537 3473 3621 quod
3509 3560 3897 3604 conversum
3936 3542 4021 3605 sit
4055 3561 4197 3606 cor-

2243 3646 2370 3708 pus
2427 3625 2501 3687 in
2556 3624 2879 3706 spiritum.
2966 3624 3169 3688 Bene.
3260 3623 3337 3689 Si
3396 3644 3553 3708 ergo
3622 3646 3751 3689 non
3808 3646 4205 3691 conversum

2245 3718 2347 3774 est
2388 3712 2457 3773 in
2501 3710 2838 3792 spiritum,
2898 3729 3135 3792 corpus
3185 3722 3426 3775 manet.
3517 3710 3671 3775 Non
3729 3713 3951 3794 itaque
3995 3712 4205 3777 adest.

2245 3793 2425 3876 Quid
2467 3815 2632 3879 opus
2678 3794 3010 3877 disputare
3055 3793 3136 3859 de
3181 3797 3556 3877 praesentia
3600 3799 3887 3879 corporis
3946 3800 4089 3863 veri
4133 3799 4206 3862 in

2247 3881 2546 3957 ecclesia,
2605 3900 2809 3962 quum
2861 3884 3004 3963 ipse
3059 3880 3386 3946 Dominus
3446 3880 3585 3945 Ioh.
3652 3887 3746 3947 14.
3814 3890 3909 3945 15.
3975 3888 4068 3947 16.
4125 3889 4201 3946 17

2247 3977 2384 4031 tam
2430 3965 2783 4050 diligenter
2827 3966 3132 4043 docuerit,
3180 3988 3249 4032 se
3293 3987 3425 4031 non
3486 3987 3753 4049 corpore
3798 3968 3911 4033 sed
3965 3970 4205 4051 spiritu

2251 4053 2615 4117 affuturum
2680 4052 3117 4134 ecclesiae‘28)
3205 4055 3316 4117 An
3372 4074 3531 4118 vera
3587 4053 3781 4132 fides,
3841 4075 4005 4135 quae
4066 4056 4203 4120 sola

2250 4139 2582 4213 iustificat,
2628 4138 2950 4220 purificat,
2996 4148 3237 4216 servat,
3284 4138 3561 4220 requirit
3595 4138 3877 4203 reditum
3913 4142 4203 4223 corporis

2250 4233 2318 4288 et
2369 4224 2771 4305 corporalem
2826 4223 3398 4288 manducationem
3463 4223 3545 4288 ad
3610 4224 3935 4288 salutem?
4039 4227 4204 4290 Mox

2250 4308 2511 4374 dicunt:
2557 4309 2733 4373 Vere
2767 4306 2971 4385 adest,
3008 4307 3125 4374 sed
3160 4329 3294 4373 non
3329 4309 3771 4391 corporaliter.
3830 4309 4009 4389 Quid
4046 4333 4202 4395 ergo

2250 4402 2352 4460 est
2403 4393 2601 4459 vere?
2708 4395 2953 4459 Annon
3011 4394 3328 4460 hactenus
3399 4415 3553 4459 vere
3622 4404 4031 4477 usurparunt
4084 4418 4202 4479 pro

2250 4478 2720 4562 corporaliter?
2810 4478 3119 4546 Omnino.
3209 4478 3387 4560 Quid
3447 4481 3650 4564 igitur
3703 4481 4002 4545 ducimus
4034 4500 4201 4547 con-

2248 4565 2565 4630 tentionis
2607 4565 2877 4630 funem?
2943 4564 3123 4647 Quid
3163 4566 3411 4630 crimen
3453 4567 3834 4631 criminibus
3878 4568 4203 4632 nectimus

2246 4651 2471 4716 verbis
2514 4652 2937 4716 contentiosis
2988 4650 3290 4717 iniectis?
3390 4651 3725 4716 Fidelium
3780 4661 3881 4717 est
3933 4653 4201 4735 pacifice

2246 4737 2424 4821 loqui
2471 4743 2540 4800 et
2582 4757 2810 4818 pacem
2831 4757 3159 4820 quaerere.
3226 4734 3362 4801 Sed
3403 4737 3497 4801 ita
3537 4737 3774 4802 volunt
3815 4739 4201 4820 praevenire

2249 4843 2334 4889 ne
2398 4823 2547 4905 quis
2611 4830 2806 4906 putet
2861 4822 3301 4889 accedendum
3367 4822 3452 4888 ad
3505 4843 3775 4888 coenam
3842 4824 3997 4889 ficta
4049 4825 4196 4889 fide.

2249 4907 2545 4975 Scilicet:
2612 4909 2760 4990 quis
2804 4905 2994 4974 docet
3035 4911 3190 4974 ficta
3229 4907 3359 4973 fide
3418 4908 3889 4973 accedendum?
3974 4908 4202 4990 Quum

2251 4994 2464 5059 fidelis
2519 4994 2703 5058 audit
2755 4993 2987 5071 fidem,
3046 4993 3361 5078 intelligit
3403 4992 3599 5058 fidem
3644 5014 3898 5067 veram,
3954 4996 4201 5073 vivam,

2250 5081 2601 5146 efficacem.
2692 5080 2781 5143 Et
2824 5080 2880 5144 si
2926 5100 3085 5145 vere
3126 5079 3313 5146 adest
3355 5079 3685 5144 Dominus
3730 5101 3860 5144 non
3907 5102 4203 5165 corpora-

2457 5283 2519 5352 8)
2556 5286 2670 5337 Aut
2706 5284 2829 5351 quis
2873 5286 3045 5338 malus
3087 5285 3315 5338 daemon
3362 5284 3520 5337 iussit
3566 5290 3622 5338 et
3666 5284 3851 5338 docuit
3884 5302 3983 5338 nos
4018 5287 4201 5355 dispu-

2250 5359 2371 5407 tare
2407 5352 2476 5405 de
2511 5353 2821 5423 praesentia
2855 5354 3096 5420 corporis
3132 5354 3249 5407 veri
3284 5358 3384 5406 etc.
3424 5353 3661 5418 (Simler.
3697 5358 3760 5407 in
3794 5356 3998 5424 mcv-9.)
