4825 6175
219 458 321 520 297
1297 412 1310 429 ’
1870 461 2029 521 1546
2075 457 2544 524 FEBRUAR.
4076 468 4203 529 298

1094 642 1242 713 773.

683 796 1184 865 PARELLUS
1229 796 1665 864 CALVINO.

365 968 671 1034 Pluribus
706 974 964 1035 enarrat
997 989 1117 1052 quo
1146 974 1334 1052 paeto
1368 971 1621 1036 tandem
1652 971 1959 1055 neqotiam
2001 971 2143 1038 elec-

203 1056 379 1122 timtis
422 1057 508 1121 ad
550 1055 874 1137 optabilem
923 1055 1114 1136 finem
1160 1057 1533 1137 perductum
1590 1058 1677 1122 sit
1693 1107 1707 1135 ‚
1769 1077 1985 1121 verum
2018 1078 2143 1139 pro

201 1161 357 1207 more
384 1141 605 1223 fusius
649 1161 844 1223 quam
899 1141 1172 1208 timidius
1214 1142 1402 1206 verba
1443 1143 1699 1225 faciens,
1802 1143 1965 1207 Tum
1996 1143 2144 1226 plu-

198 1229 359 1293 rima
418 1227 554 1293 alia
609 1228 864 1310 attimyit
916 1229 994 1293 de
1046 1228 1272 1309 quibus
1326 1248 1534 1309 nuper
1586 1229 1752 1295 inter
1821 1230 2034 1310 ipsum
2089 1236 2146 1297 et

201 1312 525 1380 Calvinwn
564 1318 770 1383 actum
805 1314 1035 1395 fuerat.

194 1485 299 1553 (Ex
334 1485 673 1555 autographo
722 1484 862 1538 Bibl.
896 1484 1691 1622 Qaemffi.klffefff?emium’
1761 1486 1901 1557 Epp.
1937 1487 2136 1542 Farelli

356 1740 776 1808 Christianae
819 1743 1026 1826 plebis
1068 1743 1315 1826 pastori
1361 1742 1863 1826 vigilantissimo
1899 1744 2136 1811 Ioanni

185 1827 467 1893 Calvino
527 1836 595 1892 et
651 1827 1096 1894 eruditissimo
1154 1838 1220 1893 et
1280 1850 1571 1895 summae
1627 1831 1888 1913 pietatis
1949 1832 2135 1897 fratri

181 1922 245 1979 et
285 1922 701 1999 symmystae
745 1935 941 1998 quam
984 1915 1318 1981 carissimo

1630 2000 1960 2068 Genevae.

347 2135 425 2202 S.
496 2135 687 2217 Quod
733 2146 882 2203 tuas
923 2159 1058 2203 non
1101 2139 1507 2220 exspectavit
1540 2138 1765 2204 literas
1799 2139 1857 2205 is
1901 2141 2015 2223 qui
2049 2140 2131 2206 ad

172 2225 416 2289 fratres
473 2245 653 2291 meos
683 2226 730 2303 ¹)
789 2223 1014 2302 rediit,
1073 2223 1266 2289 valde
1322 2223 1487 2289 mihi
1547 2224 1873 2307 displicet,
1928 2246 2133 2308 quum

169 2319 398 2393 optem
453 2309 590 2373 illis
647 2318 839 2374 tuum
894 2309 1241 2376 consilium
1294 2312 1617 2393 patefieri,
1685 2321 1751 2375 et
1806 2314 2017 2396 magis
2061 2319 2135 2378 ut

168 2394 348 2461 istud
397 2404 763 2477 sequantur
781 2447 798 2475 ,
857 2416 1062 2478 quum
1112 2397 1296 2479 pium
1353 2405 1419 2460 et
1461 2397 1897 2461 necessarium
1944 2398 2132 2464 valde

163 2482 267 2546 sit.
364 2479 509 2546 Sed
554 2491 631 2546 ut
672 2480 864 2547 video
922 2502 1058 2546 non
1115 2481 1292 2547 80168
1351 2503 1498 2546 sum
1555 2483 1668 2564 qui
1711 2483 1920 2549 habeo
1965 2484 2129 2548 ami-

164 2588 301 2632 cos:
354 2566 569 2632 habes
613 2575 681 2632 et
719 2576 793 2631 tu
837 2588 957 2650 per
1000 2587 1163 2650 quos
1206 2567 1532 2649 simplices
1573 2568 1669 2633 ita
1711 2567 2128 2647 seducuntur,

157 2673 365 2735 seque
411 2653 517 2717 ita
558 2673 718 2736 erga
759 2662 825 2718 te
862 2662 1117 2737 gerunt.
1185 2653 1416 2720 Habeo
1450 2654 1567 2719 tibi
1603 2656 1886 2738 gratiam
1920 2675 2127 2738 quan-

158 2748 296 2802 tam
344 2759 631 2821 possum
673 2740 1050 2819 maximam,
1096 2738 1268 2822 quod
1309 2760 1510 2822 supra
1551 2739 1819 2805 modum
1861 2761 2129 2824 pressus

155 2824 252 2889 ita
319 2834 564 2890 nostra
613 2844 801 2891 cures
818 2875 834 2901 ,
899 2825 1087 2909 quasi
1151 2825 1312 2891 nihil
1379 2824 1561 2890 aliud
1601 2827 1893 2910 supersit
1956 2828 2126 2910 quod

155 2931 334 2994 agas.
440 2909 627 2976 Sane
685 2911 889 2993 pudet
942 2932 1047 2975 me
1104 2910 1278 2994 quod
1336 2933 1376 2975 a
1432 2913 1677 2978 sanctis
1731 2914 1803 2976 in
1843 2913 2126 2978 Paulum

25 2996 30 3077 f
154 2997 664 3062 commentariis
719 2998 1027 3072 avoceris,
1049 2999 1105 3072 ⁴²)
1183 3019 1268 3062 ne
1323 2997 1536 3062 dicam
1595 3019 1635 3061 a
1687 3000 2127 3082 recognitione

25 3107 26 3110 ¹
149 3080 540 3148 bibliorum.
560 3080 617 3169 ⁸)
682 3081 1091 3150 Deberemus
1124 3105 1352 3150 0111668
1393 3084 1787 3164 incumbere,
1830 3096 1907 3150 ut
1949 3084 2129 3152 aliud

25 3173 34 3252 ἴ
149 3170 323 3234 nihil
368 3190 614 3253 ageres
648 3191 844 3253 quam
881 3180 956 3234 ut
989 3170 1227 3235 horum
1263 3170 1561 3246 alterum,
1606 3169 1778 3254 quod
1819 3173 1877 3237 si
1917 3174 2127 3255 possis

33 3279 34 3292 ¹
144 3265 547 3339 utrumque.
634 3253 848 3336 Quam
895 3276 1255 3336 peccamus,
1300 3255 1458 3321 dum
1493 3256 1783 3339 aliquam
1818 3256 1939 3322 tibi
1974 3258 2125 3323 inii·

25 3351 28 3374 ἵ
146 3342 365 3407 cimus
405 3361 761 3410 remoram.
849 3341 1101 3407 Verum
1147 3354 1248 3407 est
1298 3364 1440 3408 sors
1483 3343 1742 3425 piorum
1784 3342 1958 3426 quod
2001 3366 2126 3409 un-

143 3424 346 3511 dique
395 3428 788 3494 obruantur.
855 3427 964 3493 Ita
997 3427 1117 3493 tibi
1156 3427 1450 3511 contigit,
1493 3442 1561 3493 et
1592 3448 1717 3494 nos
1757 3430 1970 3511 pressi
2002 3430 2125 3496 sub

25 3511 32 3548 '-
142 3512 529 3579 levioribus
582 3514 890 3580 oneribus
944 3515 1321 3580 fatiscentes
1378 3514 1675 3599 cogimur
1726 3515 2125 3583 robustiores

25 3597 26 3600 ’
140 3609 750 3682 quantumcunque
792 3609 1064 3665 onustos
1107 3600 1458 3683 implorare
1491 3609 1568 3665 ut
1600 3621 1722 3666 nos
1756 3600 2121 3668 sublevent.

25 3697 26 3700 ’
140 3683 303 3751 Ideo
353 3685 600 3752 omnia
641 3686 792 3750 boni
823 3685 1140 3762 consules,
1186 3685 1358 3769 quod
1399 3696 1475 3751 ut
1514 3686 1715 3769 facias
1737 3699 1803 3752 te
1846 3708 1964 3770 per
1984 3689 2122 3754 Do·

139 3792 924 3941 mlnugigssf‘blectione
974 3856 1264 4008 collegae
1319 3856 1476 3940 quid
1534 3856 1744 3923 dicam
1758 3858 1789 3922 ⁴?
1879 3861 2124 3926 Actum

139 3951 282 4009 erat
329 3964 646 4027 prorsus,
689 3943 1080 4020 ridebamus‚
1176 3943 1549 4008 ‘fferebatur
1590 3943 1900 4029 quidquid
1949 3955 2122 4011 erat:

25 4047 26 4054 ¹
137 4049 291 4094 nam
339 4030 488 4097 hoc
532 4028 881 4095 videbatur
922 4031 1135 4114 magis
1195 4028 1504 4113 expedire
1546 4029 1735 4094 iuxta
1776 4031 2124 4098 consilium

143 4187 408 4194 Ἥ*

25 4305 28 4336 ;
139 4284 301 4408 ἔῖθ.
351 4287 416 4354 1)
477 4285 618 4340 Vide
624 4287 908 4407 sgr-om
957 4285 1341 4354 praecedentes
1385 4291 1434 4340 et
1480 4284 1557 4341 N.
1611 4284 1732 4340 6⁷6.
1831 4287 1914 4355 Of.
1960 4289 2123 4344 etiam

25 4379 26 4382 Ἴ
195 4356 720 4491 nothger&
748 4421 908 4492 prior
935 4424 1049 4478 iam
1081 4421 1364 4492 prodierat
1382 4423 1489 4487 (N.
1512 4421 1639 4490 ⁷53)
1688 4423 1961 4492 posterior
1994 4440 2121 4479 mox

137 4499 414 4563 sequutus
453 4499 573 4573 est,
592 4507 759 4562 mium
790 4493 1019 4559 epistola
1051 4496 1460 4562 nuncupatoria
1495 4493 1572 4548 ad
1609 4465 1967 4548 Vl'ozmarium
2006 4493 2121 4548 Gal.

25 4621 28 4700 ξ
140 4562 283 4630 ‘¹⁸⁹‘
318 4563 730 4712 dgfaflffioria
763 4629 1050 4684 saliorum
1089 4628 1476 4711 ammonam
1509 4630 1803 4684 enumeras
1836 4630 2017 4686 adm
2050 4637 2122 4713 tq-

25 4729 28 4766 ;
139 4701 326 4755 nebris
364 4699 638 4753 involuta
674 4703 765 4750 est.
839 4697 938 4752 Ex
975 4697 1185 4752 Farelli
1228 4700 1405 4755 verbis
1447 4714 1619 4770 neque
1648 4700 1883 4767 probare
1911 4705 2122 4767 poteris

141 4775 255 4823 tan
287 4771 555 4837 primum
598 4765 884 4821 Calvinum
929 4767 1111 4822 bibliis
1151 4767 1368 4836 gallicie
1411 4767 1854 4837 recoqnoseendis
1898 4785 2119 4822 manum

25 4839 28 4884 ⁵
142 4837 490 4905 admovisse,
527 4850 699 4905 neque
732 4851 917 4888 eorum
952 4839 1269 4890 sententiam
1305 4838 1626 4904 confirmare
1670 4838 1770 4906 qui
1809 4838 1920 4889 iam
1956 4843 2120 4891 antea

140 4908 200 4962 id
229 4908 465 4972 saetam
500 4906 683 4972 fuisse
715 4905 1076 4959 arbitrantur.
1133 4904 1242 4960 Sed
1272 4906 1372 4960 boe
1403 4908 1525 4974 ipso
1560 4921 1712 4960 anno
1745 4903 1883 4958 1546
1916 4912 1967 4959 et
2000 4908 2118 4975 qai-

25 4973 28 5054 l
145 4976 262 5029 dem
296 4990 502 5030 menae
537 4973 690 5028 Iulio
722 4972 875 5040 apud
924 4973 1227 5028 Girardam
1273 4974 1573 5030 absolutam
1611 4975 1789 5041 fuisse
1832 4974 2120 5029 editionem

159 5045 214 5098 V.
245 5044 305 5098 T.
344 5059 550 5124 quam·
569 5041 748 5095 eodem
784 5055 930 5095 armo
955 5043 1048 5122 ‘vel
1082 5049 1311 5112 sequuta
1343 5050 1423 5124 est
1456 5044 1540 5098 vel
1569 5045 1866 5127 praecessit
1880 5042 2118 5125 Nepam,

146 5129 450 5251 eebdlejuuque
488 5110 962 5261 υπίςοῗῗηωᾳξιιὲἇι
1019 5111 1134 5261 “oa-
1185 5250 1195 5261 ·
1276 5111 2118 5263 ‘magt-mittsstoeffiaegmgg,

149 5253 476 5308 senensium
535 5248 831 5302 editionum
887 5263 1027 5330 qaas
1076 5265 1130 5302 va
1171 5265 1315 5304 imus
1364 5255 1770 5320 antiquissima,
1836 5249 2120 5373 6138116019

151 5336 467 5388 poscumus.
563 5316 843 5398 Caeterum
887 5317 1017 5398 vide·
1043 5316 1211 5373 Pron.
1267 5318 1324 5372 Τ.
1359 5319 1454 5373 ΙΧ.
1484 5336 1546 5388 p.
1581 5318 1653 5372 64
1685 5324 1737 5373 et
1769 5334 1876 5390 quo
1953 5319 2118 5375 eubu-

153 5391 353 5446 denua
384 5387 649 5458 epistolas
680 5386 846 5441 buius
877 5402 1029 5440 aaut.

2247 664 2474 711 eorum
2517 647 2631 730 qui
2663 668 2785 713 608
2818 655 3049 713 amant
3080 648 3346 728 scilicet,
3389 649 3706 715 nimirum
3739 650 3913 734 quod
3948 653 4202 720 interea

2248 731 2650 815 stipendium
2694 733 2980 817 collegae
3022 734 3091 798 in
3140 756 3301 800 usus
3344 736 3639 819 proprios
3683 739 4084 817 vertebatur,
4131 749 4200 806 et

2247 817 2549 883 simultas
2589 818 2806 902 aliqua
2847 820 3025 885 inter
3077 840 3199 886 nos
3242 821 3410 885 forte
3455 830 3673 904 posset
3715 824 3979 889 exoriri.
4068 825 4196 891 'ra-

2247 923 2358 967 060
2404 902 2486 968 (16
2529 902 2914 981 Mar-curtim
2973 927 3166 990 quem
3209 908 3269 972 si
3310 907 3513 973 sciam
3557 907 3747 974 facile
3789 909 4196 989 irritabilem,

2247 1008 2382 1052 non
2425 999 2587 1071 puto
2630 999 2853 1055 tamen
2889 1013 2964 1056 eo
3001 993 3325 1058 amentiae
3359 1015 3797 1076 progressum,
3842 1017 3969 1078 quo
4003 997 4197 1062 audio

2246 1073 2378 1137 iam
2424 1076 2598 1151 ferri,
2645 1076 2773 1141 nisi
2819 1077 2973 1143 hinc
3015 1079 3247 1145 fuisset
3302 1079 3626 1162 impulsus
3669 1080 3750 1145 ab
3793 1081 3876 1145 iis
3920 1082 4035 1165 qui
4078 1104 4196 1148 860

2246 1180 2427 1224 more
2462 1170 2747 1245 pergunt
2782 1173 2860 1226 ut
2894 1184 3013 1229 nos
3049 1163 3332 1229 turbent.
3394 1164 3731 1248 Siquidem
3773 1174 3911 1231 tota
3946 1167 4196 1233 actione

2244 1244 2339 1310 ita
2380 1244 2462 1310 (16
2507 1268 2581 1312 60
2626 1255 2843 1312 actum
2897 1261 3000 1337 est
3051 1259 3129 1314 ut
3192 1250 3355 1315 nihil
3417 1252 3621 1333 possit
3677 1251 3756 1315 de
3802 1252 3989 1317 nobis
4041 1274 4195 1320 con-

2242 1333 2448 1415 queri,
2493 1341 2559 1396 et
2602 1353 2735 1397 non
2782 1333 3024 1410 dubito,
3068 1336 3125 1399 si
3169 1336 3566 1419 intelligeret
3600 1348 3675 1401 ut
3710 1358 3814 1401 res
3859 1346 4003 1404 acta
4046 1339 4192 1419 fuit,

2241 1416 2432 1482 nobis
2475 1439 2612 1483 non
2655 1428 2828 1485 esset
2869 1420 3151 1503 iniquus.
3220 1422 3578 1504 Propterea
3622 1425 3840 1488 nescio
3883 1422 4037 1507 quid
4074 1447 4189 1490 ex-

2241 1504 2663 1586 spectabatur
2704 1505 2952 1589 grande
3005 1506 3086 1572 de
3129 1505 3413 1573 Caesare
3458 1516 3525 1573 et
3567 1509 3770 1592 Rege,
3830 1508 3984 1576 licet
4025 1532 4192 1576 non-

2241 1588 2408 1652 nihil
2454 1610 2645 1655 casus
2701 1591 2976 1657 latronis
3040 1593 3426 1658 incendiarii
3482 1614 3630 1676 spes
3684 1616 3957 1678 magnas
4013 1596 4192 1662 labe-

2240 1675 2518 1740 factarit.
2608 1674 2743 1742 Sed
2787 1679 2942 1761 quia
2993 1683 3128 1743 nbn
3183 1680 3308 1744 fuit
3360 1678 3522 1743 adeo
3579 1690 3851 1745 cruenta
3892 1682 4188 1760 victoria,

2238 1768 2306 1824 et
2346 1761 2562 1826 nostri
2602 1782 2737 1827 non
2772 1762 3132 1830 insolenter
3166 1765 3448 1849 grassati
3479 1766 3754 1830 fuerunt
3793 1776 3943 1849 post
3986 1768 4191 1833 victo-

2238 1847 2427 1923 riam,
2472 1856 2547 1911 ut
2588 1848 2942 1932 sperabant
2985 1871 3137 1917 suos
3190 1851 3478 1917 facturos
3530 1852 3731 1917 etiam
3774 1851 3855 1917 ad
3899 1853 4189 1919 interne-

2238 1932 2491 1997 cionem
2558 1955 2765 2015 usque
2828 1936 3123 2003 omnium
3188 1946 3519 2016 nostrum,
3597 1936 3950 2003 credebant
4014 1940 4190 2006 vires

2236 2017 2533 2082 hostium
2577 2021 2822 2097 salvas,
2884 2031 2952 2085 et
2993 2021 3163 2086 nihil
3209 2023 3303 2088 eis
3359 2021 3710 2088 decessisse
3761 2045 3880 2106 per
3927 2025 4189 2091 ruinam

2237 2102 2529 2182 latronis,
2567 2105 2681 2171 sed
2715 2108 2926 2189 magis
2962 2109 3213 2173 animos
3252 2108 3603 2193 impiorum
3640 2110 4078 2190 exacerbatos,
4113 2119 4190 2177 ut

2237 2187 2575 2254 ardentius
2618 2198 2687 2255 et
2727 2191 3083 2258 maioribus
3127 2195 3363 2259 animis
3419 2202 3486 2260 et
3529 2195 3775 2260 viribus
3819 2218 3939 2262 nos
3980 2196 4188 2280 impe-

2237 2281 2469 2341 terent.
2582 2276 2736 2341 Non
2792 2275 3003 2343 dicam
3059 2278 3233 2363 quod
3289 2279 3413 2345 sub
3472 2301 3670 2345 onere
3726 2288 3946 2361 tanto,
4002 2291 4188 2366 peste

2236 2361 2438 2425 etiam
2497 2371 2870 2445 grassante,
2937 2386 3137 2448 quum
3205 2365 3455 2450 collega
3509 2374 3578 2430 et
3640 2365 3912 2433 diacono
3973 2389 4188 2435 essem

2235 2447 2555 2529 privatus,
2601 2450 2956 2531 sperabant
2995 2471 3103 2515 1116
3147 2473 3417 2534 prorsus
3462 2452 3996 2518 consumendum.

2405 2532 2593 2600 Haec
2635 2534 2907 2600 fuerunt
2946 2546 3209 2619 praeter
3262 2537 3422 2602 alias
3466 2537 3854 2621 praecipuae
3898 2539 4185 2605 rationes

2237 2616 2580 2684 differendi
2626 2621 2889 2704 negotii.
2972 2621 3111 2686 Nos
3154 2622 3310 2688 dum
3357 2643 3759 2707 urgeremuS,
3804 2625 4016 2708 magis
4064 2645 4185 2691 nos

2233 2703 2683 2786 perdebamus.
2772 2706 2925 2772 Non
2966 2714 3032 2772 te
3073 2708 3245 2792 fugit
3286 2729 3452 2790 quae
3496 2718 3564 2774 et
3612 2708 3834 2792 qualia
3875 2710 4185 2775 habueri-

2231 2811 2379 2855 mus
2403 2812 2577 2856 anno
2601 2792 2939 2874 superiore
2981 2794 3211 2877 capita.
3277 2795 3414 2860 Res
3458 2796 3551 2859 ita
3591 2794 3921 2860 habebant
3966 2805 4039 2861 ut
4079 2797 4183 2861 ni-

2231 2875 2328 2941 hil
2372 2877 2546 2941 male
2589 2879 2777 2943 fieret
2820 2878 2990 2961 quod
3030 2877 3217 2945 nobis
3261 2881 3452 2945 fieret
3493 2881 4018 2955 acclamantibus,
4064 2903 4180 2947 66-

2231 2982 2356 3045 que
2435 2964 2600 3029 bene
2677 2965 2869 3029 fieret
2943 2963 3297 3048 quidquam
3374 2964 3563 3031 nobis
3649 2967 4178 3033 assentientibus.

2231 3049 2535 3115 Dixisses
2579 3050 2701 3117 hoc
2744 3071 2954 3116 unum
2989 3051 3188 3118 fuisse
3228 3052 3647 3135 propositum,
3694 3052 3865 3118 nihil
3909 3074 4042 3119 non
4084 3053 4182 3119 fa-

2231 3155 2378 3201 cere
2412 3135 2546 3202 nisi
2585 3138 2921 3220 ingratum
2955 3136 3158 3204 nobis.
3228 3137 3362 3204 Sed
3398 3137 3555 3203 dum
3594 3140 3809 3222 capita
3843 3146 3979 3205 tam
4014 3140 4182 3208 bene

2228 3220 2514 3286 formata
2554 3242 2820 3287 cursum
2865 3244 3058 3288 suum
3103 3222 3469 3302 absolvunt,
3515 3232 3582 3289 et
3612 3237 3919 3291 metuunt
3952 3247 4034 3289 ne
4068 3225 4182 3309 qui

2230 3317 2685 3373 successerunt
2725 3329 2858 3374 non
2900 3309 3085 3392 impii
3128 3317 3459 3376 curatores
3503 3310 3897 3393 reipublicae
3942 3332 4180 3396 repug-

2228 3401 2393 3459 nent
2414 3394 2614 3478 gestis
2657 3394 2969 3477 priorum,
3013 3403 3220 3480 agunt
3241 3394 3364 3461 sub
3406 3397 3609 3461 finem
3632 3395 3711 3460 (16
3746 3396 4023 3462 comitiis
4059 3397 4180 3463 ha-

2226 3476 2475 3558 bendis,
2520 3477 2719 3563 idque
2761 3481 3000 3546 statim.
3091 3480 3218 3546 Vix
3275 3490 3628 3565 potuerant
3679 3480 3773 3565 pii
3824 3482 4180 3565 impetrare

2227 3574 2305 3628 ut
2348 3563 2772 3631 differrentur
2813 3586 2853 3629 a
2895 3567 3105 3650 primo
3128 3568 3233 3634 die
3278 3568 3366 3643 (is
3408 3567 3726 3633 Mercurii
3771 3577 3930 3646 erat,
3946 3571 4006 3643 ⁴)
4050 3589 4179 3651 quo

2226 3649 2563 3715 intrabant
2596 3652 2752 3716 novi
2787 3650 3004 3738 electi)
3050 3653 3120 3717 in
3159 3652 3331 3718 diem
3369 3652 3785 3719 dominicum.
3853 3651 4181 3720 Conclusa

2226 3743 2421 3801 erant
2463 3738 2714 3802 omnia:
2762 3745 3101 3821 supererat
3134 3747 3211 3803 ut
3245 3740 3496 3805 vocatis
3532 3740 3834 3805 omnibus
3870 3747 4180 3822 parerent

2225 3832 2592 3888 monstrum
2662 3822 2834 3906 quod
2911 3823 3167 3907 pridem
3231 3825 3682 3907 parturierant
3759 3847 3892 3890 non
3968 3825 4179 3908 pauci.

2227 3907 2393 3973 Tam
2450 3916 2640 3973 erant
2691 3910 2909 3974 omnia
2965 3912 3325 3994 composita
3382 3921 3458 3975 ut
3513 3931 3708 3975 nemo
3762 3932 3898 3977 non
3951 3911 4183 3976 fuisset

2225 4000 2620 4078 sequuturus
2662 3995 2900 4060 horum
2943 3996 3356 4062 sententiam.
3444 3996 3575 4063 Hic
3618 4017 3740 4061 nos
3782 3995 4037 4063 adimus
4080 3996 4180 4062 vi-

2226 4080 2699 4164 cepraefectum
2756 4089 2824 4145 et
2875 4081 3168 4165 graviter
3223 4084 3558 4166 querimur
3616 4081 3697 4148 de
3744 4082 3933 4147 ruina
3975 4082 4181 4149 ecole-

2227 4167 2378 4244 siae,
2427 4164 2508 4231 de
2551 4165 3003 4250 profligatione
3058 4167 3273 4247 verbi,
3328 4169 3695 4234 vastatione
3741 4169 4181 4250 ecclesiarum,

2227 4264 2294 4317 et
2333 4251 2400 4317 id
2447 4272 2656 4336 genus
2700 4252 2858 4317 alia:
2905 4251 3179 4320 dicimus
3223 4273 3388 4336 quae
3431 4255 3819 4337 contingent
3875 4256 3930 4318 si
3973 4254 4177 4337 plebs,

2227 4337 2367 4403 sine
2410 4338 2813 4421 pastoribus,
2870 4360 3002 4403 non
3045 4339 3388 4421 probatum
3408 4389 3424 4417 ,
3482 4360 3617 4404 non
3667 4339 4003 4416 idoneum,
4061 4338 4179 4404 sed

2225 4444 2679 4508 quemcunque
2713 4423 2914 4491 vellet
2957 4424 3198 4508 deligat
3238 4433 3305 4491 et
3337 4437 3628 4491 assumat
3661 4424 3782 4490 sibi
3816 4434 4172 4508 pastorem:

2224 4510 2518 4575 ordinem
2561 4512 2660 4575 ita
2701 4511 2928 4589 everti,
2969 4519 3039 4576 et
3080 4533 3246 4595 quae
3281 4511 3467 4577 nobis
3503 4512 3720 4576 iurata
3761 4511 4028 4576 fuerunt
4069 4510 4175 4574 in-

2225 4595 2424 4680 fringi
2440 4647 2457 4675 ,
2510 4596 2696 4661 nullo
2752 4606 2976 4662 nostro
3032 4606 3297 4680 peccato
3316 4648 3331 4676 ‚
3392 4618 3593 4681 quum
3650 4607 3873 4662 sancte
3930 4596 4174 4668 versati

2221 4681 2541 4747 fuerimus
2595 4682 2669 4746 16
2722 4682 3175 4765 prospiciendo
3220 4683 3523 4764 ecclesiis.
3624 4682 3810 4747 Haec
3864 4689 3930 4745 et
3982 4681 4175 4764 plura

2224 4767 2559 4833 afferimus
2601 4768 2847 4832 nostris
2893 4768 3190 4849 delectis,
3249 4777 3315 4834 et
3368 4769 3771 4836 obtestamur
3826 4767 3905 4832 ob
3950 4767 4174 4833 Chris-

2221 4862 2385 4932 tum,
2429 4875 2630 4937 quum
2672 4854 2956 4919 iurarint
2997 4877 3069 4920 se
3111 4855 3384 4922 verbum
3426 4855 3698 4920 Domini
3752 4853 4058 4934 tuituros,
4106 4861 4175 4919 et

2427 5107 2489 5175 4)
2530 5111 2591 5164 Is
2626 5111 2899 5166 incidebat
2933 5111 2994 5165 in
3028 5111 3292 5166 decimum
3327 5117 3378 5165 et
3411 5110 3672 5164 decimum
3707 5113 3990 5179 sepianum
4025 5126 4170 5164 men-

2220 5180 2299 5231 sis
2335 5178 2655 5235 Februarii.
2746 5178 2985 5249 Quorum
3028 5180 3185 5247 prior
3233 5195 3411 5233 rerum
3460 5180 3622 5234 seriei
3661 5181 3841 5248 maffia
3885 5183 4173 5235 convenire

2219 5248 2450 5302 videtur.
2532 5248 2667 5302 Pam
2703 5251 2839 5303 enim
2877 5248 3153 5303 dominica
3194 5248 3308 5314 fuit
3342 5248 3614 5316 postridie
3647 5247 3868 5317 Iduum,
3902 5256 3954 5304 et
3994 5247 4171 5304 Calvi-

2218 5317 2615 5441 fvm‘zg‘icmm
2647 5319 2759 5372 iam
2795 5333 2830 5371 a
2868 5316 3092 5372 Farello
3139 5317 3336 5372 certior
3376 5316 3563 5382 factm
3605 5319 3899 5373 rescribere
3941 5324 4169 5387 poterae.
