4825 6175
199 437 309 502 5³⁷

1076 617 1223 691 017.

551 829 554 834 .
642 771 1188 844 GARNERIUS
1233 770 1666 847 OALVINO.

357 944 797 1014 Romami
853 965 1138 1013 rumores
1193 947 1270 1012 de
1311 945 1463 1012 bello
1498 947 1873 1031 yemanieo.
1967 943 2129 1013 Gon-

195 1034 446 1100 ditiones
476 1034 745 1115 foederis
764 1032 1318 1117 Arqentoratenses
1343 1033 1507 1098 inter
1541 1037 1599 1097 et
1637 1032 1969 1100 Caesareo·
1999 1034 2127 1100 icti.

488 1204 597 1271 (Ex
632 1206 965 1275 autographo
993 1203 1129 1268 5306.
1167 1204 1405 1260 Gothani
1438 1202 1559 1270 405,
1597 1204 1689 1258 sol.
1725 1202 1836 1272 98.)

194 1393 519 1460 Generoso
579 1394 720 1459 viro
799 1393 1168 1476 pietateque
1237 1391 1682 1459 illustrissimo
1740 1393 1825 1458 D.
1892 1391 2131 1459 Ioanni

351 1478 636 1545 Calvino
677 1476 943 1544 domino
986 1499 1106 1544 suo
1149 1498 1408 1562 semper
1449 1477 1854 1631 cogrgtllssvae

350 1700 422 1767 S.
468 1701 547 1766 P.
614 1701 863 1767 Literis
904 1700 1069 1767 meis
1111 1699 1556 1786 superioribus
1581 1702 1631 1786 ¹)
1675 1700 1868 1785 plane
1906 1701 1986 1766 de
2029 1709 2130 1767 to·

187 1788 311 1853 tius
353 1796 616 1853 nostrae
659 1786 1185 1873 congregationis
1229 1796 1408 1852 statu
1463 1800 1528 1852 te
1582 1788 1931 1853 certiorem
1986 1787 2131 1865 feci,

187 1875 252 1938 in
307 1871 575 1939 Christo
637 1871 995 1939 reverende
1059 1881 1246 1956 pater
1261 1924 1277 1950 ,
1337 1873 1681 1938 obsecrans
1748 1879 1828 1938 ut
1880 1893 2133 1937 memor

187 1979 354 2032 esses
395 1958 609 2040 illius,
665 1970 799 2024 tam
859 1960 927 2023 in
985 1958 1122 2023 tuis
1175 1957 1349 2041 apud
1407 1957 1773 2024 Dominum
1827 1958 2132 2042 precibus

187 2066 371 2129 quam
415 2044 713 2129 scriptis,
774 2065 919 2110 eam
973 2043 1332 2123 monendo,
1393 2042 1819 2122 consolando,
1880 2044 2130 2110 instau-

185 2129 383 2197 rando
402 2182 418 2211 ,
478 2151 677 2213 quam
734 2130 890 2196 olim
945 2131 1206 2216 magnis
1260 2150 1411 2195 cum
1462 2129 1809 2197 sudoribus
1863 2129 2131 2197 Christo

184 2213 468 2284 Domino
512 2216 826 2301 genuisti:
876 2214 1050 2301 apud
1075 2238 1271 2300 quam
1312 2216 1511 2281 etiam
1556 2217 1915 2299 plurimum
1958 2217 2134 2283 valet

186 2311 295 2367 tua
351 2304 689 2368 autoritas.
778 2301 861 2369 Id
919 2310 1137 2368 autem
1195 2302 1374 2368 haud
1431 2301 1630 2368 dubio
1693 2302 1985 2369 facturus
2041 2323 2129 2382 es,

185 2409 375 2471 quum
447 2396 717 2472 propter
784 2410 905 2454 nos
967 2401 1109 2453 tum
1171 2396 1437 2472 propter
1491 2387 1831 2454 Christum
1885 2388 2129 2467 Iesum,

182 2495 297 2558 pro
339 2494 469 2556 quo
513 2473 839 2559 legatione
872 2473 1185 2558 fungeris,
1231 2495 1352 2540 nec
1387 2474 1742 2558 denegabis
1776 2474 2132 2540 labascenti

184 2559 488 2627 ecclesiae
542 2559 718 2643 quod
783 2561 1080 2626 nascenti
1144 2559 1304 2625 olim
1368 2559 1543 2625 ultro
1609 2559 1862 2626 dedisti.
1953 2559 2132 2642 Quid

184 2645 357 2711 aliud
401 2644 687 2711 scribam
742 2666 875 2711 non
933 2645 1172 2724 habeo,
1227 2654 1685 2729 praeterquam
1728 2644 1898 2729 quod
1941 2645 2133 2711 hodie

183 2730 398 2798 audivi
463 2755 503 2797 a
557 2732 642 2797 D.
699 2731 949 2798 Ioanne
1007 2730 1314 2812 SturmiO,
1374 2731 1697 2815 Braginos
1717 2733 1775 2808 ²)
1831 2733 2134 2798 videlicet

179 2838 487 2902 magnam
533 2817 880 2884 victoriam
923 2818 1368 2900 superioribus
1411 2817 1590 2883 hisce
1635 2817 1864 2884 diebus
1907 2827 2138 2884 contra

181 2901 536 2969 Caesarem
579 2902 958 2984 obtinuisse,
1004 2904 1305 2969 civitates
1350 2904 1544 2968 etiam
1591 2902 1990 2970 Germaniae
2029 2904 2133 2970 in-

181 2986 435 3055 ferioris
501 3011 640 3055 una
715 3011 864 3056 cum
942 2987 1266 3073 aliquibus
1341 2989 1746 3072 principibus
1821 3012 2136 3075 magnum

184 3075 546 3142 exercitum
589 3083 816 3142 contra
860 3074 1211 3143 Caesarem
1255 3074 1613 3160 collegisse,
1672 3098 1821 3142 cum
1866 3099 1995 3159 quo
2038 3076 2136 3142 illi

186 3161 445 3229 obviam
500 3162 779 3229 veniunt
840 3162 909 3227 in
983 3162 1248 3228 nomine
1300 3160 1590 3227 Domini.
1690 3162 1896 3245 quue
1955 3184 1995 3228 a
2050 3165 2134 3229 D.

181 3245 424 3314 Bucero
469 3259 538 3314 et
558 3248 646 3314 D.
694 3248 956 3314 doctore
982 3248 1166 3315 Petro
1187 3247 1482 3332 Martyre
1524 3245 1722 3313 hodie
1764 3250 1836 3313 in
1880 3248 2138 3332 publica

181 3331 457 3399 lectione
501 3335 961 3400 confirmatum
1004 3343 1120 3400 est.
1211 3332 1359 3415 Quo
1416 3335 1491 3399 fit
1544 3342 1620 3398 ut
1671 3355 2139 3419 cognoscamus

181 3415 399 3485 Deum
442 3426 606 3486 tunc
648 3421 938 3486 maxime
981 3420 1208 3486 adesse
1252 3441 1457 3503 quum
1516 3420 1739 3484 omnia
1795 3418 2139 3505 desperata

184 3504 599 3657 collapsassue
634 3504 958 3571 videntur.
1019 3504 1154 3572 Sed
1198 3506 1360 3572 haec
1383 3506 1604 3571 omnia
1647 3504 1888 3573 didices
1907 3508 1964 3591 ⁸)
1990 3506 2166 3571 lite-'

182 3589 570 3760 {ispi->innam
604 3677 727 3742 tibi
763 3698 1121 3744 narravero
1157 3676 1556 3744 conditiones
1592 3676 1870 3745 foederis
1904 3677 2137 3762 quibus

185 3764 353 3913 {fd
448 3773 611 3862 sunt
668 3763 1208 3863 ‘Argentinenses

291 3850 551 3934 emplar
592 3858 801 3935 1g1tur
844 3870 937 3916 sic
977 3850 1209 3916 habet:

519 3596 710 3658 aceri.
801 3590 1023 3672 Quare
1065 3592 1211 3656 istis
1253 3592 1500 3657 nostris
1543 3593 1739 3657 finem
1784 3593 2137 3676 imponam,

1300 3764 1511 3828 nostri
1598 3785 1747 3831 cum
1837 3763 2138 3831 Caesare.

191 4050 365 4133 Quid
408 4074 566 4121 cum
600 4055 1042 4122 subordinatis
1099 4054 1383 4122 civitatis
1425 4055 1838 4140 Argentinae
1881 4055 2144 4121 nomine

435 4148 507 4207 et
550 4140 808 4208 ratione
849 4141 1144 4207 eiusdem
1185 4142 1475 4208 civitatis
1517 4150 1736 4207 actum
1780 4142 1884 4206 sit.

355 4277 594 4344 Primo
638 4278 975 4362 procidere
1018 4277 1209 4345 debet
1250 4278 1332 4345 ad
1377 4278 1577 4363 pedes
1620 4285 1688 4344 et
1727 4277 1919 4344 flexis
1961 4280 2145 4363 geni·

191 4361 310 4429 bus
350 4363 553 4430 fateri
591 4364 963 4431 Romanam
1008 4365 1396 4432 Caesaream
1441 4365 1876 4441 Maiestatem,
1921 4386 2146 4430 eorum

192 4449 743 4531 gratiosissimum
779 4448 1116 4517 dominum
1135 4503 1151 4530 ,
1211 4473 1281 4518 se
1339 4450 1634 4537 graviter
1676 4447 2029 4517 offendisse
2081 4462 2148 4516 et

227 4738 357 4889 ⁹¹:⁷-
395 4740 463 4873 2))
495 4738 724 4866 §0323
749 4808 993 4892 ἄμωμα,
1027 4809 1126 4865 sed
1158 4810 1277 4864 sine
1310 4807 1475 4891 dubio
1510 4825 1547 4863 a
1574 4807 1750 4891 ‘Gall-o
1781 4810 1889 4863 isto
1920 4825 1987 4879 ρο
2060 4827 2144 4892 ,α’-

191 4874 356 4943 ρΙκαε
384 4894 736 4947 yet-mameae
768 4894 969 4949 tynam
1003 4885 1333 4948 corruptum·
1390 4877 1454 4932 Sc
1487 4876 1624 4948 quad
1654 4877 1898 4932 etaemus
1930 4895 1968 4932 a
2044 4885 2148 4933 wat

302 4947 541 5002 victoria
584 4964 750 5029 quam
807 4948 1234 5017 christophorus
1291 4946 1753 5016 Oldenburqmst‘s
1795 4952 1847 5001 et
1891 4946 2147 5002 Alba-tus

202 5011 632 5082 meldum
664 5017 731 5070 de
766 5015 940 5073 Erico
973 5015 1372 5072 ansvicevm'
1400 5020 1756 5084 reportarunt
1786 5014 1839 5069 d.
1878 5012 1958 5068 23.
1997 5015 2152 5071 Maii

201 5080 262 5164 ὀρ
294 5081 660 5164 βοοροῑεὸετρ
774 5102 872 5155 ope
920 5083 1405 5154 Drakenboraium
1449 5084 1527 5139 ad
1571 5084 1735 5139 Vism-
1784 5085 1796 5097 '
1846 5122 1860 5138 .
1938 5082 2149 5166 Quibus

201 5158 445 5209 amata
483 5101 935 5224 Maydffipum,
971 5154 1337 5222 Hammonis,
1380 5153 1586 5221 Brema
1621 5159 1672 5207 et
1831 5167 2027 5224 mvtqa
2052 5169 2146 5222 pe-

205 5287 663 5431 (Βῑείᾶ.3ξΙῙΜ22.
735 5291 934 5348 Banake
966 5292 1064 5348 IV.
1098 5289 1204 5346 419
1237 5292 1407 5363 seqq.)

203 5222 417 5277 amiam
452 5222 533 5277 ad
565 5223 968 5279 conducendum
1002 5226 1296 5278 exercitum
1311 5222 1676 5277 ammaricus
1709 5221 2146 5292 meditarent.
2251 5260 2296 5264 -A

1989 437 2152 498 1547
2196 430 2383 502 IUN.

4052 434 4180 500 538

2231 619 2568 686 Maiestati
2626 639 2782 686 suae
2842 620 3247 687 occasionem
3299 619 3769 706 indignationis
3824 629 4051 688 contra
4108 643 4181 689 se

2230 703 2513 784 dedisse,
2569 704 2844 791 proinde
2887 705 3303 772 Maiestatem
3358 727 3548 774 suam
3602 717 3677 772 ut
3730 706 4025 792 ignoscat
4076 729 4181 774 ro·
4260 767 4264 771 .

2231 811 2407 875 gare,
2451 801 2527 857 ut
2568 792 2841 875 recipiat
2881 811 2992 858 eos
3034 791 3108 856 in
3151 793 3449 877 gratiam.

2401 877 2609 944 Porro
2663 878 2931 942 omnino
2992 877 3329 963 resignare
3385 900 3459 944 ac
3514 877 3899 960 renunciare
3942 878 4182 946 debent

2230 963 2407 1028 omni
2453 963 3002 1029 confoederatioui
3045 970 3267 1029 contra
3295 962 3686 1030 Caesaream
3730 985 3913 1030 suam
3940 965 4179 1032 Maies-

2232 1055 2432 1113 tatem
2492 1047 2753 1114 habitao
2771 1101 2785 1125 ‚
2845 1067 2910 1113 et
2969 1049 3353 1132 praesertim
3414 1047 3995 1116 Smaschfaldiensi
4012 1053 4069 1127 ⁴)
4115 1058 4182 1117 et

2232 1135 2617 1216 promittere
2663 1146 2856 1217 atque
2901 1134 3193 1217 polliceri
3248 1134 3502 1201 nullam
3559 1136 3631 1201 in
3721 1143 4013 1200 osterum
4058 1136 4180 1201 hu-

2230 1219 2511 1285 iusmodi
2556 1222 2803 1284 ratione
2848 1220 2949 1285 vel
2997 1227 3340 1303 praetextu
3393 1242 3543 1287 cum
3600 1157 3753 1285 aliis
3798 1220 4179 1287 mortalibus

2233 1325 2306 1370 se
2360 1327 2644 1387 unquam
2705 1306 3000 1378 inituros,
3062 1307 3191 1371 nisi
3236 1306 3557 1372 Caesarea
3597 1307 3912 1373 Maiestas
3969 1309 4178 1371 nomi-

2233 1390 2440 1455 natim
2502 1391 2572 1454 in
2634 1412 2710 1453 ea
2766 1407 3037 1474 excepta
3093 1402 3160 1456 et
3218 1402 3556 1458 reservata
3602 1390 3817 1457 fuerit.
3908 1391 4015 1457 Ad
4058 1392 4181 1459 hoc

2231 1476 2567 1542 Maiestati
2615 1475 2972 1542 Caesareae
3026 1498 3096 1543 se
3153 1475 3523 1542 obedientes
3578 1478 3836 1543 futuros
3878 1488 3945 1542 et
3982 1480 4180 1543 mori-

2232 1583 2443 1646 geros,
2488 1572 2561 1626 ut
2607 1563 2771 1627 bene
2817 1563 3005 1630 decet
3060 1560 3350 1628 subditos
3401 1563 3647 1629 liberae
3689 1563 4046 1647 imperialis
4089 1563 4180 1631 ci-

2233 1648 2457 1713 vitatis
2500 1668 2657 1732 erga
2701 1669 2928 1713 eorum
2974 1645 3342 1714 Caesarem.

2404 1732 2671 1799 Debent
2704 1735 2903 1799 etiam
2938 1732 3376 1799 obedientiam
3418 1743 3751 1819 praestare
3794 1734 4029 1800 iudicio
4073 1754 4181 1801 ca-

2232 1840 2453 1885 merae
2495 1819 2886 1903 imperialis,
2942 1841 3136 1902 quam
3190 1840 3310 1884 sua
3351 1819 3665 1887 Maiestas
3717 1821 3785 1885 in
3832 1839 4015 1886 sacro
4058 1821 4181 1885 im-

2231 1904 2414 1987 perio
2458 1906 2686 1990 eriget,
2727 1913 2796 1971 et
2836 1905 3159 1988 deponere
3198 1906 3563 1990 portionem
3606 1927 3829 1972 eorum
3874 1927 3992 1989 pro
4037 1929 4182 1973 sus-

2233 1991 2592 2056 tentatione
2634 1991 2841 2074 ipsius
2885 2011 3200 2069 camerae,
3242 2013 3379 2057 una
3420 2012 3569 2056 cum
3612 1992 3756 2057 aliis
3800 1992 4093 2058 statibus.

2404 2077 2575 2141 Item
2621 2098 2849 2142 omnes
2893 2077 3185 2143 actiones
3220 2086 3333 2141 aut
3368 2079 3848 2155 conventiones,
3896 2086 3964 2142 et
4005 2078 4186 2161 quid-

2233 2159 2389 2244 quid
2426 2160 2676 2228 dissidii
2719 2184 2984 2229 causam
3019 2164 3333 2245 praebere
3366 2172 3603 2246 posset,
3643 2161 3813 2245 quod
3850 2162 3955 2228 vel
3992 2184 4185 2246 prop-

2235 2257 2339 2311 ter
2382 2261 2753 2331 susceptum
2800 2247 3048 2314 bellum
3098 2258 3212 2313 aut
3265 2249 3551 2332 aliquam
3611 2249 3809 2313 aliam
3863 2251 4183 2314 rationem

2234 2341 2454 2398 ortum
2499 2334 2587 2398 sit
2627 2334 2803 2399 inter
2825 2334 3347 2418 Argentinenses
3391 2343 3458 2400 et
3502 2335 3664 2399 alios
3707 2341 3934 2412 status,
3982 2333 4185 2417 quod-

2234 2440 2359 2502 que
2415 2421 2589 2484 inter
2646 2440 2716 2485 se
2774 2440 3158 2502 componere
3208 2441 3340 2485 non
3400 2421 3758 2502 potuerint,
3827 2440 3945 2503 per
3996 2442 4185 2485 suam

2235 2505 2654 2571 Maiestatem
2689 2503 3026 2571 decidetur
3061 2514 3130 2570 et
3163 2505 3645 2584 terminabitur,
3689 2512 3803 2569 aut
3825 2506 4185 2571 secundum

2234 2591 2386 2656 iura
2429 2611 2724 2657 camerae
2766 2590 3125 2674 imperialis
3168 2589 3547 2670 definietur,
3608 2598 3675 2656 et
3716 2590 4029 2674 quidquid
4074 2590 4186 2657 de-

2235 2676 2445 2743 cisum
2491 2686 2557 2741 et
2601 2677 2940 2743 definitum
2986 2676 3198 2754 fuerit,
3254 2676 3642 2760 promittent
3683 2697 3751 2742 se
3794 2676 4185 2742 inviolabili-

2235 2771 2339 2828 ter
2380 2763 2860 2829 observaturos.
2928 2763 3067 2828 Nec
3109 2761 3321 2844 placet
3343 2762 3673 2828 Maiestati
3697 2783 3852 2828 suae
3894 2771 3969 2827 ut
4012 2762 4188 2827 dein-

2237 2870 2390 2931 ceps
2447 2850 2785 2932 quisquam
2846 2849 3133 2914 cuiusvis
3201 2855 3415 2914 status
3477 2847 3853 2914 huiusmodi
3913 2848 4188 2915 actionis

2239 2945 2358 3000 aut
2411 2934 2895 3000 controversiae
2952 2942 3301 3017 praetextu
3354 2933 3487 2999 ullo
3545 2931 3736 2998 modo
3793 2942 4020 2999 contra
4078 2954 4188 2999 eos

2239 3031 2353 3086 aut
2395 3042 2621 3085 eorum
2665 3019 2959 3086 subditos
3004 3019 3107 3084 vel
3152 3041 3377 3084 eorum
3419 3020 3591 3085 bona
3625 3028 3796 3104 agat.
3862 3019 4007 3085 Imo
4049 3019 4189 3103 pla-

2240 3116 2341 3173 cet
2383 3107 2801 3172 Maiestatem
2853 3127 3041 3173 suam
3098 3105 3232 3171 illis
3409 3104 3834 3172 tiosissimam
3876 3106 4189 3172 exhibere

2240 3201 2307 3258 et
2328 3194 2424 3257 eis
2458 3192 2682 3258 favere
2717 3200 3039 3275 quantum
3073 3191 3314 3276 possibi
3342 3213 3380 3257 e
3414 3199 3531 3271 est,
3567 3190 3838 3275 vultque
3874 3199 3948 3255 ut
3983 3193 4191 3257 amice

2239 3287 2716 3360 componantur
2760 3298 3185 3362 quaecunque
3225 3276 3494 3344 dissidia
3538 3297 3621 3342 ex
3664 3276 3789 3344 hoc
3833 3275 4000 3342 bello
4045 3298 4190 3342 sus-

2239 3371 2429 3446 cepto
2472 3372 2616 3429 orta
2660 3384 2800 3429 esse
2844 3373 3129 3447 possent,
3173 3371 3290 3428 aut
3330 3370 3561 3429 contra
3603 3383 3712 3428 eos
3753 3363 3821 3427 in
3857 3371 4193 3445 posterum

2239 3449 2387 3533 quis
2430 3452 2760 3515 intentare
2802 3449 3003 3516 vellet
3017 3499 3033 3530 ,
3089 3457 3282 3532 atque
3333 3448 3577 3515 iudicio
3635 3468 3932 3514 camerae
3986 3448 4193 3533 impe-

2239 3535 2442 3614 rialis,
2486 3557 2683 3619 quam
2727 3557 2851 3602 sua
2891 3535 3208 3601 Maiestas
3261 3537 3333 3599 in
3391 3555 3577 3601 sacro
3619 3533 3898 3617 imperio
3942 3535 4195 3618 erigere

2241 3623 2492 3698 statuit,
2531 3621 2981 3688 committetur
3016 3618 3254 3686 decisio
3305 3619 3681 3698 huiusmodi
3716 3618 4195 3686 controversia-

2241 3730 2412 3786 rum,
2459 3707 2736 3773 sublatis
2779 3709 2850 3772 in
2894 3706 3018 3772 hoc
3072 3705 3209 3771 solo
3267 3725 3425 3771 casu
3480 3704 3779 3771 omnibus
3828 3705 4195 3790 privilegiis

2244 3804 2310 3859 et
2348 3793 2896 3872 ordinationibus,
2952 3812 3119 3875 quae
3175 3793 3245 3855 in
3290 3792 3690 3858 contrarium
3735 3790 4009 3875 allegari
4052 3810 4198 3874 pos-

2245 3887 2412 3944 sent.
2502 3878 2588 3943 In
2631 3878 2778 3944 aliis
2822 3889 3045 3943 autem
3104 3877 3318 3943 causis
3361 3875 3695 3941 ordinaria
3737 3877 3847 3942 via
3888 3873 4196 3960 procede-

2247 3973 2373 4045 tur,
2418 3974 2751 4031 reservato
2792 3963 2934 4031 loco
2979 3962 3197 4029 debito
3237 3961 3501 4028 cuilibet
3544 3982 3800 4028 causae.

2415 4050 2826 4115 Promittant
2866 4049 3064 4115 etiam
3126 4071 3197 4115 se
3240 4048 3599 4114 Caesareae
3644 4057 3714 4113 et
3754 4048 4005 4132 Regiae
4049 4047 4198 4112 Ma-

2245 4137 2500 4202 iestatis
2541 4135 2859 4213 inimicos,
2905 4143 3020 4200 aut
3063 4156 3175 4201 eos
3218 4135 3330 4217 qui
3373 4141 3532 4199 sunt
3562 4132 3828 4199 illorum
3874 4133 4194 4212 factionis,

2248 4242 2460 4305 neque
2516 4242 2693 4287 nunc
2750 4219 3059 4304 quamdiu
3117 4220 3243 4286 hoc
3300 4218 3547 4285 bellum
3604 4218 3894 4299 durabit,
3950 4240 4071 4286 nec
4124 4220 4196 4283 in

2248 4316 2585 4391 posterum
2632 4306 2964 4372 ullatenus
3003 4305 3272 4371 laturos.

2422 4393 2594 4458 Item
2635 4413 2707 4458 se
2748 4391 3144 4458 inhibituros
3178 4390 3486 4457 omnibus
3523 4398 3591 4456 et
3631 4389 3907 4456 subditis
3949 4409 4195 4467 eorum,

2250 4501 2334 4546 ne
2377 4478 2738 4545 Caesareae
2773 4488 2843 4545 et
2874 4478 2978 4544 Re
3029 4479 3126 4543 ‘ae
3158 4476 3528 4543 Maiestatis
3559 4476 3844 4542 inimicis
3885 4475 4197 4554 serviant,

2248 4566 2322 4630 in
2367 4565 2736 4631 Germania
2776 4573 2893 4629 aut
2948 4500 3100 4630 »ffi'bi
3115 4612 3133 4643 ,
3190 4571 3258 4628 et
3309 4561 3455 4627 aliis
3508 4561 3577 4627 id
3632 4558 4197 4658 praesumentibus

2249 4652 2605 4716 transitum
2651 4671 2783 4715 non
2841 4649 3271 4734 permissuros
3285 4699 3301 4729 ,
3358 4654 3425 4713 et
3481 4650 3537 4713 si
3593 4648 3705 4730 qui
3747 4667 3977 4712 eorum
4018 4665 4198 4710 cives

2248 4746 2368 4803 aut
2424 4734 2668 4803 subditi
2731 4736 2855 4802 hoc
2919 4734 3398 4813 commiserint,
3464 4755 3535 4799 se
3585 4733 3759 4799 bona
3821 4729 3951 4796 fide
4006 4728 4199 4796 modo

2247 4823 2663 4891 convenienti
2702 4822 3066 4906 punituros,
4012 4880 4017 4891 ,

2424 4909 2767 4973 Praeterea
2840 4905 3166 4989 recipiunt
3226 4906 3596 4971 iuramento
3611 4953 3627 4984 ,
3702 4924 3773 4970 se
3839 4901 4201 4969 Caesareae

2246 4994 2603 5073 Maiestati,
2648 5002 2724 5059 ut
2766 4993 2951 5059 decet
2992 4991 3268 5058 liberam
3320 4989 3657 5057 civitatem
3710 4991 3881 5055 sacri
3922 4988 4200 5071 imperii,

2247 5082 2506 5146 futuros
2549 5078 2776 5146 fideles
2820 5087 3019 5163 atque
3059 5078 3347 5143 fautores
3364 5126 3379 5154 ,
3439 5095 3760 5159 omneque
3800 5073 3871 5139 id
3914 5073 4202 5141 facturos

2349 5255 2657 5263 --.--—-.---—.·-

2455 5353 2518 5423 4)
2549 5356 2646 5411 κο.
