4825 6175
687 438 814 503 283

685 644 793 691 me
857 622 1141 687 nuncius
1204 619 1558 686 fefellisset.
1649 619 1903 685 Verum
1982 619 2156 686 ultro
2222 640 2332 686 eos
2397 619 2641 685 audere

686 708 958 776 confido.

861 794 920 860 N
924 813 1053 858 une
1095 792 1287 858 venio
1332 791 1417 857 ad
1461 798 1680 857 vestra
1733 792 2110 857 certamina.
2202 788 2278 856 Si
2322 789 2479 872 quid
2523 788 2638 856 ad-

687 880 819 946 huc
869 879 1206 945 molestiae
1257 877 1445 943 vobis
1496 877 1779 960 improbi
1835 878 2160 943 facessant
2213 898 2418 959 quum
2473 877 2639 944 istae

686 967 916 1033 literae
969 965 1270 1042 venient,
1324 963 1608 1029 breviter
1661 962 2037 1046 complexus
2101 984 2248 1027 sum
2315 982 2638 1045 quaenam

688 1051 926 1137 agendi
969 1051 1137 1116 ratio
1182 1048 1346 1114 mihi
1391 1049 1658 1133 placeat.
1677 1052 1737 1123 ⁴)
1818 1047 2037 1114 Velim
2084 1057 2305 1113 autem
2349 1049 2634 1130 primum

687 1138 800 1223 agi
837 1137 990 1201 viva
1019 1157 1197 1213 voce,
1244 1133 1479 1201 deinde
1524 1134 1645 1199 hoc
1689 1135 2003 1218 scriptum
2049 1145 2162 1199 aut
2198 1134 2410 1198 simile
2448 1133 2634 1198 tradi.

688 1222 1016 1290 Ridebitis
1075 1223 1246 1287 forte
1309 1218 1480 1303 quod
1544 1219 1713 1285 nihil
1777 1221 1904 1285 nisi
1962 1220 2239 1304 vulgare
2291 1220 2636 1301 proferam,

689 1331 890 1393 quum
935 1330 975 1373 a
1017 1329 1124 1372 me
1167 1304 1577 1372 reconditum
1635 1305 1879 1389 aliquid
1926 1316 1994 1371 et
2036 1305 2310 1371 sublime
2369 1324 2636 1387 exspec-

691 1395 1008 1463 taveritis.
1068 1396 1161 1459 At
1193 1413 1313 1476 ego
1349 1414 1454 1457 me
1491 1401 1712 1457 vestra
1746 1393 2050 1474 opinione
2093 1390 2414 1473 obstringi
2457 1390 2636 1455 nolo:

690 1502 904 1564 neque
949 1479 1148 1546 etiam
1191 1499 1470 1561 aequum
1515 1487 1631 1543 est.
1686 1478 1894 1543 Malui
1935 1486 2151 1542 tamen
2189 1478 2453 1557 ineptus
2498 1496 2639 1540 esse

692 1569 787 1633 ita
842 1565 1180 1633 scribendo
1232 1585 1430 1646 quam
1499 1563 1773 1628 tacendo
1826 1564 2232 1627 committere
2284 1569 2362 1626 ut
2413 1582 2638 1643 preces

693 1662 951 1720 vestras
995 1672 1036 1716 a
1077 1673 1182 1716 me
1225 1650 1557 1734 neglectas
1615 1652 1955 1731 putaretis.
2046 1648 2124 1713 Si
2167 1647 2530 1712 rationibus
2574 1656 2640 1712 et

692 1739 819 1804 hac
873 1737 1167 1822 legitima
1212 1737 1318 1803 via
1374 1735 1538 1800 nihil
1595 1734 1797 1799 fuerit
1851 1735 2188 1813 effectum,
2243 1733 2412 1798 clam
2466 1731 2640 1815 apud

694 1825 1019 1891 Bernates
1074 1822 1402 1906 agendum
1455 1822 1581 1885 erit
1634 1842 1716 1885 ne
1760 1821 1965 1885 feram
2011 1819 2191 1885 illam
2207 1818 2265 1903 ὁ)
2310 1841 2393 1883 ex
2437 1839 2641 1884 cavea

696 1910 1022 1975 emittant.
1110 1910 1212 1974 De
1266 1907 1530 1973 foedere
1586 1928 1719 1972 non
1774 1907 1932 1970 satis
1990 1926 2295 1987 assequor
2348 1914 2639 1968 mentem

697 2008 876 2062 tuam
897 2047 911 2072 ,
954 1995 1085 2059 nisi
1126 1992 1298 2076 quod
1341 1996 1653 2078 suspicor,
1699 2014 1826 2075 quo
1871 1993 2191 2056 Boi-nates
2234 1990 2479 2055 auxilio
2523 2012 2639 2056 vo·

696 2082 798 2148 bis
832 2083 984 2157 sint,
1029 2089 1096 2144 te
1132 2079 1215 2145 ad
1255 2078 1543 2162 aliquam
1581 2079 2103 2146 coniunctionem
2146 2078 2435 2141 animum
2478 2075 2639 2140 adii-

698 2188 874 2235 cere:
941 2179 1016 2231 ut
1079 2164 1625 2249 quemadmodum
1702 2165 1848 2229 iure
1911 2164 2195 2228 civitatis
2271 2163 2639 2228 libertatem

697 2253 922 2338 populi
972 2261 1267 2328 tuentur,
1327 2252 1422 2315 ita
1477 2250 1752 2316 honesto
1812 2250 2030 2332 aliquo
2084 2248 2273 2313 titulo
2331 2256 2642 2311 tueantur

697 2340 1032 2405 ministros
1086 2341 1157 2402 in
1211 2337 1423 2403 officio
1479 2358 1614 2402 sue.
1704 2334 1781 2402 Si
1822 2335 1888 2401 id
1936 2346 2068 2412 est,
2128 2355 2260 2399 non
2316 2333 2639 2416 improbo:

698 2424 890 2490 modo
943 2423 1372 2489 memineritis
1428 2422 1511 2487 ad
1566 2422 1726 2488 haec
1781 2419 2299 2486 extraordinaria
2352 2418 2642 2484 remedia

700 2519 859 2577 tunc
900 2510 1162 2576 demum
1206 2530 1347 2575 esse
1390 2508 1895 2591 confugiendum
1954 2507 2064 2572 ubi
2103 2506 2370 2571 ultimae
2419 2524 2642 2570 neces-

699 2597 912 2663 sitatis
969 2607 1069 2662 est
1121 2595 1474 2662 excusatio.
1566 2592 1851 2667 Deinde,
1911 2604 1980 2657 ut
2027 2613 2251 2657 omnes
2306 2592 2643 2657 cautiones

701 2682 1066 2748 adhibeatis
1110 2703 1192 2747 ne
1235 2679 1389 2765 quid
1448 2682 1516 2742 in
1560 2689 1893 2762 posterum
1942 2679 2123 2744 vobis
2169 2686 2399 2744 noceat
2443 2677 2643 2743 semel

697 2768 899 2834 fuisse
952 2768 1243 2845 adiutos,
1289 2788 1365 2833 ac
1407 2765 1727 2851 pactionis
1779 2786 1954 2830 nunc
2010 2772 2379 2829 transactae
2432 2764 2644 2847 magis

697 2875 816 2920 vos
859 2854 1187 2937 poeniteat
1228 2875 1425 2936 quam
1469 2852 1783 2935 pristinae
1826 2850 2181 2915 servitutis.
2249 2849 2646 2915 Marcurtius

698 2949 876 3006 certe
918 2941 1051 3004 iam
1094 2938 1311 3006 locum
1346 2936 1472 3003 sibi
1507 2934 1867 3020 despondit.
1925 2936 2242 3001 Fratrum
2279 2937 2451 3000 enim
2489 2956 2643 3001 con-

700 3045 971 3092 sensum
1013 3024 1180 3090 nihil
1215 3045 1287 3090 se
1321 3024 1564 3089 morari
1607 3023 1953 3106 praedicat,
1997 3021 2151 3106 quia
2183 3042 2225 3086 a
2257 3042 2365 3085 ma
2414 3022 2645 3085 'stratu

700 3120 768 3176 et
827 3111 1070 3196 populo
1135 3117 1496 3193 expetatur.
1587 3110 1725 3175 Nec
1785 3110 2064 3174 fremere
2118 3108 2188 3173 in
2246 3115 2310 3173 te
2366 3043 2640 3172 gbbitat.

698 3195 1034 3280 Denique,
1093 3218 1297 3279 quum
1354 3205 1505 3263 ante
1573 3202 1831 3279 tempus
1896 3194 2216 3259 malitiam
2283 3195 2486 3259 animi
2542 3194 2644 3260 sui

597 3342 604 3348 .
698 3283 951 3366 prodat,
997 3282 1318 3349 machinis
1360 3281 1662 3347 omnibus
1704 3280 2116 3364 repellendus
2151 3287 2270 3359 est,
2315 3301 2400 3344 ne
2436 3300 2644 3345 emer-

700 3378 815 3454 gat
853 3371 920 3433 in
965 3369 1181 3433 locum
1224 3366 1398 3433 unde
1442 3368 1698 3432 efficere
1741 3366 1914 3450 quod
1959 3366 2249 3431 minatur
2291 3367 2512 3449 possit.

869 3452 976 3519 De
1017 3454 1128 3532 iis,
1172 3454 1288 3536 qui
1330 3452 1453 3518 sub
1496 3451 1806 3536 praesidii
1849 3453 2063 3536 specie
2107 3460 2487 3534 perpetuam
2529 3451 2643 3518 do-

697 3539 1083 3605 minationis
1150 3539 1373 3605 sedem
1438 3540 1640 3623 figere
1709 3539 1815 3604 hic
1876 3536 2280 3690 volebant,‘3
2345 3559 2643 3604 rumores

699 3626 992 3692 sinamus
1043 3627 1114 3689 in
1167 3632 1513 3707 utramque
1582 3635 1830 3706 partem
1898 3646 1940 3688 v
2283 3624 2526 3689 iviliter
2580 3633 2645 3689 et

699 3710 954 3795 placide
996 3732 1334 3778 occursum
1380 3722 1480 3776 est
1523 3731 1749 3776 eorum
1793 3710 1976 3792 impu
2022 3710 2252 3788 entiae,
2297 3712 2391 3774 ita
2426 3719 2499 3774 ut
2533 3731 2642 3776 eos

701 3798 803 3862 sui
849 3799 1072 3880 pigere
1108 3795 1357 3863 debeat.
1435 3796 1646 3880 Spero
1690 3797 2042 3879 quieturos.
2114 3795 2391 3875 Nostris,
2435 3818 2639 3879 quan-

700 3889 842 3948 tum
889 3904 1172 3965 possum,
1217 3883 1460 3949 suadeo
1502 3890 1578 3946 ut
1622 3882 1834 3947 securi
1875 3881 2218 3946 dormiant.

877 3966 1164 4035 Servetue
1177 3971 1233 4045 ⁷)
1290 3989 1499 4050 nuper
1553 3966 1635 4031 ad
1691 3988 1798 4031 me
1853 3968 2114 4050 scripsit
2157 3987 2234 4032 ac
2274 3967 2485 4033 literis
2528 3968 2641 4033 ad-

699 4054 921 4119 iunxit
987 4054 1260 4139 longum
1324 4054 1633 4120 volumen
1697 4074 1964 4118 suorum
2044 4050 2422 4118 deliriorum
2490 4075 2642 4119 cum

700 4137 1076 4205 thrasonioa
1131 4142 1469 4215 iactantia,
1526 4159 1632 4202 me
1688 4138 2011 4221 stupenda
2063 4148 2130 4203 et
2172 4139 2489 4204 hactenus
2543 4141 2641 4204 in-

699 4225 927 4291 audita
963 4227 1279 4292 visurum.
1362 4223 1439 4290 Si
1481 4224 1649 4288 mihi
1689 4225 1961 4307 placeat,
2007 4224 2135 4289 huc
2178 4245 2248 4288 se
2291 4238 2642 4291 venturum

700 4313 948 4393 recipit.
993 4309 1129 4377 Sed
1173 4311 1321 4376 nolo
1363 4309 1558 4375 fidem
1602 4332 1815 4375 meam
1857 4312 2294 4392 interponere.
2367 4312 2541 4377 Nam
2586 4312 2642 4376 si

701 4398 988 4475 venerit,
1048 4396 1238 4463 modo
1294 4397 1515 4461 valeat
1569 4417 1715 4460 mea
1770 4396 2115 4474 autoritas,
2178 4398 2402 4462 vivum
2463 4398 2642 4462 exire

701 4503 1036 4566 nunquam
1082 4484 1307 4564 patiar.

905 4669 966 4733 4)
1001 4669 1136 4724 Vide
1167 4668 1539 4724 documentum
1564 4672 1818 4738 proxime
1850 4684 2089 4740 sequens.

906 4737 966 4802 5)
1006 4738 1392 4793 Mau-curtium.

905 4806 965 4873 6)
1010 4807 1082 4861 Ν.
1119 4805 1248 4871 750,
1283 4813 1394 4861 not.
1431 4806 1523 4874 12,
1567 4812 1620 4860 et
1653 4804 1771 4874 757,
1820 4813 1928 4861 not.
1965 4807 2016 4861 8.
2087 4808 2300 4877 Anqlus
2351 4808 2482 4863 haec
2533 4825 2643 4862 non

693 4875 1004 4997 *intelligettis
1037 4878 1224 4930 vertit.-
1262 4876 1381 4928 that
1414 4892 1497 4929 we
1523 4893 1668 4929 were
1704 4877 2060 4946 establishing
2092 4878 2222 4931 here
2258 4896 2290 4930 a
2325 4883 2644 4945 permanent

702 4948 823 5000 seat
855 4960 888 4998 o
981 4961 1038 4997 es
1113 4944 1254 4997 tism.

908 5010 967 5073 7)
1092 5012 1196 5067 lsec
1224 5013 1350 5067 Vita
1388 5011 1618 5067 Calvina
1671 5012 1851 5068 Coton.
1876 5010 2025 5067 1580.
2057 5031 2112 5081 p.
2132 5012 2232 5068 25:
2269 5014 2354 5067 Ex
2389 5013 2493 5067 hoc
2525 5016 2644 5068 loco

705 5081 975 5150 (Vienna)
1012 5082 1081 5135 ad
1116 5081 1398 5135 Calvinum
1435 5080 1686 5135 Genevae
1721 5092 2141 5137 commorantem
2186 5083 2374 5135 literas
2409 5084 2645 5153 scripsit,

706 5155 762 5204 et
796 5167 900 5204 una
934 5151 1132 5204 librum
1185 5168 1346 5204 manu
1398 5150 1729 5220 descriptum
1781 5167 1900 5204 cum
1960 5151 2189 5219 triginta
2240 5152 2484 5221 epistolis
2530 5152 2641 5205 suis

704 5219 869 5286 misit,
905 5220 960 5273 in
998 5220 1193 5289 quibus
1229 5219 1509 5273 Calvinum
1549 5220 1616 5273 de
1652 5220 1951 5285 erroribus,
2030 5237 2126 5274 uos
2161 5237 2230 5274 ex
2265 5222 2380 5274 eius
2414 5221 2484 5274 de
2519 5222 2642 5275 doo-

703 5288 850 5341 trina
895 5288 1190 5342 christiana
1239 5289 1640 5342 institutionum
1688 5289 1808 5343 aliis
1848 5306 1915 5342 ue
1963 5290 2000 5343 li
2043 5290 2120 5344 ris
2166 5290 2487 5359 collegerat,
2523 5307 2643 5343 cnm

704 5372 814 5411 non
844 5356 953 5411 levi
989 5356 1104 5410 eius
1139 5363 1196 5410 et
1231 5358 1375 5426 quod
1417 5358 1776 5427 profitebatur
1860 5359 2090 5427 ogmatis
2133 5364 2263 5412 nota
2298 5358 2640 5413 admonebat.

2234 429 2761 523 nrlsmonffl
2808 436 3145 498 767-768

4548 445 4641 509 284

2913 620 3056 684 Iam
3116 620 3323 703 elapsi
3378 629 3535 686 sunt
3590 621 3766 688 ultra
3819 622 4192 706 quindecim
4245 626 4385 693 dies
4431 648 4512 693 ex
4546 650 4643 714 quo

2744 704 3133 771 cartularius
3151 705 3210 790 3)
3276 707 3347 771 in
3413 726 3671 772 carcere
3751 718 4011 775 tenetur
4027 762 4041 789 ,
4108 722 4452 795 propterea
4510 716 4644 798 quod

2743 797 2929 856 tanta
2984 791 3316 874 protervia
3370 791 3542 857 domi
3587 815 3742 859 suae
3785 796 3959 861 inter
4002 797 4408 863 coenandum
4452 797 4644 867 adver-

2743 897 2889 943 sum
2934 897 3040 941 me
3085 875 3519 945 debacchatus
3562 886 3678 956 est,
3724 890 3801 945 ut
3835 891 4090 946 constet
4123 903 4259 947 non
4291 884 4492 950 fuisse
4524 898 4647 954 tunc

2742 963 2980 1028 mentis
3017 971 3399 1045 compotem.
3461 965 3609 1048 Ego
3646 965 4136 1033 dissimulanter
4171 969 4311 1047 tuli,
4349 970 4479 1036 nisi
4510 972 4649 1054 quod

2742 1057 3020 1114 testatus
3084 1069 3233 1114 sum
3296 1049 3618 1116 iudicibus
3694 1050 3860 1116 mihi
3936 1073 4344 1137 nequaquam
4420 1070 4650 1139 gratum

2740 1134 2907 1211 fore,
2967 1135 3023 1198 si
3077 1155 3225 1199 cum
3281 1155 3356 1199 eo
3412 1156 3667 1201 summo
3724 1138 3867 1201 iure
3912 1150 4201 1222 agerent.
4288 1140 4490 1206 Volui
4529 1164 4652 1208 eum

2741 1218 3044 1284 invisere.
3134 1217 3421 1284 Senatus
3487 1221 3744 1286 decreto
3823 1222 4193 1306 prohibitus
4257 1226 4388 1290 fuit
4450 1226 4650 1294 aditus.

2740 1305 2834 1369 Et
2875 1310 3097 1369 tamen
3157 1304 3311 1370 boni
3363 1306 3628 1388 quidam
3672 1308 3801 1371 viri
3843 1309 4089 1375 scilicet
4130 1331 4235 1375 me
4280 1311 4655 1378 crudelitatis

2742 1390 3157 1468 insimulant,
3225 1389 3396 1473 quod
3460 1401 3596 1456 tam
3674 1394 4101 1475 pertinaciter
4163 1416 4345 1461 meas
4407 1398 4656 1464 iniurias

2743 1475 3033 1541 ulciscar.
3128 1477 3418 1559 Rogatus
3475 1499 3622 1542 sum
3666 1480 3746 1545 ab
3792 1481 3936 1544 eius
3991 1482 4217 1548 amicis
4259 1492 4335 1547 ut
4376 1482 4654 1566 deprem-

2741 1562 2905 1627 toris
2950 1572 3171 1643 partes
3215 1564 3632 1645 susciperem.
3699 1565 4063 1631 Facturum
4107 1588 4213 1633 me
4254 1570 4511 1651 negavi,
4552 1570 4659 1634 nisi

2741 1647 2847 1711 his
2906 1645 3156 1711 duabus
3207 1649 3723 1730 exceptionibus,
3784 1671 3869 1715 ne
3929 1673 4059 1734 qua
4114 1654 4398 1735 suspicio
4454 1655 4520 1719 in
4574 1676 4659 1720 me

2741 1732 3058 1797 resideret
3113 1743 3307 1815 atque
3361 1744 3437 1799 ut
3490 1734 3739 1801 Christi
3814 1736 4025 1803 honor
4083 1748 4385 1805 maneret
4440 1741 4659 1805 salvus„

2742 1819 2888 1883 Iam
2932 1818 3276 1883 defunctus
3319 1841 3485 1884 sum.
3546 1822 3877 1906 Exspecto
3912 1822 4070 1905 quid
4094 1832 4363 1890 senatus
4389 1846 4660 1909 pronun·

2742 1905 2887 1970 ciet.
2979 1904 3177 1982 Vale,
3222 1905 3426 1971 frater
3467 1917 3537 1971 et
3579 1909 3787 1975 amice
3829 1910 4266 1992 integerrime,
4310 1913 4466 1976 cu‘m
4509 1932 4662 1976 soro·

2742 1990 2942 2055 ribus.
3022 1990 3246 2054 Nostri
3290 2011 3518 2056 omnes
3563 2013 3678 2059 vos
3720 1990 4026 2059 saluta‘nt.
4115 1994 4468 2062 Fratribus
4510 1997 4663 2062 dices

2741 2076 3092 2159 plurimam
3156 2076 3434 2141 salutem
3499 2098 3642 2142 meo
3699 2089 3765 2144 et
3821 2092 4334 2164 symmystarum
4399 2084 4663 2148 nomine.

2744 2162 3067 2227 Dominus
3111 2161 3296 2227 vobis
3348 2183 3604 2247 semper
3648 2186 3725 2230 ac
3769 2166 4002 2230 vestris
4058 2169 4300 2233 sanctis
4353 2167 4666 2234 laboribus

2743 2248 3100 2313 benedicat.
3191 2248 3502 2313 Genevae
3546 2249 3736 2317 eidib.
3783 2251 4100 2316 Februar.
4158 2258 4332 2317 1546.

3591 2387 3860 2454 Ioannis
3906 2388 4222 2453 Calvinus
4265 2394 4440 2454 tuus.
4466 2392 4520 2466 ⁹)

2947 2607 3007 2671 8)
3046 2608 3233 2661 Pierre
3270 2612 3510 2661 Ameaux
3558 2611 3758 2663 cartier
3790 2627 3833 2664 c.
3872 2614 3905 2667 a
3939 2613 3990 2667 d.
4025 2611 4297 2665 fabricant
4337 2610 4411 2664 de
4446 2617 4619 2663 cartes
4647 2609 4674 2661 a
4784 2596 4793 2615 ‘

2737 2674 2925 2745 jouer,
2974 2675 3041 2729 de
3088 2677 3310 2745 quinos,
3359 2677 3426 2730 de
3474 2677 3569 2730 des
3619 2687 3674 2731 ot
3720 2679 3953 2734 d'autres
4002 2681 4191 2749 engins
4225 2681 4294 2734 de
4332 2680 4433 2749 jeu
4483 2680 4615 2733 dont
4644 2678 4677 2731 ss

2743 2744 2919 2797 tenait
2953 2745 3229 2814 boutique.
3300 2746 3471 2799 Entre
3506 2762 3574 2799 au
3609 2748 3808 2801 conseil
3853 2749 3949 2803 des
3983 2750 4314 2803 Deux-cents
4351 2764 4424 2802 en
4465 2747 4620 2810 1530,
4648 2746 4675 2799 iz

2746 2814 2883 2866 celui
2919 2814 3016 2867 des
3038 2814 3291 2877 Soixante
3327 2830 3395 2867 en
3419 2811 3571 2883 1533,
3605 2834 3673 2869 au
3708 2819 3908 2872 conseil
3943 2818 4110 2873 d'etat
4130 2834 4200 2872 en
4227 2814 4377 2886 1535,
4414 2818 4459 2870 il
4494 2816 4676 2870 n’avait

2745 2898 2845 2950 pas
2879 2881 2965 2935 ete
3002 2882 3147 2936 reela
3181 2900 3284 2952 par
3317 2883 3368 2936 le
3405 2883 3548 2951 parti
3585 2885 3679 2953 qui
3714 2903 3949 2957 renvoya
3994 2888 4072 2941 les
4106 2887 4504 2940 reformateurs
4549 2886 4680 2939 fran-

2747 2950 2874 3018 ceis.
2944 2952 3104 3005 Enfin
3148 2969 3254 3004 aux
3302 2951 3560 3006 e'lections
3595 2955 3663 3006 de
3699 2953 3836 3009 1545
3869 2957 3908 3009 il
3942 2956 4028 3009 fut
4061 2955 4331 3025 reintegre'
4367 2972 4442 3008 au
4478 2953 4679 3009 Conseil

3353 3021 4142 3149 ..m
4367 3024 4566 3163 ‘a

2746 3158 2914 3222 ladie,
2960 3159 3000 3211 il
3046 3159 3198 3211 avait
3248 3159 3403 3213 renni
3437 3157 3470 3211 a
3504 3177 3702 3230 souper
3753 3134 3945 3231 qua’tre
3998 3163 4068 3216 de
4117 3179 4203 3216 ses
4256 3162 4411 3228 amis,
4462 3179 4534 3216 ou
4604 3159 4681 3213 u’il

2745 3228 2954 3297 croyait
2988 3230 3092 3281 tels
3129 3267 3142 3281 .
3182 3269 3193 3280 .
3230 3270 3241 3281 .
3280 3268 3293 3281 .
3342 3229 3420 3281 La
3453 3231 3830 3284 conversation
3866 3232 3985 3286 vint
4019 3229 4052 3285 ὀ
4086 3232 4270 3286 rouler
4304 3247 4401 3284 sur
4436 3231 4493 3284 le
4638 3246 4681 3282 ι·-

2744 3305 2973 3365 mutem,
3010 3303 3068 3350 et
3087 3297 3158 3350 A.
3184 3296 3421 3350 echauffe
3454 3313 3557 3367 par
3592 3299 3642 3352 le
3677 3299 3771 3352 vin
3805 3300 3985 3354 donna
4005 3317 4162 3355 cours
4188 3299 4222 3353 a
4242 3316 4329 3353 ses
4351 3300 4679 3354 sentimenta.

2744 3363 2854 3419 Des
2900 3365 2952 3419 le
2999 3365 3331 3429 lendemain,
3379 3365 3486 3420 l'un
3531 3367 3626 3421 des
3672 3370 3925 3423 convivas
3979 3370 4040 3424 P.
4079 3371 4288 3436 Verna,
4335 3371 4585 3423 membre
4616 3367 4679 3420 dn

2744 3433 2961 3498 conseil,
2990 3441 3252 3504 rapporta
3285 3451 3371 3488 ses
3395 3435 3610 3505 paroles
3634 3476 3647 3489 .
3667 3476 3680 3488 .
3702 3472 3715 3485 .
3741 3476 3753 3489 .
3778 3435 4019 3506 (Galiffe‚
4044 3437 4245 3494 Procas
4267 3437 4334 3492 de
4358 3437 4429 3493 P.
4443 3437 4684 3492 Ameana-v

2752 3501 2882 3556 Gen.
2924 3501 3073 3556 1863.
3120 3520 3173 3571 p.
3215 3501 3261 3556 7.
3297 3502 3408 3570 21.)
3481 3505 3561 3557 La
3607 3522 3842 3559 rancune
3889 3505 4042 3576 qu’A.
4090 3507 4346 3561 ressontit
4392 3513 4588 3561 contre
4631 3503 4679 3558 G.

2744 3570 3040 3641 s'explique
3074 3571 3463 3626 suffisamment
3494 3589 3596 3642 par
3631 3589 3692 3628 ce
3729 3591 3834 3644 que
3869 3576 4079 3629 celui-ci
4114 3575 4262 3629 avait
4296 3576 4469 3628 vonlu
4503 3576 4558 3628 le
4588 3573 4680 3626 for-

2745 3657 2836 3693 cer
2871 3638 2904 3694 a
2936 3640 3132 3705 garder
3167 3657 3303 3709 pour
3335 3642 3531 3695 femme
3564 3659 3670 3696 une
3702 3643 4020 3710 prostitues,
4057 3643 4248 3713 espece
4283 3645 4351 3698 de
4373 3645 4528 3710 folle,
4562 3643 4683 3696 dont

2743 3708 3088 3763 l'inoonduite
3134 3710 3281 3762 avait
3326 3709 3413 3763 ete'
3459 3710 3680 3764 afficbee
3726 3728 3932 3766 comme
3967 3712 4000 3766 a
4033 3713 4254 3767 dessein
4289 3714 4543 3782 pendant
4574 3711 4679 3781 plu·

2745 3777 2869 3831 d'un
2906 3796 2989 3830 an.
3024 3777 3272 3845 (Galiffe,
3307 3778 3437 3834 Not.
3471 3779 3589 3859 qen.
3625 3779 3723 3835 lv.
3759 3779 3906 3847 243.)
3953 3783 4071 3836 Lon
4107 3799 4141 3834 a
4174 3782 4377 3835 revelle
4416 3799 4529 3851 que
4562 3778 4682 3834 ledit

2746 3848 2813 3900 A.
2851 3865 2884 3900 a
2918 3847 3061 3900 diest
3095 3863 3200 3916 que
3236 3847 3307 3899 M.
3344 3847 3531 3901 Calvm
3578 3854 3759 3918 estoyt
3806 3851 4085 3904 meschant
4129 3851 4343 3904 homme
4380 3857 4442 3904 et
4477 3855 4681 3917 nestoyt

2745 3933 2850 3985 que
2885 3934 2957 3968 un
2995 3917 3179 3983 picard
3215 3921 3272 3969 et
3300 3917 3593 3997 proschoyt
3627 3918 3798 3971 saulce
3834 3919 4080 3972 doctrine
4084 3958 4237 3973 .....
4277 3918 4543 3973 Ordonne
4578 3916 4679 3985 quil
4792 3965 4793 3982 ξ

2745 3990 2871 4054 soyt
2915 3987 3183 4038 constitue
3229 3986 3534 4053 pnsonnier
3580 3992 3637 4039 et
3684 4003 3790 4056 que
3837 4006 3903 4040 en
3950 4005 3983 4041 a
4023 4004 4108 4041 res
4153 3990 4245 4042 lon
4291 3989 4345 4041 le
4378 3988 4562 4070 forme
4595 4002 4679 4038 sos

2744 4052 3293 4202 &assata
3331 4053 3693 4109 0...
3724 4052 4679 4194 ammam-ets

2746 4191 2962 4245 scnbtt:
3005 4190 3299 4261 Oartelier,
3344 4209 3448 4247 one
3494 4192 3556 4246 of
3596 4193 3689 4246 the
3738 4200 3882 4247 most
3926 4196 4129 4248 violent
4174 4195 4452 4248 members
4499 4195 4564 4249 of
4598 4193 4677 4244 the

2745 4265 2909 4329 pmy
2945 4263 3138 4395 {gano
3170 4329 3452 4383 authentia
3495 4329 3662 4382 husus
3702 4331 3962 4397 epis-tom
3993 4332 4137 4385 inter
4169 4329 4321 4386 viros
4354 4331 4551 4385 αοαοε
4584 4327 4683 4405 αι’»,

2745 4401 2993 4464 putatum
3041 4404 3132 4450 eet.
3204 4396 3330 4449 Vide
3368 4397 3653 4460 Mosheim,
3687 4399 3925 4453 anderw.
3971 4400 4222 4455 Ver-such.
4259 4415 4321 4468 p.
4359 4397 4471 4452 126
4514 4404 4568 4453 ct
4598 4411 4678 4466 φα

2745 4465 2828 4519 ibi
2858 4465 3174 4519 laudantur.
3218 4463 3425 4533 Quibus
3458 4466 3601 4519 adde
3635 4466 3989 4522 Trechsclium
4038 4467 4096 4523 Τ.
4124 4468 4168 4521 1.
4200 4483 4258 4537 p.
4284 4465 4385 4521 119
4424 4475 4480 4523 et
4499 4467 4678 4533 Hes-ry

2759 4532 2903 4587 Tom.
2950 4534 2993 4589 1.
3025 4551 3079 4601 p.
3117 4535 3223 4601 xxj
3252 4535 3425 4601 praef.
3463 4540 3515 4587 et
3549 4533 3671 4588 111.
3748 4578 3760 4590 .
3797 4534 3863 4590 67
3900 4553 4024 4604 app.
4080 4537 4259 4591 Nobis
4292 4538 4391 4607 qui
4425 4538 4680 4591 authenti·

2746 4619 2867 4684 ψ’·
2901 4603 3376 4726 ‘aziam
3398 4605 3670 4727 m
3695 4607 4509 4744 ...massaritiam
4452 4606 4677 4728 (Ἥ

2747 4687 3172 4794 ἓῖἐιηῗεινααηᾱε
3203 4740 3332 4794 aliis
3371 4741 3497 4795 olim
3544 4749 3732 4795 natum
3765 4713 3951 4807 fuerit.
4026 4689 4240 4799 Scileptczt
4274 4744 4546 4798 Bolum
4575 4745 4677 4810 pri·

2745 4826 2866 4862 mus
2901 4826 3017 4863 eam
3052 4809 3330 4876 olleyavt’t,
3380 4808 3608 4864 Calvino
3651 4811 4052 4876 infensis-emme
4086 4814 4324 4879 scriptor
4355 4819 4405 4866 et
4443 4811 4677 4880 alioquin

2746 4878 3046 4932 mendaciis
3089 4877 3399 4943 ιήἀαῑρεηε,
3447 4879 3529 4932 ita
3563 4885 3622 4933 ut
3656 4896 3820 4947 quum
3864 4880 3990 4947 ipsa
4024 4882 4194 4935 oculis
4228 4884 4480 4935 virorum
4514 4882 4677 4935 docto·

2747 4964 2871 5000 rum
2905 4962 2963 5000 se
2995 4946 3340 5001 subduxisset
3367 4948 3532 5011 facile
3565 4949 3758 5014 spuria
3790 4949 4100 5014 haberetur,
4143 4956 4306 5019 atque
4348 4951 4456 5005 hoc
4501 4965 4563 5003 eo
4594 4949 4678 5014 fa·

2744 5016 2904 5097 cilios
2950 5032 3055 5085 quo
3096 5016 3452 5083 paucioribus
3496 5017 3742 5071 versibus
3762 5016 3873 5099 ‘de‘
3891 5015 4105 5072 Serveto
4225 5021 4268 5072 it
4312 5025 4363 5073 et
4406 5018 4491 5072 ad
4524 5018 4676 5071 alim

2745 5090 3254 5152 ...0
3309 5085 4491 5236 .a.{aza.zzrr352.a02.ss,rzz
4506 5087 4674 5208 rr.

2746 5238 2797 5275 e1
2834 5221 3166 5274 machinatus
3200 5227 3298 5274 est.
3369 5221 3507 5275 Nam
3548 5223 3651 5276 hoc
3697 5240 3819 5277 eum
3864 5226 4041 5280 animo
4085 5225 4250 5278 fuisse
4295 5224 4495 5278 hterae
4528 5223 4671 5278 fidem

2745 5291 2949 5344 faciunt
2993 5306 3127 5359 quas
3170 5290 3357 5343 Idibus
3404 5291 3560 5345 Febr.
3604 5308 3767 5345 manu
3811 5310 3908 5346 sua
3953 5295 4181 5363 scriptas
4224 5292 4407 5361 dedit,
4461 5307 4670 5363 quarum

2746 5360 2879 5412 hacc
2922 5358 3026 5411 fuit
3070 5358 3382 5429 inscriptio:
3429 5360 3644 5414 Eximio
3678 5359 3896 5415 Domini
3940 5364 4112 5416 nostri
4148 5361 4190 5416 1.
4229 5361 4286 5416 C.
4320 5378 4487 5417 servo
4524 5362 4670 5415 Petro
