4825 6175
633 459 761 523 263

1545 639 1692 710 757.

1127 792 1600 862 OALVINUS
1645 792 2114 862 FARELLO.

816 966 923 1033 De
964 966 1246 1033 electione
1304 965 1586 1032 ministri
1629 966 1968 1049 praefatus
1981 1016 1998 1047 ,
2055 969 2284 1031 narrat
2323 985 2485 1048 quae
2526 986 2604 1031 ecc

649 1053 1002 1121 Germania
1043 1053 1407 1118 renunciata
1427 1051 1551 1117 sibi
1591 1052 1955 1134 nuperrime
1989 1050 2253 1139 fuerunt
2285 1056 2343 1116 et
2373 1051 2602 1134 quibus

651 1139 1039 1206 Genevenscs
1080 1138 1155 1203 de
1195 1138 1525 1205 securitate
1579 1139 1759 1204 urbis
1812 1158 1970 1204 suae
2012 1137 2186 1202 cur-is
2228 1137 2598 1204 erm-dentur.

643 1312 758 1379 (Ex
793 1308 1130 1379 autographo
1166 1307 1294 1362 eod.
1330 1308 1535 1362 Genev.
1570 1307 1700 1374 106,
1735 1308 1826 1364 fol.
1862 1306 1980 1363 156.
2050 1306 2382 1378 Apographa
2415 1323 2600 1361 recen·

642 1380 804 1446 tiore,
840 1379 938 1432 sed
972 1394 1082 1432 non
1120 1394 1311 1447 parum
1345 1377 1621 1445 mendosa,
1660 1377 1904 1446 reperies
1937 1377 1997 1431 in
2032 1376 2163 1431 Cod.
2199 1375 2319 1439 111,
2353 1376 2445 1430 fol.
2473 1375 2600 1441 1373

641 1450 702 1503 in
739 1448 964 1503 Archiv.
1001 1447 1166 1501 Bern.
1204 1447 1345 1516 Epp.
1383 1445 1509 1499 VH.
1545 1463 1598 1515 p.
1637 1444 1740 1499 750
1816 1452 1874 1500 et
1907 1463 1940 1498 a
1980 1488 1992 1499 .
2031 1445 2321 1499 Simlerum
2355 1446 2478 1502 Vol.
2515 1443 2601 1499 59.

921 1515 1153 1584 Anglioe
1187 1515 1391 1584 legitur
1425 1515 1485 1568 in
1520 1514 1651 1569 edit.
1687 1486 1885 1569 Edinb.
1921 1463 1982 1568 'K
2017 1513 2087 1568 11.
2122 1531 2177 1584 p.
2214 1513 2323 1579 12.)

813 1687 1030 1753 Fideli
1073 1685 1348 1751 Domini
1405 1690 1615 1751 nostri
1659 1686 1815 1753 Iesu
1858 1685 2109 1752 Christi
2168 1705 2361 1752 servo
2405 1684 2602 1752 Guil-

808 1773 1040 1841 lielmo
1100 1772 1364 1838 Farello
1431 1773 1895 1839 Neocomensis
1967 1772 2280 1839 ecclesiae
2352 1772 2601 1855 pastori

813 1859 1005 1926 fratri
1050 1869 1117 1923 et
1159 1867 1564 1944 symmystae
1605 1858 2054 1943 integerrimo.

818 1995 887 2063 8.
930 1997 990 2061 Α
1011 1995 1325 2062 fratribus
1347 1995 1478 2060 tuis
1500 1993 1688 2077 nihil,
1712 2017 1798 2060 ex
1816 2017 1944 2079 quo
1965 1995 2090 2061 hac
2110 1994 2536 2061 transierunt.
2555 2000 2603 2072 ¹)

643 2082 752 2149 De
808 2081 1110 2165 eligendo
1167 2081 1287 2145 tibi
1347 2081 1599 2165 collega
1662 2084 2057 2147 sententiam
2119 2102 2338 2146 meam
2397 2079 2604 2145 Virdo

642 2170 870 2253 paucis
913 2166 1221 2233 indicavi.
1239 2165 1297 2252 ¹²)
1368 2167 1666 2251 Longior
1706 2188 1894 2232 mora
1937 2187 2168 2234 vereor
2207 2188 2293 2232 ne
2335 2165 2603 2249 longam

643 2256 882 2321 seriem
934 2251 1497 2319 incommodorum
1552 2273 1774 2319 secum
1818 2252 2071 2329 trahat,
2131 2273 2325 2335 quam
2380 2250 2605 2317 caveri

641 2341 844 2407 velim
889 2340 1107 2422 potius
1150 2359 1350 2421 quam
1395 2339 1644 2403 sentiri.
1713 2337 2062 2404 Ferronius
2103 2347 2345 2414 noster,
2391 2358 2602 2420 quan-

642 2434 788 2491 tum
841 2425 1071 2502 video,
1128 2444 1471 2506 nunquam
1529 2425 1656 2488 erit
1709 2425 1931 2507 quieto
1986 2423 2205 2489 animo
2249 2430 2604 2506 antequam

643 2512 772 2577 alio
853 2511 1305 2576 transferatur.
1327 2512 1385 2592 ⁸)
1473 2510 1642 2575 Eius
1722 2509 1897 2593 apud
1970 2510 2253 2575 Viretum
2317 2509 2603 2574 feceram

641 2597 1067 2674 mentionem,
1114 2595 1230 2660 sed
1276 2603 1463 2660 tuum
1507 2596 1633 2660 erit
1675 2595 2009 2678 dispicere.
2087 2596 2199 2660 Ex
2242 2594 2605 2661 Germania

645 2683 847 2748 frater
911 2703 1098 2747 meus
1112 2683 1172 2761 ⁴)
1238 2680 1410 2745 nihil
1473 2681 1633 2746 novi
1695 2681 1941 2753 retulit,
2009 2680 2139 2745 nisi
2206 2688 2605 2748 conventum

641 2768 1199 2852 Ratisponensem
1242 2766 1502 2850 frigere,
1522 2766 1579 2848 ⁴⁵)
1626 2776 1887 2832 nostros
1930 2767 2353 2832 Francofurti
2396 2765 2605 2833 conti-

641 2875 848 2920 nuare
894 2875 1047 2918 suas
1090 2852 1599 2917 consultationes
1614 2874 1632 2932 ;
1676 2851 1971 2930 foederis,
2019 2862 2136 2917 aut
2169 2852 2404 2918 saltem
2442 2851 2604 2915 ami-

644 2961 758 3007 cae
802 2938 1300 3015 coniunctionis,
1347 2938 1521 3002 inter
1564 2958 1674 3002 eos
1717 2945 1784 3002 et
1825 2958 2051 3022 regem
2095 2959 2427 3003 rumorem
2463 2957 2606 3003 esse

641 3027 911 3093 firmum
926 3048 944 3106 3
963 3025 1019 3110 ⁶)
1069 3023 1401 3090 Gaesarem
1442 3021 1575 3107 pod
1662 3024 1754 3089 ris
1799 3031 1917 3090 aut
1950 3023 2272 3109 chiragris
2307 3023 2606 3092 vinctum

643 3113 876 3179 teneri.
937 3110 1072 3192 Qui
1105 3109 1243 3176 illic
1279 3118 1383 3175 est
1415 3110 1592 3194 regis
1654 3117 1885 3194 egatus
1922 3110 2097 3193 apud
2132 3131 2240 3175 me
2274 3110 2605 3175 transiens

642 3199 975 3265 coenavit:
1011 3195 1371 3278 colloquuti
1392 3217 1620 3262 sumus
1641 3196 2063 3261 familiariter.
2110 3195 2173 3260 N
2178 3217 2287 3261 am
2308 3195 2609 3281 agnoscit

643 3306 713 3350 66
758 3284 926 3349 611111
970 3281 1219 3365 aliquid
1264 3281 1518 3349 11611616.
1577 3281 1799 3365 Urgeo
1841 3293 2067 3348 tamen
2108 3281 2362 3347 interea
2402 3303 2489 3346 ne
2533 3301 2605 3346 se

641 3370 923 3435 nimium
1001 3367 1227 3433 faciles
1303 3368 1517 3433 nostri
1592 3368 1970 3452 praebeant.
2070 3366 2366 3434 Ostendo
2438 3388 2605 3450 quae

643 3455 912 3521 licentia
968 3453 1282 3520 adversus
1350 3454 1493 3536 pios
1548 3453 1883 3519 saeviendi
1937 3451 2132 3518 hodie
2189 3455 2279 3518 sit
2331 3453 2404 3518 in
2463 3459 2603 3517 toto

642 3561 868 3626 regno.
971 3539 1521 3623 Exspectabimus
1599 3538 1867 3604 exitum.
1972 3538 2120 3605 Scis
2180 3559 2420 3623 papam
2482 3558 2604 3622 per

645 3625 1135 3693 simulationem
1199 3647 1376 3691 nunc
1430 3632 1731 3708 satagere
1784 3633 1861 3690 ut
1917 3623 2220 3690 Tridenti
2281 3625 2605 3692 habeatur

643 3711 1013 3792 concilium,
1059 3720 1125 3776 et
1166 3710 1300 3775 iam
1339 3710 1478 3777 illic
1520 3731 1723 3776 ranae
1763 3710 2012 3775 16111166
2056 3732 2126 3776 66
2169 3717 2602 3779 commovent.

643 3795 956 3864 Nondum
1002 3805 1226 3862 tamen
1270 3796 1536 3861 auditur
1578 3795 1774 3878 plena
1816 3797 2129 3863 coaxatio.
2153 3797 2209 3882 ⁷)

817 3883 1090 3949 Utinam
1126 3882 1207 3948 de
1241 3881 1436 3948 robus
1474 3882 1715 3947 nostris
1751 3881 1835 3947 ad
1874 3882 2376 3966 colloquendum
2411 3882 2604 3948 nobis

646 3968 753 4036 vel
815 3967 954 4034 dies
1014 3989 1188 4033 unus
1243 3969 1528 4032 daretur.
1620 3965 1796 4047 Quia
1847 3975 2073 4035 tamen
2115 3969 2186 4033 in
2227 3969 2605 4054 praesentia

646 4075 781 4119 non
821 4054 1007 4130 licet,
1053 4076 1140 4119 ne
1185 4061 1250 4118 te
1292 4054 1539 4118 frustra
1582 4054 1859 4132 crucies,
1905 4055 1962 4120 si
2001 4055 2214 4119 multa
2255 4056 2455 4140 vulgo
2500 4075 2602 4120 se-

645 4148 898 4205 rantur.
943 4140 1112 4204 Erat
1154 4141 1416 4223 quidem
1458 4139 1648 4205 nobis
1690 4137 2027 4228 caven[di]
2074 4150 2352 4225 tempus,
2398 4162 2605 4225 quum

680 4412 818 4467 757.
855 4411 918 4542 ὲ)
958 4410 1249 4534 ngauzggum
1281 4412 1443 4467 modo
1474 4413 1729 4481 habuistz,
1770 4412 2141 4470 Gauchert‘um
2176 4414 2254 4469 N.
2280 4410 2397 4467 720.

773 4621 784 4632 ·
853 4549 912 4632 3)
957 4549 1029 4603 N.
1055 4547 1176 4601 747.
1214 4548 1327 4603 Hic
1360 4564 1480 4603 eum
1515 4549 1974 4633 Neocomencibus
2009 4552 2220 4633 oblique
2245 4549 2606 4631 commendat,

647 4621 782 4676 alibt
816 4619 1166 4674 Laba-tetum.
1241 4615 1526 4673 Caeterum
1561 4618 1870 4674 Fen-remus
1918 4621 2287 4690 quadr-vennae
2332 4626 2465 4689 post
2510 4635 2603 4673 ms-

646 4689 1212 4820 ’‘m‘'‘ifuffuiff‘
1250 4685 1454 4755 <Rom
1481 4705 1537 4756 p.
1562 4686 1709 4755 181).

853 4824 913 4892 5)
957 4823 1071 4877 Pro
1104 4823 1306 4903 frigere
1343 4825 1668 4892 6969169116
1718 4825 1861 4880 male
1909 4826 2108 4882 habent
2168 4827 2372 4896 fingere
2425 4832 2477 4882 et
2526 4827 2607 4881 sic

648 4895 863 4962 Anqlus
876 4917 890 4943 :
935 4894 1030 4945 the
1065 4893 1332 4946 Ratisbon
1379 4894 1651 4963 assembly
1696 4895 1957 4963 pretends
1989 4896 2113 4950 that
2148 4913 2249 4950 our
2282 4901 2447 4966 party
2483 4911 2607 4949 con-

648 4965 801 5017 tinue
835 4968 931 5017 etc.

855 5030 913 5098 6)
953 5028 1143 5083 Mense
1178 5029 1456 5083 Ianuario
1499 5036 1745 5099 ven-pente
1788 5031 1835 5084 le
1870 5032 1953 5086 ati
1983 5048 2050 5086 ea·
2091 5031 2281 5088 Gallia
2314 5038 2365 5088 et
2398 5032 2608 5103 Anqlia

649 5099 873 5153 reduces
920 5096 1285 5166 Landgravio
1330 5099 1550 5168 eiusque
1596 5100 1760 5154 sociis
1851 5101 2239 5167 rancofordiae
2288 5101 2606 5171 legationem

650 5168 1050 5223 renunciarunt
1087 5166 1281 5232 (816111.
1319 5165 1468 5235 414).
1511 5166 1795 5223 Caeterum
1828 5171 2150 5241 apoqrapha
2184 5177 2235 5227 et
2257 5172 2475 5240 Anytus
2507 5171 2604 5225 116·

651 5238 806 5292 bent.-
836 5237 983 5289 inter
1015 5253 1115 5289 vos
1149 5243 1207 5290 61
1240 5253 1439 5305 regem.

859 5304 917 5372 7)
961 5303 1162 5358 Ranae
1195 5307 1415 5361 omnino
1459 5305 1618 5359 caere
1666 5306 1813 5372 iubet
1845 5307 2087 5375 Δηῃῑαες
2131 5311 2182 5362 ie
2216 5309 2349 5364 11666
2393 5313 2608 5363 tantum

654 5373 843 5430 habet.-
877 5389 962 5427 we
997 5373 1067 5426 do
1103 5378 1203 5426 not
1236 5373 1370 5428 11661
1404 5374 1524 5428 that
1557 5373 1715 5429 there
1749 5375 1799 5428 is
1832 5379 1892 5429 to
1929 5377 2000 5430 be
2035 5393 2069 5429 a
2101 5377 2201 5430 full
2234 5378 2606 5432 convocation.

2144 450 2674 525 EPISTOLAE
2716 456 2754 518 7
2760 455 2970 518 57-7
2976 455 3057 519 59

4528 454 4652 517 264

2704 640 2918 707 nostri
2962 641 3287 708 custodias
3329 642 3535 725 portis
3589 640 4044 724 assignarunt,
4091 650 4159 707 et
4199 640 4387 708 solito
4428 639 4498 704 in
4537 659 4657 704 ex-

2706 727 2915 793 cubiis
2979 727 3254 811 agendis
3305 727 3579 794 fuerunt
3621 724 4089 811 diligentiores.
4107 728 4166 805 8)
4256 724 4392 793 8611
4432 725 4656 791 incon·

2706 812 2879 878 sulte
2941 813 3187 881 factum
3250 812 3424 897 quod
3488 813 3945 897 trepidationis
3997 813 4263 913 signum
4324 809 4656 876 dederunt

2704 898 2987 964 Factum
3046 907 3269 964 autem
3325 907 3425 965 est
3481 920 3589 964 1116
3639 899 3847 965 inscio
3891 907 3958 964 et
4001 899 4275 964 minime
4332 896 4657 980 suspicato

2705 983 2840 1049 tale
2884 982 3240 1068 quidquam
3282 985 3597 1051 futurum.
3678 984 3826 1051 Hac
3867 986 4205 1051 occasione
4249 991 4508 1066 arrepta
4546 1001 4659 1048 66-

2706 1078 2989 1136 ourrunt
3030 1070 3233 1137 vicini
3274 1072 3512 1137 nostri:
3562 1069 3751 1137 valde
3805 1070 4163 1135 liberaliter
4227 1091 4298 1135 se
4355 1070 4658 1134 offerunt.

2708 1155 2982 1220 Nemini
3025 1163 3328 1241 suspecta
3371 1163 3512 1222 erat
3553 1163 3693 1222 tam
3736 1156 3993 1240 prolixa
4035 1156 4426 1239 benignitas.
4511 1154 4662 1219 Me-

2708 1261 2858 1306 cum
2902 1241 3073 1306 nihil
3114 1244 3325 1308 nostri
3368 1243 3883 1308 communicant:
3928 1243 4103 1307 ultro
4147 1243 4436 1324 citroque
4473 1240 4664 1305 habi-

2705 1327 2794 1392 tis
2838 1328 3248 1394 sermonibus
3291 1327 3458 1394 bene
3500 1329 3824 1395 convenit.
3910 1328 4122 1393 Paulo
4165 1336 4313 1410 post
4352 1346 4498 1392 ecce
4536 1325 4664 1391 tibi

2706 1433 2883 1477 nova
2924 1412 3167 1496 legatio
3203 1435 3350 1479 cum
3405 1414 3904 1497 improbissimis
3938 1413 4285 1479 mandatis.
4337 1410 4665 1478 Praesidii

2708 1500 3087 1581 capitaneus
3122 1519 3273 1564 oum
3311 1521 3427 1566 suo
3462 1500 3748 1567 consilio.
3794 1499 4155 1583 Repudiati
4197 1498 4663 1565 discesserunt.

2706 1583 2769 1648 N
2773 1604 2903 1649 unc
2938 1585 3069 1649 scio
3104 1605 3301 1668 quam
3337 1587 3524 1651 varia
3557 1587 3800 1669 passim
3836 1588 4254 1669 spargantur.
4316 1583 4453 1649 Sed
4494 1582 4666 1647 nihil

2707 1669 2900 1735 video
2959 1670 3251 1753 periculi.
3340 1673 3444 1736 Tu
3499 1673 3555 1737 si
3613 1670 3772 1755 quid
3827 1672 4090 1751 audias,
4146 1671 4406 1736 fortiter
4458 1689 4663 1754 neges

2708 1754 3065 1838 quidquam
3109 1778 3251 1822 esse
3285 1759 3460 1823 inter
3493 1778 3615 1823 nos
3649 1757 4022 1823 simultatis.
4067 1757 4214 1824 Iam
4247 1757 4425 1821 enim
4459 1776 4666 1838 quum

2708 1841 2884 1923 ipsos
2935 1841 3180 1924 pudeat
3234 1844 3370 1922 sui,
3438 1843 3820 1926 confugient
3874 1842 3958 1908 ad
4008 1851 4268 1911 veteres
4327 1850 4530 1915 artes,
4594 1861 4666 1907 se

2707 1926 3016 1993 infamari
3080 1927 3266 1993 nulla
3332 1929 3526 2014 culpa
3590 1938 3711 1995 616.
3801 1928 3938 1993 Vix
4001 1930 4244 1995 nostris
4299 1927 4665 2011 persuadeo

2708 2012 2881 2093 quod
2924 2013 3103 2078 factu
3121 2015 3180 2096 ⁹)
3226 2023 3327 2080 661
3367 2037 3531 2099 opus
3574 2015 3643 2080 in
3688 2015 3812 2080 1166
3854 2023 4061 2099 96116.
4126 2015 4356 2096 Neque
4399 2014 4664 2079 mirum.

2709 2098 2884 2163 Nam
2919 2099 2990 2162 in
3026 2098 3171 2165 aliis
3193 2100 3443 2180 multis,
3483 2109 3895 2184 repugnante
3918 2122 4043 2178 me,
4081 2100 4429 2184 desipiunt.
4474 2099 4664 2177 Vale,

2708 2184 2913 2249 frater
2954 2192 3023 2249 61
3065 2185 3273 2252 616166
3314 2187 3754 2270 integerrime.
3835 2185 4069 2252 Saluta
4110 2185 4276 2251 mihi
4317 2206 4666 2269 96161666-

2709 2278 2813 2333 161
2876 2291 3105 2335 omnes
3169 2282 3568 2357 symmystas
3634 2282 3889 2380 vesti-,os
3955 2280 4024 2337 et
4078 2282 4264 2336 tuam
4327 2271 4663 2337 familiam.

2707 2352 3041 2420 Dominus
3086 2378 3203 2423 vos
3247 2379 3475 2425 omnes
3512 2359 3749 2442 spiritu
3785 2378 3905 2423 suo
3940 2357 4261 2441 gubernet
4296 2379 4372 2424 66
4405 2366 4669 2423 tueatur

2708 2439 3090 2508 incolumes.
3182 2443 3513 2522 Genevae,
3560 2447 3662 2509 26.
3707 2445 3974 2509 Ianuar.
4027 2448 4210 2508 1546.

2880 2610 3213 2695 Impostor
3240 2617 3321 2694 ¹⁰)
3374 2615 3489 2696 qui
3533 2614 3772 2681 Buceri
3827 2615 4053 2679 literas
4095 2613 4181 2680 ad
4223 2621 4289 2679 te
4331 2614 4666 2698 perferen·

2709 2695 2826 2762 das
2892 2709 3305 2782 susceperat,
3378 2698 3868 2785 Monsbelgardi
3941 2701 4345 2766 substiterat.
4432 2699 4666 2782 Neque

2709 2803 3001 2865 unquam
3043 2785 3389 2865 attulisset,
3434 2788 3563 2851 nisi
3607 2786 3815 2852 frater
3855 2807 4044 2851 meus
4081 2786 4234 2850 data
4266 2806 4464 2868 opera
4504 2784 4664 2851 illuc

2706 2877 2882 2934 esset
2938 2872 3302 2953 profectus,
3363 2873 3541 2954 quod
3585 2873 3745 2938 alias
3805 2871 4088 2937 habebat
4141 2873 4340 2955 longe
4399 2871 4664 2936 maioris

2708 2956 3047 3106 1666116611.
3133 2958 3261 3024 Est
3303 2958 3562 3041 opificio
3605 2958 3947 3039 aurifaber,
3993 2957 4109 3024 sed
4153 2956 4475 3041 dignitate
4518 2976 4663 3023 sus·

2709 3062 2839 3125 pen
2885 3062 3108 3108 1611116.

2880 3129 2945 3192 A
2967 3131 2988 3168 ¹
3002 3130 3052 3205 ¹)
3095 3130 3323 3196 morbo
3364 3131 3457 3195 ita
3500 3130 3805 3198 convalui
3847 3139 3924 3195 ut
3965 3129 4382 3201 concionibus
4426 3137 4493 3195 et
4531 3127 4663 3195 lec-

2709 3210 2997 3280 tionibus
3043 3216 3385 3298 sufficiam,
3432 3217 3547 3283 sed
3589 3216 3895 3300 reliquiis.
3927 3236 4253 3282 exercear.
4279 3216 4363 3300 ¹²)

3052 3388 3119 3396 Q„

2912 3504 2974 3572 8)
3014 3505 3091 3561 N.
3126 3504 3243 3573 750,
3276 3513 3388 3561 not.
3428 3505 3507 3560 12.
3578 3506 3661 3559 La
3693 3507 3821 3560 ville
3857 3513 3944 3560 est
3976 3506 4332 3577 grandement
4366 3524 4436 3562 en
4469 3507 4658 3576 regat-d

2708 3575 3141 3699 mutata*
3174 3582 3369 3699 ῗὲῑθῖ
3390 3574 4317 3712 ‘'iiiep‘issie‘toss‘i‘imffm‘*
4348 3577 4652 3715 diiob'amn„

2783 3661 2810 3696 6
3135 3661 3169 3697 6
3269 3661 3384 3699 an.
3517 3661 3544 3696 e
3581 3685 3592 3699 .
3886 3661 3937 3698 61
4027 3683 4040 3696 .
4116 3661 4343 3710 anum-„-

2708 3661 2811 3765 1119
2846 3727 3017 3783 seqq.‚·
3055 3661 3275 3767 Ruciust
3309 3713 3374 3768 V.
3409 3660 3578 3779 306.)9
3624 3712 3991 3766 Bemensium
4023 3712 4239 3768 auaessio
4271 3720 4483 3782 spreto,
4512 3713 4654 3783 quod

2706 3797 2891 3835 eorum
2924 3781 3085 3848 fidem
3119 3789 3422 3850 suspectam
3456 3782 3751 3848 habebant,
3788 3781 4047 3835 Roscium
4083 3782 4366 3836 Basileam
4400 3784 4654 3836 miseruut

2707 3850 2777 3905 de
2817 3851 3054 3919 pecunia
3097 3852 3472 3920 conquirenda
3517 3856 3784 3904 acturum.
3872 3850 4064 3904 Verum
4114 3852 4248 3906 haec
4293 3854 4479 3906 omnia
4509 3865 4650 3906 vana

2704 3934 2820 3974 6666
2850 3926 2902 3975 et
2935 3934 3342 3989 supervacanea
3381 3918 3646 3974 Calvinus
3679 3919 3875 3987 optime
3905 3919 4187 3974 iudicavit.

2912 3986 2971 4052 9)
3016 3988 3146 4042 God.
3187 3989 3284 4041 111
3320 3990 3477 4042 factis
3513 3987 3724 4056 (deeds)
3767 3986 3995 4042 Simler:
4026 3989 4178 4042 satis.

2883 4055 2975 4123 10)
3014 4056 3170 4111 Η666
3201 4059 3263 4111 in
3296 4059 3546 4128 maryine
3580 4073 3648 4111 ex
3683 4064 4009 4112 transverso.

2880 4122 2975 4191 11)
3016 4126 3170 4181 Haec
3202 4127 3263 4180 in
3298 4134 3466 4196 ter-qo.
3508 4155 3570 4166 —
3607 4125 3699 4179 De
3732 4126 3832 4180 hoc
3876 4126 4059 4181 morbo
4105 4127 4268 4180 etiam
4304 4127 4561 4197 aoebatur
4591 4126 4646 4179 ὁ·

2708 4199 2908 4248 senatu
2952 4195 3005 4249 11.
3039 4193 3126 4247 25.
3164 4196 3292 4249 Ian.
3336 4203 3391 4250 et
3424 4195 3695 4263 postridie
3740 4193 3884 4248 Idus
3926 4211 3963 4247 6
4008 4197 4339 4249 consistorio
4377 4195 4646 4251 oduinum

2710 4263 2954 4330 abfutwe
2988 4279 3053 4317 66
3088 4263 3154 4317 de
3188 4280 3360 4318 cauca
3393 4281 3460 4320 eoe
3494 4267 3613 4319 eius
3647 4263 3784 4317 actis
3820 4270 4045 4317 constat.

2884 4329 2977 4396 12)
3017 4330 3091 4385 In
3125 4339 3273 4401 teu-90
3307 4334 3473 4388 huius
3505 4333 3761 4401 epistolae
3800 4329 3929 4386 Coa.
3965 4331 4085 4400 106,
4117 4337 4301 4401 utpote
4334 4334 4399 4388 in
4431 4339 4645 4387 extre-w

2705 4398 2844 4465 folio
2886 4400 3142 4466 fasciculi
3184 4403 3468 4457 cuiusdam
3517 4402 3896 4470 epistolarum,
3930 4400 4155 4469 leyitur:
4202 4399 4305 4454 123
4326 4403 4547 4456 Lettres
4580 4398 4643 4451 de

2710 4467 2902 4521 Oalvin
2939 4468 3008 4522 N.
3037 4469 3128 4522 LI.
3170 4470 3247 4524 Et
3275 4471 3396 4526 alia
3429 4487 3629 4525 manu:
3663 4469 3938 4522 Plusieurs
3973 4470 4204 4538 epistres
4239 4471 4437 4525 latines
4469 4471 4530 4524 de
4561 4468 4641 4521 feu

2708 4538 2783 4590 M.
2805 4536 3013 4602 Calvin,
3050 4539 3119 4591 de
3144 4556 3512 4608 consequence
3548 4540 3601 4593 la
3634 4539 3883 4608 pluspart
3917 4543 3973 4590 et
4008 4538 4137 4606 qu’il
4171 4556 4241 4592 ne
4275 4541 4395 4594 faut
4428 4553 4641 4593 commu·

2710 4606 2905 4675 niquer
2949 4623 3075 4660 sans
3120 4609 3322 4674 grande
3367 4608 3661 4662 discretion
3698 4615 3755 4660 61
3787 4607 3924 4660 dont
3955 4607 4101 4660 aussi
4138 4624 4372 4663 ancunes
4406 4616 4520 4662 sont
4548 4607 4637 4658 im-

2708 4677 2961 4744 primees,
3001 4682 3058 4729 et
3099 4687 3269 4744 quant
3304 4695 3410 4729 aux
3445 4683 3630 4731 autres
3664 4676 3716 4728 ie
3752 4674 3996 4728 n'estime
4034 4675 4164 4744 qu'il
4187 4675 4299 4731 s’en
4323 4677 4497 4747 puisse
4516 4675 4637 4728 aise-

2709 4753 2863 4798 ment
2908 4745 3194 4814 imprimer
3245 4746 3422 4799 davan
3594 4745 3770 4799 oultre
3815 4745 3894 4798 les
3941 4742 4008 4796 71
4045 4762 4153 4814 que
4196 4745 4290 4817 iay
4334 4747 4434 4801 mis
4466 4764 4496 4799 6
4524 4745 4635 4813 part

2710 4829 2844 4868 aveo
2876 4814 2928 4868 le
2964 4815 3179 4868 volume
3215 4815 3312 4868 des
3345 4816 3674 4885 imprnnees.
