4825 6175
219 398 328 464 433

216 602 394 652 uxore
423 580 563 664 agit
601 578 677 645 in
694 575 1005 645 Picardia
1045 583 1117 641 et
1154 575 1338 643 lenta
1380 574 1662 660 quadam
1704 575 1924 643 adhue
1962 575 2144 643 febre

213 669 566 746 afflictatur,
621 673 690 730 et
740 661 1219 747 constringitur
1271 662 1417 728 aliis
1460 661 1742 729 vinculis
1838 682 1965 727 uae
2009 682 2144 727 nen

210 754 378 822 anile
415 758 631 835 potest
664 749 1037 815 dissolvere.
1129 750 1421 814 'Puerum
1465 748 1714 815 civium
1883 757 1985 813 te-
1995 746 2142 812 lite-

207 863 303 908 ras
333 846 633 920 exspecto
670 857 830 918 quas
866 836 1144 900 mittam.
1201 834 1482 899 Interim
1517 831 1675 917 quid
1709 854 1886 898 nunc
1921 841 2139 917 agant,

207 934 312 994 aut
367 923 521 1006 quid
584 943 694 987 eos
758 931 1125 986 remoretur
1142 970 1158 999 ,
1215 920 1453 986 nescio.
1539 917 1716 985 Illud
1770 919 1935 998 seio,
1990 939 2142 985 eum

203 1010 443 1096 magnis
485 1006 977 1074 difficultatibus
1019 1028 1174 1071 eum
1208 1005 1446 1072 luctari
1483 1005 1599 1088 qui
1632 1025 1775 1071 sese
1812 1004 1916 1071 his
1957 1004 2142 1070 tricis

204 1098 491 1166 evolvere
533 1093 888 1161 contendit.
958 1091 1137 1173 Quid
1178 1099 1254 1156 tu
1293 1090 1495 1158 vero?
1542 1091 1819 1173 inquies,
1886 1089 2141 1156 Luctor

199 1193 262 1250 et
297 1202 434 1266 ego,
477 1181 568 1245 mi
613 1189 830 1263 pater,
889 1177 1006 1243 sed
1059 1198 1136 1242 eo
1182 1177 1463 1243 alacrius
1506 1177 1679 1260 quod
1724 1177 1813 1242 sit
1853 1196 2004 1258 spes
2048 1176 2138 1242 oi·

199 1271 318 1335 tius
358 1264 688 1332 eluctandi
704 1315 721 1344 ,
774 1272 843 1329 et
898 1265 1029 1327 iam
1082 1265 1285 1328 finem
1337 1263 1636 1328 laborum
1680 1262 1816 1328 fere
1862 1259 2137 1327 videam.

197 1351 382 1437 Quod
424 1353 484 1417 si
523 1372 631 1416 me
669 1349 940 1415 tandem
982 1348 1313 1415 Dominus
1369 1348 1610 1432 optatis
1661 1347 1982 1426 coetibus,
2035 1347 2139 1412 in-

197 1447 377 1518 serat,
422 1436 691 1503 sublimi
733 1437 963 1501 feriam
1007 1433 1225 1500 sidera
1266 1435 1529 1501 vertice.
1561 1434 1645 1516 ¹⁹)
1709 1433 1990 1498 Interim
2025 1454 2138 1498 cu-

192 1527 342 1592 rabo
382 1545 470 1589 ne
512 1543 714 1606 rupes
771 1529 889 1586 aut
940 1520 1258 1587 convulsa
1300 1519 1618 1599 labascat,
1674 1530 1793 1584 aut
1848 1517 2141 1585 emollita

193 1612 582 1696 languescat.
671 1609 774 1672 Tu
817 1628 1005 1681 vero,
1067 1605 1354 1685 obsecre,
1412 1606 1792 1687 priusquam
1834 1605 2140 1669 fatiscen-

192 1706 314 1763 tem
361 1695 607 1761 videris
641 1694 918 1760 fractam
951 1714 1036 1756 ne
1070 1691 1338 1758 iudices.
1400 1691 1596 1756 Nosti
1637 1689 1913 1756 solidam
1955 1689 2141 1755 illam

232 1791 435 1848 stram
479 1801 650 1864 quae
691 1789 919 1845 nostra
954 1778 1128 1843 basis
1172 1785 1291 1843 est.
1365 1775 1696 1843 Mandata
1736 1787 1852 1840 tua
1893 1772 1978 1840 ad
2013 1775 2141 1840 Ro-

189 1804 531 1947 gemmw)
574 1886 771 1949 quam
808 1863 1158 1947 diligenter
1191 1863 1497 1941 curarim,
1538 1863 1676 1927 iam
1718 1862 1948 1943 opinor
1991 1882 2139 1926 sen-

191 1955 345 2035 sisu’,
388 1972 516 2018 nee
567 1952 866 2016 recusavi
914 1949 1173 2031 culpam
1219 1949 1604 2015 cessationis
1659 1948 1826 2012 mihi
1870 1947 2137 2013 ascribi:

186 2039 341 2105 adeo
386 2036 725 2105 confidens
769 2044 871 2101 est
915 2044 1146 2100 nostra
1202 2033 1283 2099 de
1327 2041 1444 2100 tua
1492 2054 1650 2119 erga
1692 2054 1812 2098 nos
1855 2032 2139 2098 benevo-

182 2125 383 2192 lentia
426 2132 497 2190 et
533 2122 947 2188 humanitate
989 2120 1248 2186 fiducia.

348 2209 586 2275 Habes
650 2206 993 2290 epistolam
1051 2205 1478 2271 tumultuarie
1541 2212 1900 2271 consutam.
2004 2201 2139 2270 Sed

181 2297 298 2363 hos
340 2303 654 2362 centones
687 2291 1225 2374 interpretaberis
1260 2311 1402 2358 esse
1436 2290 1773 2356 cuiusdam
1815 2292 2142 2374 ingenuae

183 2380 625 2466 simplicitatis
679 2389 746 2444 et
800 2378 944 2443 eius
1007 2399 1137 2460 qua
1191 2399 1300 2442 me
1350 2378 1451 2442 vis
1503 2376 1603 2441 uti
1653 2375 2139 2441 familiaritatis.

179 2467 514 2534 Dominus
557 2475 621 2531 te
664 2486 817 2530 cum
860 2464 995 2528 tuis
1038 2463 1344 2529 omnibus
1388 2470 1665 2528 tueatur.
1756 2459 1944 2528 Vale.
2031 2461 2142 2526 Ex

180 2554 330 2621 aula
372 2559 437 2618 4.
487 2550 760 2619 Galend.
806 2549 1228 2632 Decemb.²¹)

1429 2634 1614 2700 'I'uus
1655 2632 1967 2700 Reehius.

345 2774 567 2858 Regis
622 2772 887 2857 negotia
941 2771 1067 2837 tibi
1123 2791 1320 2838 curae
1376 2791 1520 2837 esse

174 2880 309 2926 nen
376 2859 633 2926 dubito.
732 2857 857 2923 Ille
905 2866 1057 2922 tuas
1120 2857 1347 2923 literas
1410 2878 1525 2923 ex·

176 2953 453 3030 spectat,
501 2953 582 3010 ut
617 2944 773 3027 quid
796 2944 1100 3008 Venetiis
1145 2950 1380 3028 agatur
1422 2941 1526 3007 in-

173 3032 460 3119 telligat.
479 3032 576 3115 22)

1087 3438 1244 3510 858.

721 3593 1196 3663 OALVINUS
1240 3591 1612 3659 VIRETO.

346 3769 586 3836 Status
624 3768 1107 3852 neqotiationum
1149 3786 1291 3833 cum
1331 3786 1472 3850 reqe
1501 3764 1773 3831 Galliae.
1843 3763 2147 3829 Rationes

166 3857 356 3923 datae
418 3862 484 3922 et
545 3859 822 3937 acceptae
872 3854 1180 3934 pecwm'ae
1233 3856 1682 3935 consputam.
1789 3848 2045 3915 Suleeri
2090 3854 2147 3914 et

163 3941 622 4009 Bemensium
660 3960 766 4005 res
807 3939 1173 4021 deploratae.

302 4115 470 4168 uitur
507 4112 570 4165 in
605 4110 852 4165 omnibns
885 4108 1161 4163 codicibus
1194 4108 1611 4178 praeoedentem
1646 4106 1718 4161 ad
1751 4106 2034 4161 Vin-etum:
2087 4106 2147 4161 O.

164 4113 302 4248 533?
321 4183 425 4237 fol.
472 4178 580 4233 179
614 4185 743 4243 aut„
779 4178 836 4232 C.
873 4176 1047 4243 111⁸,
1088 4177 1190 4259 .f⁰¹·
1224 4177 1259 4231 9
1294 4195 1378 4243 v.,
1419 4177 1482 4258 .C·
1521 4174 1639 4242 111,
1675 4175 1766 4257 fel.
1805 4173 1934 4241 158,
1983 4176 2146 4230 Bern.

230 4268 288 4322 p.
327 4249 444 4305 795
483 4255 549 4304 et
583 4248 796 4304 Simler.
834 4275 898 4286 -
934 4246 1167 4316 Anghoe
1203 4252 1384 4300 exstat
1414 4264 1471 4299 in
1507 4244 1591 4298 ed.
1628 4244 1828 4299 Edmb.
1864 4244 1933 4298 H.
1970 4243 2080 4313 ⁷2.)

160 4421 448 4488 Eximio
498 4420 777 4487 Domini
817 4418 1030 4484 nostri
1071 4417 1226 4483 Iesu
1268 4415 1520 4482 Christi
1563 4435 1756 4481 servo
1799 4414 1995 4481 Petro
2028 4415 2150 4481 Vi-

336 4519 508 4575 rete
576 4504 1079 4570 Lausannensis
1146 4502 1456 4570 ecelesiae
1515 4502 1766 4586 pastori
1831 4502 2022 4567 fratri
2083 4509 2151 4568 et

339 4593 578 4660 amico
620 4592 690 4656 in
698 4590 1066 4676 tegerrimo.

341 4713 424 4781 S.
501 4711 721 4777 Binae
765 4709 930 4776 mihi
972 4709 1210 4794 exiguo
1247 4707 1599 4775 intervallo
1642 4706 1884 4774 Buceri
1920 4705 2151 4773 literae

338 4901 449 5039 {33
485 4898 879 5037 greganiam?
2055 5032 2066 5045 ⁸

340 5039 451 5108 21)
491 5036 667 5092 Anno
705 5033 839 5089 1546
871 5036 1134 5103 scriptam
1177 5049 1289 5088 esee
1321 5050 1390 5089 ex
1433 5033 1701 5089 mentione
1740 5046 1929 5087 recem
1971 5030 2154 5087 editae

155 5109 385 5179 mimae
424 5107 516 5162 ad
558 5105 870 5161 Corinthios
902 5111 952 5160 et
985 5108 1325 5171 exspectatae
1357 5103 1625 5159 secundae
1657 5101 1873 5169 efficies.

343 5176 455 5242 22)
505 5174 605 5229 Er
639 5175 727 5229 his
759 5188 889 5228 cave
922 5173 1148 5243 colliyas
1186 5171 1474 5226 Calvinum
1516 5174 1629 5226 iam
1674 5178 1786 5226 tum
1837 5168 1983 5239 Regi
2027 5168 2150 5224 Na-

1761 5241 1772 5252 ·
1831 5253 2044 5306 namma,
2087 5245 2153 5294 ut

1904 5324 2012 5363 un.

161 5261 377 5301 carrae
415 5246 750 5301 commucio
783 5243 1059 5310 epistolica
1089 5244 1333 5296 iunctum
1362 5242 1553 5308 fuisse.

163 5322 217 5371 et
263 5314 644 5373 venetiarum
675 5327 743 5366 ex
773 5312 904 5377 ficta
935 5309 1194 5381 epistolae
1223 5312 1583 5380 iii-emptione

388 5398 631 5456 Caluini
660 5411 844 5466 opera.
924 5397 1037 5452 Vol.
1075 5394 1223 5450 XII.

1628 392 1792 454 1546
1836 386 2752 458 NOVEMB.-DEOEMB.

4077 398 4210 474 434.

2243 575 2541 644 redditae
2584 579 2868 645 fuerunt.
2890 580 2941 656 ¹)
3025 578 3356 663 [Imque
3413 579 3500 647 ad
3553 590 3618 647 te
3660 581 3854 649 mitte
3868 634 3885 662 ,
3938 585 4209 652 tametsi

2244 664 2415 731 nihil
2457 665 2596 730 fere
2641 664 3028 731 contineant
3079 665 3252 749 qued
3304 688 3439 731 non
3496 666 3762 735 aliunde
3814 668 3949 733 iam
4003 671 4207 737 resei-

2243 751 2444 816 veris.
2515 748 2710 831 Quod
2752 757 2974 816 tamen
3018 749 3101 815 ad
3138 751 3391 835 Regem
3436 761 3707 837 spectat,
3751 764 3911 838 puto
3955 755 4206 839 aliquid

2242 836 2431 902 brevi
2474 836 2841 901 confectum
2879 835 2966 900 iri
3010 844 3088 900 ut
3120 839 3397 920 pecunia
3438 847 3698 905 nostros
3737 839 3940 906 iuvet.
4008 840 4206 923 Quod

2242 942 2454 986 unum
2497 923 2580 987 ab
2638 941 2715 987 eo
2774 921 3132 1005 quaeritur.
3222 922 3317 988 Ut
3358 931 3578 988 autem
3625 924 3923 992 Gar-olum
3964 925 4205 993 distra-

2240 1006 2364 1072 hat
2405 1007 2535 1072 alio
2582 1006 2770 1087 bello,
2813 1007 3022 1091 ipsius
3064 1008 3354 1074 maxime
3396 1009 3690 1076 interest.
3711 1011 3770 1095 ²)

2415 1092 2739 1160 Mandavi
2780 1091 2975 1159 Petro
3025 1093 3280 1159 Textori
3296 1095 3354 1175 ⁸)
3411 1104 3486 1160 ut
3528 1096 3651 1161 tibi
3693 1095 3976 1163 sedecim
4019 1119 4205 1165 coro-

2242 1185 2434 1244 natos
2477 1186 2873 1245 numeraret.
2961 1178 3135 1244 Nam
3179 1200 3390 1262 quum
3439 1179 3662 1246 decem
3716 1181 3893 1266 apud
3935 1204 4041 1249 me
4083 1184 4204 1251 ha-

2243 1264 2469 1329 berem
2505 1262 2664 1330 dum
2699 1265 2857 1330 veni
2899 1262 2983 1330 ad
3017 1266 3301 1347 nuptias,
3317 1267 3375 1341 ⁴)
3416 1287 3755 1351 nunquam
3797 1269 3871 1334 in
3911 1276 4205 1336 mentem

2242 1350 2450 1415 venit.
2540 1348 2675 1416 Sed
2717 1350 2872 1417 vide
2912 1349 3230 1415 maiorem
3272 1347 3581 1435 α’βλεψίαν.
3671 1352 3894 1434 Quum
3935 1355 4007 1419 in
4042 1356 4206 1422 seri·

2243 1436 2355 1500 nio
2398 1456 2692 1502 seorsum
2736 1435 2978 1519 positos
3024 1437 3436 1519 reperissem,
3482 1438 3885 1521 aliquamdiu
3927 1461 4205 1524 suspen-

2244 1541 2358 1585 sus
2400 1520 2584 1587 haesi
2628 1522 2812 1605 quasi
2857 1542 3192 1603 nunquam
3228 1542 3339 1587 eos
3380 1523 3713 1590 vidissem.
3804 1524 4209 1610 Supervenit

2247 1605 2663 1689 Raymondus
2697 1606 2809 1689 qui
2843 1606 2916 1671 in
2950 1608 3338 1673 memoriam
3371 1610 3726 1690 revocavit,
3770 1631 3882 1676 eos
3925 1633 3997 1678 se
4038 1611 4207 1677 mihi

2241 1692 2431 1758 iussu
2453 1692 2726 1757 Antonii
2771 1691 3050 1759 Mallicti
3093 1692 3367 1760 dedisse.
3434 1695 3619 1778 Ergo
3660 1695 3835 1763 hanc
3873 1718 4204 1764 summam

2243 1778 2566 1861 superiori
2610 1778 2948 1863 adiunges.
3038 1779 3120 1843 In
3177 1800 3299 1845 sex
3354 1778 3502 1846 aliis
3554 1801 3790 1848 vereor
3841 1803 3927 1848 ne
3974 1803 4205 1866 peeca-

2245 1864 2473 1929 verim.
2542 1863 2722 1929 Fieri
2767 1865 2944 1931 enim
2984 1873 3205 1948 petest
3244 1873 3324 1930 ut
3366 1865 3503 1931 sint
3543 1867 3767 1932 fratris
3811 1868 3961 1933 mei.
4027 1868 4204 1934 Nam

2243 1969 2449 2032 quum
2492 1950 2905 2016 Aureliensis
2947 1948 3213 2033 quidam
3268 1951 3492 2017 doctor
3547 1952 3647 2017 illi
3689 1953 3956 2020 deberet
3994 1953 4204 2020 unde-

2242 2034 2391 2110 cim,
2438 2036 2700 2101 curavit
2742 2057 2783 2101 a
2820 2035 2956 2099 filio
2977 2034 3315 2103 Brunonie
3354 2037 3541 2104 solvi.
3609 2038 3975 2122 Receperat
3994 2060 4206 2123 nuper

2243 2120 2549 2203 quinque.
2609 2121 2713 2185 'I'u
2756 2121 2961 2204 igitur
2994 2141 3109 2186 ees
3138 2123 3352 2189 retine
3386 2122 3595 2191 donee
3619 2147 3704 2190 ex
3732 2124 4208 2192 Sandandraea

2244 2207 2490 2272 certius
2529 2205 2919 2272 intellexero
2963 2206 3172 2272 tibine
3228 2230 3315 2274 an
3368 2209 3562 2274 fratri
3605 2210 3789 2276 reddi
3833 2210 4199 2277 debuerint.

2416 2291 2651 2374 Nuper
2705 2292 2970 2375 scripsit
3027 2291 3330 2359 Suleerus
3384 2302 3663 2361 ventum
3729 2317 3871 2362 esse
3936 2296 4022 2363 ad
4084 2318 4205 2363 ex-

2246 2383 2411 2442 trem
2419 2398 2474 2441 a.
2564 2375 2779 2460 Opem
2844 2384 3141 2442 nostram
3200 2379 3525 2461 implorat.
3611 2380 3992 2449 Deliberavi
4055 2404 4206 2450 eum

2244 2463 2577 2529 fratribus.
2670 2462 2892 2544 Quum
2934 2462 3008 2527 in
3050 2463 3247 2529 rebus
3302 2466 3629 2548 perplexis
3687 2466 3849 2532 adeo
3893 2477 3962 2534 et
4002 2489 4206 2553 prope

2247 2547 2604 2631 deploratis
2667 2547 2853 2613 nulla
2916 2569 2988 2614 se
3051 2548 3221 2615 ratio
3275 2550 3572 2631 offerret,
3642 2552 3706 2617 N
3708 2552 4042 2619 eodunum
4095 2575 4206 2619 me

2246 2634 2513 2700 centuli.
2571 2633 2884 2701 Intellexi
2921 2635 3116 2718 longe
3150 2636 3417 2719 gravius
3452 2637 3658 2703 fuisse
3694 2636 3777 2704 ab
3799 2639 3943 2706 illis
3977 2658 4207 2723 pecea-

2248 2728 2389 2785 tum
2433 2740 2630 2802 quam
2665 2719 2895 2786 literae
2928 2720 3327 2786 contineant.
3402 2721 3706 2802 Causam,
3749 2744 3899 2789 meo
3942 2724 4204 2804 iudicio,

2247 2825 2383 2870 nen
2436 2806 2709 2872 omnino
2757 2807 2998 2871 bonam
3054 2812 3346 2872 tuentur.
3434 2810 3785 2875 Actionem
3828 2830 4058 2875 omnes
4101 2810 4202 2876 vi-

2248 2890 2407 2956 dent
2448 2912 2594 2958 esse
2625 2899 3134 2975 praeposteram.
3202 2891 3296 2956 Et
3336 2899 3576 2973 tamen,
3621 2915 3827 2977 quum
3864 2893 4206 2964 videamus

2250 2978 2475 3042 omnia
2527 2978 2892 3060 pessumire
2907 3028 2925 3057 ,
2985 2997 3117 3060 qua
3156 2977 3554 3044 conscientia
3601 2980 3984 3047 silebimus?
4074 2982 4208 3049 Ro-

2250 3064 2405 3147 gavi
2463 3063 2818 3143 Nicolaum,
2838 3064 2897 3148 ⁶)
2955 3082 3043 3127 an
3098 3061 3311 3130 literis
3355 3064 3711 3148 quidquam
3764 3075 4031 3151 putaret
4083 3090 4207 3138 nos

2250 3147 2676 3231 profecturos.
2760 3146 3063 3231 Trepide,
3105 3170 3230 3215 nee
3272 3153 3416 3215 sine
3471 3149 3879 3233 difficultate,
3935 3162 4011 3219 ut
4051 3157 4209 3222 seri-

2252 3233 2557 3300 beremus
2601 3255 2907 3301 assensus
2950 3244 3067 3300 est.
3156 3231 3234 3300 Si
3291 3235 3442 3318 quis
3483 3240 3763 3303 nuncius
3819 3258 3892 3304 se
3944 3247 4206 3308 mature

2251 3320 2516 3397 offeret,
2579 3328 2764 3385 tuam
2826 3340 3082 3403 quoque
3144 3321 3541 3386 sententiam
3605 3324 3936 3406 significes
3988 3327 4208 3394 velim.

2252 3403 2515 3472 Deinde
2554 3406 2775 3490 cogita
2806 3426 3029 3471 annon
3061 3412 3326 3488 tempus
3368 3407 3458 3472 sit
3495 3407 3788 3474 instandi
3831 3408 3911 3476 de
3953 3412 4210 3496 synodo
4247 3470 4251 3475 .

2249 3490 2684 3575 impetranda.
2762 3490 2953 3572 Vale,
2994 3490 3200 3557 frater
3232 3498 3303 3558 et
3344 3492 3552 3559 amice
3594 3495 4035 3579 integerrime,
4070 3519 4211 3565 una

2251 3596 2402 3642 eum
2446 3597 2686 3656 uxore,
2739 3598 2937 3660 quam
2991 3584 3218 3643 nostro
3275 3577 3573 3643 omnium
3621 3580 3887 3646 nomine
3931 3580 4214 3666 diligen-

2251 3669 2356 3727 ter
2396 3662 2731 3742 salutabis,
2775 3672 2845 3728 et
2885 3662 3196 3729 Iacobum
3254 3671 3323 3728 et
3373 3663 3676 3747 reliquos.
3766 3665 4100 3749 Genevae,
4148 3673 4209 3737 3.

2250 3746 2566 3815 Decemb.
2618 3751 2802 3815 1546.

3176 3831 3457 3900 Ioannes
3502 3833 3821 3901 Calvinus
3862 3842 4035 3904 tuus.

2373 3952 2603 4035 Quum
2645 3953 2768 4019 has
2803 3950 3080 4036 recipies
3121 3970 3313 4034 spero
3348 3951 3525 4035 apud
3559 3960 3627 4018 te
3661 3954 3798 4021 fore

2250 4040 2522 4104 fratrem
2565 4047 2866 4104 nostrum
2901 4038 3176 4104 Petrum
3201 4037 3517 4103 Per-ellum
3535 4039 3593 4112 θ)
3633 4037 3796 4105 Oru-

2252 4125 2409 4190 ciati
2451 4123 2853 4190 ministrum.
2956 4121 3128 4187 Vide
3173 4129 3250 4187 ut
3297 4143 3449 4187 eum
3506 4125 3798 4193 instruas

2252 4210 2523 4294 optimis
2565 4209 2875 4288 consiliis,
2920 4216 2989 4273 et
3022 4207 3279 4291 quande
3321 4208 3392 4274 in
3418 4210 3802 4277 consistorio

2254 4305 2489 4380 agetur
2523 4315 2722 4446 eausa
2761 4294 2848 4360 D.
2870 4294 2933 4360 N
2934 4293 3140 4360 icolae
3177 4292 3627 4363 Wattevilkmi
3646 4318 3797 4362 eum

2254 4402 2552 4448 commen
2600 4403 2656 4447 a.

2288 4551 2428 4606 858.
2467 4550 2521 4618 1)
2566 4549 2719 4620 Quae
2752 4551 2989 4617 agebant
3020 4549 3088 4605 de
3117 4550 3281 4606 rebus
3312 4550 3533 4617 bellicis,
3568 4556 3631 4605 ut
3665 4551 3899 4607 videtur.

2461 4619 2522 4686 2)
2560 4620 2657 4674 Aa
2688 4619 2823 4674 haec
2854 4620 3074 4689 περσεία
3107 4620 3404 4675 tractanda
3439 4619 3525 4675 10.
3556 4618 3834 4676 Smi'ue
3864 4637 3934 4675 m.
3957 4621 4211 4690 Auousto

2252 4695 2305 4744 et
2343 4688 2571 4744 Octobre
2602 4691 2667 4743 in
2706 4687 2947 4744 Galliam
2981 4689 3181 4743 missus
3209 4689 3414 4754 fuerat.
3486 4687 3612 4743 Rex
3645 4693 3825 4743 men
3872 4689 4213 4747 condatense

2251 4759 2388 4813 talea
2421 4757 2760 4827 proponebat
2794 4757 2995 4827 quibus
3065 4758 3304 4826 rincipee
3338 4757 3586 4812 accedere
3617 4772 3733 4813 non
3755 4763 4034 4826 poterant.
4115 4760 4207 4816 Vi—

2252 4827 2400 4882 desis
2434 4827 2807 4881 documentum
2840 4825 2987 4895 quod
3056 4829 3147 4880 uie
3177 4841 3254 4893 ep.
3288 4826 3623 4882 sufficimus.

2458 4893 2517 4962 3)
2556 4894 2769 4949 Medici
2797 4900 3065 4963 aequatus
3096 4897 3151 4950 ie
3171 4896 3356 4964 fuisse
3389 4894 3620 4950 videtur.

2361 5102 2374 5115 ·
2457 4962 2521 5097 ἓ)
2554 4961 2942 5088 1Ῥνῑᾶιῗιδεξῂυίῑῑε»ιιι
2941 5046 3037 5113 em,
3078 5030 3160 5085 Io.
3179 5031 3377 5086 Iacobi
3406 5030 3647 5087 consulis
3676 5030 3850 5098 filium·
3851 5070 3867 5086 .
3917 5031 4208 5093 Bonnetue

2248 5106 2439 5171 Pom
2461 5101 2539 5238 gs
2560 5100 3260 5252 ffmkqntzogzagaqum
3241 5105 3470 5224 punitae&
3505 5167 3703 5248 Petrus
3723 5167 4023 5237 Pmmat,
4057 5170 4210 5228 Bur·

2252 5239 3124 5378 fflffi·a”⁰.ss¹“.9²?5⁰vffl
3152 5236 3673 5363 &ww-⁶2⁶3&
3698 5250 3805 5290 Μ
3842 5236 4115 5295 ⁶⁶⁸⁸⁶⁰“’'⁸
4148 5256 4210 5298 ⁸⁶

3723 5388 3796 5444 28
