4825 6175
648 493 722 555 31
2167 476 2697 545 EPISTOLAE
2745 481 3107 543 612—615
3413 471 3420 478 '
3701 532 3706 538 .
4556 478 4623 542 32

646 676 782 744 illio
831 677 938 741 via
985 697 1119 741 non
1165 682 1266 740 est
1310 674 1525 739 omnis
1574 671 1867 748 exclusa,
1926 689 2047 734 nec
2100 669 2364 751 penitus
2421 665 2592 731 male

647 762 950 829 audimus
991 762 1332 842 utrinque,
1394 759 1691 843 quamvis
1749 777 1870 823 nec
1924 774 2227 838 prorsum
2283 773 2595 819 vacemus

648 849 830 914 omni
872 847 1254 930 suspicione.
1345 844 1478 926 Qui
1533 865 1574 909 a
1617 842 1888 908 Ltdhero
1931 839 2250 905 dissident
2275 837 2358 925 ¹⁸)
2401 835 2595 904 valde

647 933 1070 1000 offenduntur
1113 941 1439 1016 postremo
1486 932 1566 996 ab
1610 951 1685 995 eo
1728 929 1903 993 edito
1938 925 2155 991 libello
2190 924 2302 1008 qui
2335 944 2595 1007 germa-

645 1020 794 1086 nice
838 1019 1160 1084 duntaxat
1203 1036 1484 1083 excusus
1527 1024 1645 1081 est.
1713 1013 1908 1095 Quod
1944 1014 1999 1077 si
2034 1033 2194 1076 vera
2236 1018 2395 1075 sunt
2430 1030 2596 1092 quae

647 1106 908 1172 Bernae
951 1103 1173 1170 audivi
1214 1112 1283 1168 et
1326 1122 1488 1186 quae
1532 1101 1612 1167 de
1656 1122 1732 1166 eo
1755 1099 1839 1165 ad
1882 1118 2004 1163 nos
2048 1097 2308 1179 scripsit
2346 1095 2599 1160 Bullin-

645 1212 867 1277 yeme,
934 1211 1068 1256 non
1136 1188 1327 1254 valde
1391 1189 1593 1252 miror
1656 1188 1711 1252 si
1756 1184 2189 1251 offendantur.
2299 1181 2596 1263 Tigurini

650 1284 890 1363 parant
931 1296 1334 1359 responsum.
1425 1272 1814 1338 Statuerant
1867 1269 2239 1354 germanice
2282 1267 2488 1332 latine
2534 1274 2601 1330 et

651 1363 884 1448 gallice
927 1361 1244 1426 adversus
1284 1382 1431 1424 eum
1478 1359 1762 1425 scribere
1819 1366 1888 1420 et
1941 1355 2083 1419 eius
2140 1353 2451 1417 conviciis
2496 1374 2598 1416 re-

653 1446 991 1533 spondere,
1078 1447 1334 1511 uamvis
1376 1444 1867 1509 modestissime.
1938 1441 2083 1523 Ego
2128 1460 2304 1514 vero,
2353 1448 2419 1502 et
2453 1458 2600 1502 meo

651 1534 968 1600 instinctu
1033 1469 1308 1606 gadim,
1369 1530 1831 1602 dissuasimuS,
1892 1526 2261 1607 nostrisque
2315 1522 2599 1589 consiliis

652 1618 1122 1702 obsequuturos
1178 1618 1482 1703 promisit
1538 1615 1676 1681 suis
1728 1614 1934 1678 literis
1989 1611 2432 1692 BullinyeruS,
2490 1610 2601 1692 qui

652 1706 1024 1790 germanice
1088 1724 1472 1787 responsum
1528 1712 1747 1784 parat,
1820 1706 2163 1782 postquam
2229 1695 2600 1779 germanice

651 1791 935 1873 scriptus
980 1797 1083 1855 est
1125 1790 1403 1854 libellus.

818 1877 924 1942 De
970 1874 1256 1941 Fontano
1284 1875 1366 1957 14)
1412 1870 1572 1956 quid
1617 1879 1835 1936 actum
1879 1871 1987 1946 sit,
2031 1868 2261 1951 opinor
2304 1876 2370 1931 te
2414 1864 2600 1930 audi-

649 1962 842 2026 visse.
930 1960 1176 2026 Nostro
1219 1980 1496 2024 munere
1539 1957 1752 2022 functi
1796 1974 2044 2020 sumus.
2119 1951 2445 2017 Sulzerum
2489 1951 2599 2017 de-

651 2068 784 2112 nuo
829 2045 1137 2112 admonui
1183 2045 1480 2110 omnium
1524 2063 1725 2126 quum
1765 2040 2024 2106 Bernae
2070 2060 2296 2103 essem.
2387 2037 2494 2102 Ad
2520 2038 2596 2102 B.

651 2133 991 2198 ministros
1025 2140 1320 2198 vestrum
1359 2128 1806 2194 testimonium
1841 2147 1988 2192 cum
2025 2133 2247 2189 nostro
2283 2124 2599 2189 misimus.

648 2217 837 2283 Nihil
882 2228 1104 2282 tamen
1142 2216 1396 2283 obstitit
1438 2216 1785 2297 quominus
1829 2210 2101 2276 idoneus
2138 2209 2463 2274 indicatus
2500 2209 2602 2273 sit.

650 2304 762 2369 An
806 2311 1062 2369 nostras
1106 2302 1330 2366 literas
1375 2298 1782 2366 reddiderint
1826 2297 2059 2362 nescio.
2130 2294 2351 2376 Quum
2390 2294 2600 2374 rediit,

651 2388 1056 2473 gloriabatur
1091 2409 1160 2453 se
1204 2388 1271 2450 in
1309 2385 1567 2451 duobus
1601 2383 1761 2449 locis
1797 2381 2170 2457 desiderari,
2216 2383 2269 2445 si
2308 2380 2605 2463 bicorpor

653 2482 843 2539 esset.
912 2474 1081 2537 Nam
1129 2471 1613 2537 Iverdunenses
1656 2469 1953 2534 homines
1997 2466 2190 2531 valde
2235 2466 2601 2548 cupiebant,

694 2581 932 2624 uorum
975 2567 1193 2623 autem
1239 2578 1436 2623 suasu
1477 2557 1666 2621 facile
1710 2554 1985 2619 divinas.
2055 2553 2430 2617 Narrabant
2463 2552 2605 2633 qui-

699 2667 836 2723 am,
895 2644 1115 2709 virum
1175 2643 1363 2708 illum
1408 2643 1532 2708 sibi
1592 2639 1781 2705 valde
1835 2640 2034 2704 fuisse
2078 2658 2118 2702 a
2161 2636 2359 2703 Beato
2401 2638 2600 2702 Bern.

652 2730 1197 2807 commendatum,
1222 2752 1298 2795 ac
1311 2730 1527 2812 ipsum
1543 2726 1945 2793 consuluisse
1968 2735 2041 2789 ut
2057 2732 2398 2807 postquam
2416 2723 2602 2789 classi

652 2838 815 2900 opus
857 2825 1033 2883 esset
1075 2817 1399 2893 ministro,
1446 2835 1594 2891 eum
1638 2813 1706 2876 in
1750 2831 1893 2876 eam
1932 2809 2379 2876 asciscendum
2416 2831 2604 2874 cura-

651 2912 837 2980 rent,
895 2902 1065 2984 quod
1123 2900 1337 2966 modis
1391 2899 1696 2963 omnibus
1752 2898 1967 2964 conati
2012 2906 2184 2976 sunt,
2244 2896 2372 2960 nisi
2416 2916 2604 2980 prae-

653 2990 838 3054 venti
890 2988 1173 3052 fuissent
1228 3006 1268 3049 a
1312 2984 1724 3051 Gaiensibus.
1826 2980 1979 3064 Qua
2036 2982 2162 3048 fide
2208 2980 2468 3065 egerint
2509 2981 2608 3045 illi

653 3074 779 3159 ipsi
830 3073 1135 3140 viderint.
1231 3070 1425 3154 Quod
1467 3071 1797 3155 potuimus
1841 3068 2304 3153 praestitimus,
2348 3077 2425 3132 ut
2469 3087 2606 3132 ma·

653 3182 781 3226 nus
825 3168 1088 3227 nostrae
1132 3179 1336 3242 purae
1381 3165 1599 3223 essent
1634 3157 1715 3221 ab
1752 3176 1827 3221 eo
1864 3154 2131 3240 flagitio,
2178 3156 2236 3220 si
2273 3152 2446 3236 quod
2482 3153 2606 3219 hac

651 3245 723 3311 in
779 3254 968 3329 parte
1022 3245 1554 3310 committeretur.
1661 3239 1974 3307 Salutant
2040 3249 2105 3304 te
2163 3240 2370 3305 amici.
2461 3239 2607 3303 Iam

653 3339 828 3396 totos
871 3330 1035 3397 duos
1078 3351 1338 3395 menses
1382 3329 1724 3395 concionor
1773 3325 2077 3410 quotidie.
2145 3323 2339 3407 Quod
2383 3326 2440 3390 si
2475 3324 2607 3391 col-

652 3417 803 3501 lega
841 3439 978 3482 non
1020 3417 1526 3483 concionaturus
1570 3422 1671 3479 est
1715 3410 1920 3478 donec
1965 3433 2084 3496 ego
2127 3432 2419 3494 urgeam,
2465 3409 2607 3476 diu-

653 3503 787 3569 tius
851 3501 1294 3568 concionabor.
1400 3499 1635 3566 Saluta
1701 3499 1978 3576 amicos,
2045 3496 2429 3581 praesertim
2496 3494 2608 3560 do-

653 3589 977 3655 mesticos.
1064 3586 1253 3653 Vale.
1345 3587 1745 3651 Lausannae
1792 3589 1849 3649 7.
1897 3584 2092 3649 Febr.

1797 3721 1980 3785 Tuus
2021 3720 2098 3785 P.
2145 3720 2434 3785 Viretus.

826 3926 1209 3993 Ludovicus
1265 3925 1645 3993 Bernartius
1671 3926 1756 4003 ι5)
1815 3946 1921 3990 me
1982 3932 2333 4009 rogaverat
2395 3926 2609 3993 literis

656 4022 753 4091 ut,
799 4015 855 4079 si
898 4011 1231 4079 commode
1275 4033 1553 4096 possem,
1597 4018 1902 4095 nepotem
1938 4009 2110 4094 apud
2145 4032 2252 4076 me
2296 4011 2606 4077 alendum

655 4109 724 4165 et
766 4097 1244 4164 instituendum
1289 4098 1702 4181 susciperem.
1770 4096 1905 4162 Sed
1940 4118 2137 4179 quam
2173 4118 2408 4179 parum
2445 4098 2610 4163 mihi

655 4192 1094 4268 opportunum
1136 4184 1226 4249 sit
1267 4182 1390 4249 hoc
1435 4192 1744 4267 tempore,
1786 4182 1953 4247 nihil
1988 4204 2151 4266 opus
2188 4192 2289 4247 est
2321 4193 2398 4248 ut
2437 4185 2605 4250 mul-

655 4272 741 4337 tis
783 4271 1105 4354 explicem
1149 4268 1322 4352 apud
1378 4275 1461 4334 te.
1552 4271 1808 4334 Domus
1866 4289 2014 4333 mea
2068 4268 2200 4332 iam
2260 4269 2457 4352 plena
2509 4277 2610 4336 est

656 4364 724 4421 et
765 4376 901 4421 non
947 4365 1046 4420 est
1089 4354 1254 4418 mihi
1296 4362 1525 4437 parata
1548 4374 1811 4419 annona
1854 4364 2078 4419 tantae
2103 4354 2373 4419 alendae
2418 4356 2607 4420 fami-

654 4442 802 4507 liae.
891 4440 1381 4507 Oonstitueram
1446 4440 1718 4525 posthac
1774 4461 1879 4505 me
1938 4440 2202 4523 penitus
2254 4462 2605 4523 puerorum

657 4548 856 4593 onere
891 4524 1189 4605 liberare,
1226 4525 1341 4590 sed
1375 4525 1628 4591 invitus
1651 4534 1718 4591 et
1752 4525 2056 4609 precibus
2091 4526 2309 4592 victus
2343 4535 2607 4593 coactus

657 4635 807 4678 sum
827 4613 1150 4679 Bernates
1173 4611 1418 4693 aliquot
1435 4610 1799 4688 admittere,
1837 4631 1996 4695 quos
2031 4621 2191 4693 puto
2226 4611 2606 4697 propediem

658 4706 984 4764 venturos.
1077 4696 1169 4762 Te
1215 4699 1420 4781 igitur
1466 4718 1704 4780 quaeso
1762 4704 1840 4762 ut
1898 4694 2071 4779 apud
2113 4696 2299 4761 illum
2342 4721 2448 4763 me
2489 4720 2606 4763 ex-

658 4806 875 4862 cuses,
935 4784 1018 4850 ad
1062 4804 1255 4867 quem
1300 4782 1579 4849 scribam
1624 4782 1736 4848 ubi
1778 4783 1927 4865 plus
1970 4783 2087 4848 otii
2131 4792 2361 4850 nactus
2404 4786 2605 4850 fuero.

835 4986 927 5054 13)
971 4988 1218 5043 Ridet-us
1251 5003 1372 5043 cum
1406 4989 1525 5042 auis
1558 4988 1795 5042 asseclis.

832 5056 927 5122 14)
963 5054 1216 5111 ministro
1265 5055 1506 5111 Vadensi
1536 5063 1595 5110 ut
1630 5057 1860 5110 videtur.
1937 5055 2150 5123 Crottet,
2188 5056 2334 5111 Hist.
2372 5062 2425 5112 et
2457 5058 2604 5113 Ami.

661 5125 729 5181 de
762 5128 819 5180 la
853 5124 977 5179 ville
1011 5124 1340 5191 d’Yverdon,
1375 5124 1442 5179 de
1475 5140 1537 5179 eo
1572 5131 1724 5179 tacet.

686 5198 693 5204 ·
837 5194 927 5260 15)
961 5194 1088 5248 olim
1116 5195 1399 5263 presbyter
1433 5193 1509 5249 ad
1543 5191 1620 5247 D.
1656 5193 1815 5247 Pom·
1853 5192 2126 5261 Genevae,
2172 5194 2282 5259 fuit
2312 5194 2457 5247 inter
2487 5194 2605 5262 pri·

660 5278 782 5318 mos
815 5264 913 5333 qui
957 5262 1161 5317 abiecto
1206 5263 1413 5317 cucullo
1457 5278 1523 5315 m.
1577 5260 1736 5316 Maio
1784 5259 1919 5315 1534
1964 5261 2041 5315 ad
2086 5263 2395 5331 evanyelica
2446 5278 2606 5317 sacra

661 5337 1015 5387 transierunt.
1089 5330 1339 5386 Sororem
1374 5330 1610 5385 Amadei
1631 5330 1862 5385 Pero-ini
1893 5346 2116 5384 uxorem
2144 5332 2403 5399 protinus
2439 5331 2604 5386 duxe-

660 5407 771 5457 rat.
843 5400 1041 5469 (Spon,
1076 5399 1200 5454 hies.
1236 5400 1303 5455 de
1343 5398 1540 5455 θεων.
1584 5400 1625 5454 Ῑ.
1660 5397 1784 5455 246.
1852 5399 2114 5469 Herminj.
2149 5399 2253 5454 111.
2292 5397 2431 5466 186.)

3590 663 3739 734 613.

3223 820 3696 888 OALVINUS
3739 819 4110 886 VIRE'PO.

4406 990 4635 1058 Farelli

2871 992 3196 1075 Epistolae
3262 1012 3461 1074 nuper
3547 991 3981 1075 theberyam
4042 993 4293 1058 missae.

3173 1078 3341 1145 Novi
3382 1078 3658 1144 consules
3699 1080 3870 1144 electi
3912 1083 3969 1142 ct
4009 1078 4144 1143 alia
4183 1078 4487 1144 nonnulla
4523 1079 4635 1144 obi-

2698 1079 3077 1160 opusculum.

2700 1169 2791 1228 ter
2831 1163 3123 1230 delibata.

2702 1335 2815 1398 (Ex
2852 1340 3079 1403 autogra
3116 1335 3188 1388 ho
3226 1334 3353 1388 Cod.
3392 1334 3594 1387 Genev.
3633 1333 3750 1398 106,
3787 1336 3882 1389 fol.
3919 1334 4036 1388 128.
4075 1336 4330 1388 Vidimus

2703 1403 3015 1525 εροςῑέἑῒα
3096 1403 3322 1485 arretini
3360 1403 3492 1456 God.
3546 1401 3668 1468 111,
3720 1404 3816 1485 fol..
3855 1404 3980 1470 111,
4011 1404 4308 1484 ’Berneuse
4394 1403 4641 1526 pssbvu

2772 1490 2823 1542 p.
3002 1479 3058 1525 et
3094 1473 3310 1526 Simleri
3344 1472 3470 1526 Vol.
3506 1471 3587 1526 56.
3658 1473 3883 1541 Anglice
3919 1474 4119 1542 legitur
4153 1473 4213 1526 Τ.
4253 1472 4291 1526 Ι.
4329 1490 4383 1542 p.
4529 1477 4569 1538 .)

4405 1342 4642 1388 materen

2704 1661 3121 1725 Fidelissimo
3163 1631 3316 1724 Iesu
3363 1660 3610 1725 Christi
3650 1659 3922 1724 Domini
3964 1661 4175 1725 nostri
4218 1681 4412 1726 servo
4456 1661 4646 1726 Petro

2704 1747 2940 1811 Vireto
2960 1746 3804 1845 Lausannensisflcclesiae
3838 1747 4086 1828 pastori
4123 1747 4311 1811 fratri
4345 1756 4411 1811 et
4447 1747 4648 1811 amico

3462 1844 3900 1915 integerrima

2875 1967 3047 2033 Vide
3082 1989 3278 2050 quam
3316 1965 3609 2031 nondum
3646 1989 3750 2032 me
3790 1967 4094 2050 ignaviae
4130 1990 4315 2033 meae
4351 1968 4591 2052 pigeat.
4607 1968 4650 2054 ¹)

2705 2054 3057 2120 Rationem
3103 2055 3326 2118 inveni
3372 2075 3500 2135 qua
3554 2074 3658 2118 me
3716 2052 4039 2118 scribendi
4100 2054 4319 2118 labore
4359 2055 4654 2120 subleva-

2704 2162 2866 2206 rem.
2899 2141 2904 2146 ’
2951 2139 3316 2223 Exemplar
3359 2139 3701 2203 literarum
3743 2161 3903 2219 quas
3941 2138 4211 2204 Luthero
4253 2153 4323 2205 et
4361 2139 4655 2222 Philippo

2708 2227 2938 2308 scripsi
2958 2228 3016 2309 ²)
3062 2223 3145 2289 ad
3188 2235 3254 2288 te
3296 2226 3506 2301 mitto,
3563 2235 3636 2288 ut
3679 2224 3832 2290 inde
3872 2224 4202 2309 intelligas
4260 2247 4380 2290 cur
4423 2225 4511 2289 ad
4556 2246 4655 2290 eos

2712 2311 3053 2378 Claudium
3096 2311 3401 2375 miserim.
3471 2310 3768 2375 Adiunxi
3812 2311 4038 2376 tertias
4083 2311 4163 2376 ad
4210 2333 4362 2376 eum
4407 2312 4523 2393 qui
4557 2331 4657 2375 me

2710 2397 2788 2463 de
2833 2419 2911 2462 ea
2954 2418 3027 2461 re
3072 2404 3443 2480 rogaverat.
3465 2397 3520 2466 ⁸)
3593 2396 3871 2461 Gh‘ardo
3915 2396 4157 2461 librum
4205 2396 4482 2476 Farelli,
4531 2398 4655 2480 pri-

2710 2483 2813 2548 die
2857 2504 3048 2565 quam
3098 2490 3246 2547 tuae
3285 2483 3601 2558 venirent,
3655 2483 3879 2547 Tertor
3921 2503 3960 2546 a
4006 2482 4444 2564 Ghmtophoro
4493 2493 4658 2547 attu-

2708 2570 2892 2634 lerat.
2982 2569 3190 2633 Brevi
3253 2568 3683 2650 imprimetur.
3788 2567 4200 2635 Ludovicum
4255 2568 4661 2634 Bernardum

2709 2654 3001 2720 nondum
3044 2675 3193 2720 sum
3238 2653 3630 2736 alloquutus.
3718 2653 3838 2719 Bis
3882 2655 4012 2717 iam
4058 2654 4226 2718 mihi
4269 2676 4307 2719 a
4351 2655 4660 2720 concione

2710 2741 2970 2823 elapsus
3013 2748 3128 2805 est.
3193 2738 3328 2805 Sed
3373 2760 3520 2806 cras
3560 2747 3676 2804 aut
3717 2739 4027 2822 perendie
4068 2748 4134 2803 te
4177 2739 4275 2803 illi
4318 2741 4659 2805 excusabo.

2712 2828 2815 2891 De
2878 2825 3111 2891 Comite
3176 2824 3438 2889 audiam
3509 2845 3712 2907 quum
3781 2824 4055 2890 veneris.
4155 2825 4329 2891 Nam
4388 2826 4662 2891 auribus

2711 2913 2892 2991 meis,
2937 2920 3017 2977 ut
3060 2909 3269 2989 video,
3326 2932 3501 2975 nunc
3558 2911 3884 2993 parcitur,
3939 2911 4106 2994 quod
4164 2910 4446 2976 aliorum
4497 2911 4662 2976 male

2714 2997 2939 3063 audire
2982 3019 3116 3062 non
3172 3009 3510 3081 coguntur.
3602 2997 3692 3060 Et
3734 3002 3907 3061 certe
3960 2995 4220 3062 abunde
4286 3003 4519 3063 nostra
4560 3017 4661 3064 co·

2713 3082 2982 3169 gitando
3043 3081 3417 3150 discrucior.
3534 3081 3704 3148 Mihi
3761 3083 3953 3147 ¹enim
4007 3106 4156 3149 cum
4213 3081 4553 3167 hypocrisi
4595 3083 4664 3147 in

2713 3171 3001 3235 tenebris
3045 3191 3164 3253 pro
3208 3190 3388 3234 more
3430 3167 3815 3234 luctandum
3861 3177 3974 3234 est.
4065 3167 4473 3235 Amblardus
4525 3168 4664 3236 Gor-

2713 3277 2895 3336 neuS,
2950 3277 3076 3338 quo
3120 3276 3190 3319 se
3247 3254 3578 3321 abdicaret
3630 3263 4008 3337 quaestura,
4067 3262 4371 3320 senatum
4433 3277 4520 3321 ex
4605 3277 4664 3318 r-

2714 3341 2964 3427 gefecit.
3064 3340 3356 3406 Protulit
3412 3341 3588 3404 enim
3660 3340 3741 3403 ad
3800 3338 4054 3423 plebem
4109 3360 4276 3423 quae
4332 3343 4398 3406 in
4537 3341 4663 3428 ytis

2713 3428 2932 3493 curiae
2978 3427 3295 3491 hactenus
3349 3426 3696 3491 latuerant.
3786 3424 3962 3506 Quia
4017 3428 4441 3509 suspicantur
4460 3479 4478 3508 ,
4537 3447 4663 3492 non

2709 3515 2852 3579 sine
2896 3534 3045 3577 mea
3085 3512 3483 3579 conscientia
3538 3510 3606 3575 id
3663 3512 3863 3577 fuisse
3909 3513 4188 3591 factum,
4234 3514 4508 3578 tametsi
4554 3533 4663 3596 pa-

2713 3600 2847 3664 lam
2892 3621 3025 3663 non
3083 3596 3328 3662 audent
3387 3618 3796 3676 succensere,
3863 3618 3940 3662 ac
3997 3618 4082 3662 ne
4135 3597 4347 3663 ullum
4403 3598 4667 3684 quidem

2714 3685 2870 3750 dare
2914 3685 3176 3768 signum
3220 3682 3712 3767 indignationis,
3753 3682 3943 3749 video
3986 3691 4206 3749 tamen
4250 3705 4453 3767 quam
4498 3683 4667 3750 male

2715 3770 2932 3837 affecti
2967 3777 3140 3835 sunt.
3208 3770 3300 3833 Et
3336 3769 3464 3833 iam
3506 3766 3730 3833 decem
3774 3770 3909 3833 fere
3954 3769 4373 3836 concionibus
4420 3778 4668 3837 statum

2713 3855 2894 3922 urbis
2947 3856 3327 3920 interiorem
3384 3854 3722 3919 ventilavi.
3830 3853 4008 3935 Quid
4066 3865 4290 3920 tamen
4355 3857 4430 3921 in
4493 3857 4666 3921 hunc

2713 3940 3163 4026 labyrinthum
3223 3940 3601 4025 ingredior?
3690 3941 3944 4006 Venias
4002 3961 4160 4026 ergo
4219 3950 4295 4006 ut
4350 3943 4667 4025 inspicias

2714 4050 2790 4093 ea
2844 4048 3011 4111 quae
3062 4025 3386 4092 audiendo
3441 4047 3830 4110 cognoscere
3886 4048 4018 4092 non
4076 4034 4280 4110 potes.
4385 4025 4668 4112 Syndici

2713 4114 2915 4179 creati
2960 4123 3113 4177 sunt
3155 4112 3528 4177 Amedaeus
3578 4111 3879 4193 Cunctas,
3924 4111 4299 4179 Amedaeus
4340 4113 4667 4193 Perrinus,

2712 4198 3100 4263 Dominicus
3145 4198 3349 4277 Arlot,
3409 4198 3671 4263 Iacobus
3687 4201 3744 4277 ⁴)
3800 4200 4247 4264 Tononiensis.
4352 4198 4436 4263 In
4481 4218 4668 4264 sena·

2714 4293 2856 4350 tum
2899 4284 3117 4349 allecti
3159 4281 3541 4349 Ludovicus
3586 4282 3983 4364 Romanius,
4042 4284 4286 4349 Petrus
4346 4285 4564 4350 Vema
4607 4292 4666 4348 et

2715 4371 2841 4436 duo
2887 4371 3017 4435 alii.
3106 4370 3249 4453 Ipsi
3296 4370 3376 4434 de
3420 4392 3490 4433 se
3529 4370 3776 4453 optima
3811 4371 4062 4454 sperari
4109 4369 4360 4435 volunt.
4433 4369 4667 4437 Nescio

2712 4456 2868 4539 quid
2912 4476 3173 4539 sperare
3220 4454 3505 4523 debeam.
3595 4455 3766 4520 Nam
3824 4457 3944 4521 sub
4004 4454 4255 4521 Christi
4313 4464 4666 4540 praetextu

2711 4563 2990 4626 regnare
3034 4541 3176 4606 sine
3221 4541 3487 4606 Christo
3529 4541 3781 4606 volunt.
3862 4541 4052 4619 Vale,
4097 4540 4304 4606 frater
4347 4550 4418 4608 et
4461 4544 4667 4607 amice

2711 4627 2874 4692 mihi
2917 4629 2986 4691 in
3031 4627 3314 4692 Domino
3358 4628 3711 4692 carissime.
3802 4625 4116 4694 Salutant
4158 4636 4223 4692 te
4269 4647 4345 4692 ac
4396 4628 4667 4694 domum

2711 4722 2892 4779 tuam
2936 4733 3162 4779 omnes
3217 4712 3442 4777 nostri.
3535 4712 3769 4778 Saluta
3824 4713 4132 4779 Bibittum
4192 4725 4260 4779 et
4301 4712 4664 4794 Imber-tum,

2734 4989 2873 5043 613.
2910 4987 2970 5051 1)
3008 4986 3210 5056 pudeat
3251 4984 3313 5039 T.
3348 4985 3420 5039 B.
3459 4984 3521 5041 8.
3555 4984 3724 5055 Anyl.

2916 5054 2974 5121 2)
3011 5053 3888 5110 N.605et606ubietde01.
3926 5053 4237 5112 Senarcleo.

2914 5124 2975 5189 3)
3017 5122 3456 5178 Va1.Poaamm
3487 5123 3725 5191 fortasse
3920 5129 4107 5180 tamen
4125 5141 4244 5180 non
4276 5128 4471 5180 emetat.
4528 5122 4663 5180 Vide

2711 5194 2789 5249 N.
2808 5192 2928 5260 587,
2964 5193 3049 5248 vel
3074 5192 3271 5274 potius
3307 5192 3588 5315 Cgpnitpn
3625 5140 3965 5262 (alslssoo).
4021 5195 4111 5250 De
4142 5196 4380 5264 iisquae
4403 5194 4662 5264 proxim

2710 5279 2768 5318 ⁸3
2887 5333 2977 5413 .4)
3015 5261 3790 5401 Imebtgp.doew2tz⁸1’v.ffl
3823 5332 4044 5402 Anytus
4088 5332 4274 5388 nescio
4319 5347 4435 5402 qua
4486 5330 4660 5398 stetu-⁹

2708 5404 3008 5456 anoton-atate
3039 5402 3147 5456 Iac.
3182 5401 3251 5454 de
3288 5401 3563 5455 Tortonne
3598 5409 3769 5457 vocat.
