4825 6175
646 437 773 499 463

648 621 800 688 dide
843 640 1117 706 agamus
1160 626 1229 682 et
1272 615 1684 700 simpliciter,
1743 636 1876 679 non
1918 635 2264 698 possumus
2305 613 2441 680 illis
2485 634 2599 679 au-

647 717 823 774 tores
867 728 1009 772 0000
1063 712 1143 770 ut
1192 702 1372 770 istud
1414 700 1606 768 modo
1665 697 1926 779 faciant,
1972 698 2144 783 quod
2186 721 2271 766 ne
2313 701 2606 766 facerent

647 799 957 879 parentes
994 793 1296 875 ipsorum
1355 796 1643 866 autores,
1709 794 1776 850 ct
1828 807 1948 852 nos
2005 806 2260 869 quoque
2304 806 2604 851 suasores

649 880 912 946 fuimus

823 963 958 1045 Qui
976 965 1035 1039 ⁴)
1081 959 1506 1027 sacramentis
1556 959 1892 1024 vobiscum
1936 956 2423 1023 communicant
2464 956 2608 1039 ipsa

651 1048 1239 1119 communicatione
1260 1047 1669 1129 profitentur,
1715 1064 1786 1108 se
1805 1042 2078 1107 eandem
2102 1042 2442 1108 vobiscum
2486 1040 2606 1105 ha-

651 1137 808 1202 bere
865 1136 945 1199 de
1001 1132 1428 1199 sacramentis
1485 1131 1701 1195 fidem.
1804 1129 2012 1212 Atqui
2063 1130 2336 1193 iuvenes
2396 1127 2606 1192 nostri

653 1245 789 1288 non
833 1219 1108 1286 eandem
1145 1217 1479 1284 vobiscum
1516 1215 1713 1280 fidem
1749 1214 2025 1279 habent:
2066 1236 2182 1279 cur
2216 1233 2374 1297 ergo
2410 1233 2607 1296 opere

654 1310 1120 1394 profiterentur
1173 1303 1333 1368 foris
1389 1300 1559 1385 quod
1615 1303 1794 1364 intus
1852 1301 1922 1364 in
1989 1300 2207 1364 animo
2264 1320 2397 1364 non
2457 1320 2604 1364 sen-

655 1392 872 1459 tiunt?
963 1392 1104 1456 Aut
1147 1410 1267 1455 cur
1321 1409 1443 1453 nos
1494 1387 1869 1452 iuberemus
1926 1384 2071 1451 illos
2129 1392 2354 1450 contra
2407 1383 2611 1448 animi

656 1478 1051 1545 sententiam
1073 1485 1138 1540 et
1158 1473 1492 1558 propriam
1527 1473 1992 1538 conscientiam
2026 1471 2285 1536 facere?
2343 1470 2613 1535 Habent

656 1565 771 1631 isti
813 1565 1025 1629 iustae
1071 1560 1303 1626 aetatis
1361 1581 1599 1637 annos,
1661 1565 1942 1623 utuntur
1985 1557 2238 1622 ratione
2282 1577 2461 1634 sana,
2507 1556 2608 1619 in-

656 1650 966 1735 telligunt
1008 1646 1163 1731 quid
1207 1645 1551 1727 utrobique
1597 1644 1904 1708 doceatur
1946 1642 2219 1725 publice.

830 1735 1178 1800 Caeterum
1242 1731 1412 1795 nihil
1469 1730 1549 1795 ab
1610 1729 1739 1793 illis
1795 1729 2156 1810 requiritur
2213 1747 2412 1809 quam
2455 1745 2607 1790 con-

654 1823 849 1888 fessio
884 1819 1182 1904 paulina:
1229 1817 1434 1882 Panis
1468 1837 1663 1898 quem
1697 1813 2063 1898 frangimus
2099 1835 2318 1878 nonne
2354 1825 2455 1877 est
2489 1821 2608 1876 etc.

655 1909 911 1973 Verum
956 1903 1193 1982 audite,
1242 1903 1496 1978 fratres,
1542 1923 1674 1966 non
1719 1900 1798 1965 de
1841 1900 2062 1965 verbis
2105 1899 2314 1976 Pauli,
2370 1897 2483 1962 sed
2530 1896 2609 1961 de

657 2014 858 2060 sensu
903 1991 1252 2055 verborum
1297 1988 1491 2053 Pauli
1550 1996 1652 2051 est
1705 1986 1895 2050 nobis
1953 1984 2413 2051 controversia.
2521 1984 2611 2047 Et

655 2077 870 2146 fidelis
927 2082 1483 2141 sacramentorum
1537 2072 1890 2156 perceptio*
1927 2072 2202 2154 requirit
2257 2071 2609 2134 veritatem

659 2170 728 2229 et
769 2166 838 2228 in
887 2181 1123 2227 enuam
1150 2157 1552 2240 eandemque
1575 2157 2063 2234 confessionem,
2123 2156 2609 2220 simulationem

657 2250 841 2335 repel
871 2251 937 2312 't.
1027 2246 1177 2310 Non
1226 2244 1400 2309 idem
1445 2255 1548 2308 est
1591 2242 1679 2308 D.
1724 2242 1970 2308 Bucero
2030 2252 2096 2306 et
2152 2240 2338 2306 nobis
2397 2238 2479 2304 de
2535 2260 2610 2304 eo

656 2336 853 2403 Pauli
894 2335 1032 2398 loco
1067 2331 1402 2409 iudicium,
1450 2351 1581 2394 non
1618 2328 1844 2393 eadem
1882 2327 2234 2393 sententia:
2280 2327 2414 2391 imo
2458 2346 2610 2391 con-

657 2422 922 2488 veniret
964 2417 1152 2483 nobis
1196 2417 1457 2500 egregie
1501 2436 1652 2479 cum
1697 2413 1958 2489 Bucero,
2005 2415 2061 2478 si
2105 2414 2243 2495 ipse
2287 2434 2327 2476 a
2371 2420 2611 2477 semet·

656 2509 799 2590 ipso
864 2526 998 2570 non
1063 2502 1452 2568 dissentiret.
1555 2501 1661 2565 Ita
1714 2499 1892 2564 enim
1947 2497 2027 2563 de
2080 2519 2157 2563 eo
2215 2497 2352 2564 loco
2408 2510 2476 2562 et
2531 2496 2610 2561 de

660 2614 858 2658 sensu
905 2588 1256 2655 verborum
1294 2587 1487 2653 Pauli
1531 2586 1851 2651 sentimus
1890 2585 2060 2650 sicut
2095 2585 2466 2665 expositum
2510 2590 2614 2647 est

658 2680 948 2762 primum
993 2673 1252 2757 quidem
1311 2674 1384 2736 in
1446 2671 1887 2755 disputatione
1931 2669 2256 2734 Beruensi
2274 2720 2288 2746 ,
2349 2669 2454 2732 cui
2500 2666 2612 2732 ille

658 2761 1058 2844 subscripsit,
1108 2759 1342 2823 deinde
1385 2759 1457 2822 in
1501 2755 2024 2822 enarrationibus
2066 2755 2324 2838 Evang.
2365 2755 2447 2818 D.
2474 2753 2612 2818 Bu-

657 2851 803 2927 ceri,
851 2856 1178 2930 postremo
1235 2852 1301 2907 et
1356 2845 1429 2908 in
1487 2844 1857 2926 Arbogasto
1916 2840 2227 2906 eiusdem.
2315 2838 2396 2903 Id
2453 2859 2609 2903 vero

660 2933 994 3001 doctrinae
1050 2952 1261 3014 genus
1314 2950 1517 3011 quum
1569 2928 1680 2992 1110
1737 2928 2041 3005 mutarit,
2099 2934 2166 2990 et
2208 2927 2292 2991 D.
2341 2925 2611 2991 Luthero

656 3022 888 3087 beatae
930 3017 1282 3082 memoriae
1326 3015 1656 3081 diversum
1711 3012 2024 3078 sentienti
2067 3012 2413 3078 accesserit
2456 3019 2609 3075 ante

657 3128 869 3171 annos
913 3104 1176 3186 aliquot,
1222 3100 1490 3183 ideoque
1535 3123 1576 3166 a
1618 3121 1687 3165 se
1729 3102 1873 3182 ipso
1929 3099 2332 3175 discesserit,
2393 3096 2608 3161 diver-

658 3214 805 3258 sum
850 3189 933 3255 ab
972 3189 1134 3273 ipsis
1174 3187 1510 3264 sentimus,
1557 3185 1671 3251 sed
1714 3206 1850 3250 non
1885 3184 2183 3250 diverum
2222 3204 2262 3247 a
2283 3181 2353 3249 S.
2379 3182 2605 3249 Paulo.

656 3277 765 3343 De
808 3296 938 3360 qua
970 3296 1041 3339 re
1083 3274 1156 3337 in
1189 3273 1523 3356 praesenti
1556 3271 1879 3355 copiosius
1913 3269 2246 3354 disputare
2280 3269 2604 3334 nolumus.

659 3360 945 3428 Abunde
986 3360 1146 3425 satis
1188 3357 1268 3423 de
1312 3378 1390 3422 ea
1443 3379 1513 3422 re
1567 3378 1952 3441 responsum
2011 3377 2151 3421 esse
2210 3354 2610 3419 arbitramur

659 3448 744 3514 D.
784 3445 1071 3522 Luthem,
1117 3444 1232 3528 qui
1274 3443 1429 3526 quid
1473 3441 1553 3507 de
1596 3463 1800 3509 coena
1832 3441 2102 3507 Domini
2145 3442 2216 3505 in
2261 3442 2463 3506 finem
2498 3462 2609 3505 us-

660 3554 787 3618 que
832 3530 1118 3596 tenuerit
1159 3527 1524 3607 mordicus,
1580 3527 1738 3611 quid
1784 3526 2059 3610 denique
2102 3525 2184 3590 de
2228 3525 2415 3591 nobis
2460 3547 2608 3591 sen-

660 3620 837 3695 serit,
885 3616 1078 3681 etiam
1126 3625 1272 3698 post
1327 3616 1817 3698 responsionem
1874 3621 2193 3690 nostram,
2250 3612 2445 3695 paulo
2490 3633 2606 3675 an-

657 3712 922 3786 tequam
966 3722 1002 3766 e
1046 3701 1219 3765 vivis
1263 3700 1635 3779 excederet,
1691 3700 1870 3764 hisce
1930 3700 2146 3763 verbis
2200 3708 2432 3763 contra
2473 3697 2607 3761 Lo-

656 3791 1003 3856 vanienses
1046 3787 1287 3869 scripto
1344 3784 1601 3868 publico
1644 3793 1922 3850 testatus
1966 3794 2092 3850 est:
2163 3805 2273 3848 xv.
2327 3783 2448 3859 „In
2492 3803 2605 3846 eu-

656 3875 990 3952 charistia,
1036 3882 1444 3938 sacramento
1490 3869 1849 3936 venerabili
1906 3878 1973 3934 et
2016 3868 2351 3946 adorabili,
2397 3876 2498 3933 est
2542 3876 2610 3932 et

656 3961 1008 4026 exhibetur
1051 3967 1118 4023 et
1160 3959 1444 4023 sumitur
1477 3979 1632 4021 vere
1666 3968 1733 4021 et
1766 3978 1839 4021 re
1878 3956 2026 4039 ipsa
2068 3976 2304 4038 corpus
2348 3963 2416 4018 et
2454 3975 2606 4019 san-

748 4047 806 4111 is
849 4044 1123 4120 Christi,
1168 4056 1301 4109 tam
1347 4064 1386 4106 a
1430 4042 1644 4127 dignis
1685 4062 1881 4123 quam
1915 4040 2263 4126 indignis.“
2333 4040 2412 4104 Id
2448 4059 2608 4104 vero

683 4131 843 4197 ibris
887 4138 1042 4196 ante
1086 4128 1200 4193 diu
1243 4128 1436 4193 editis
1479 4128 1740 4210 scripsit
1781 4148 1853 4192 se
1910 4126 2212 4193 didicisse
2261 4147 2344 4191 ex
2387 4125 2607 4191 verbis

658 4216 935 4300 apostoli
998 4221 1049 4280 l.
1111 4213 1259 4280 Cor.
1326 4219 1420 4277 10.
1536 4212 1721 4278 Idem
1786 4234 1942 4279 mox
1998 4212 2437 4297 propositione
2496 4216 2606 4273 27:

659 4303 1045 4369 Haereticos
1090 4301 1258 4366 serio
1301 4320 1658 4377 censemus,
1705 4300 1816 4376 ait,
1883 4310 1948 4363 et
1993 4300 2239 4364 alienos
2283 4297 2365 4361 ab
2409 4297 2610 4362 eccle-

659 4390 757 4455 sia
799 4388 928 4453 Dei
972 4408 1114 4452 esse
1155 4385 1598 4469 Zwinglianos
1652 4391 1719 4448 et
1772 4404 2001 4449 omnes
2045 4383 2606 4460 sacramentarios,

659 4476 771 4558 qui
818 4481 1066 4557 negant
1107 4493 1339 4554 corpus
1384 4479 1451 4534 et
1495 4471 1884 4554 sanguinem
1907 4470 2156 4535 Christi
2203 4489 2316 4533 ore
2359 4468 2605 4533 carnali

661 4560 832 4625 sumi
877 4561 949 4623 in
992 4557 1348 4622 venerabili
1387 4556 1795 4621 eucharistia.
1882 4556 2069 4620 Haec
2109 4554 2223 4619 ille
2266 4556 2379 4636 qui
2420 4574 2607 4636 prae-

661 4645 919 4712 dicatur
962 4641 1361 4708 orthodoxus
1410 4650 1477 4706 et
1520 4642 1873 4708 catholicus
1918 4662 2060 4707 esse
2104 4640 2413 4707 ecclesiae
2458 4638 2609 4705 doc-

661 4740 780 4795 tor.
850 4728 1054 4794 Nobis
1090 4749 1246 4794 vero
1280 4750 1396 4793 vos
1431 4728 1557 4810 ipsi
1593 4749 1844 4811 quoque
1884 4726 2337 4811 imprecamini
2377 4727 2452 4791 in
2487 4725 2611 4792 hae

867 5001 928 5064 4)
967 5002 1119 5057 Loco
1153 5001 1345 5055 horum
1379 5001 1691 5055 verborum.-
1737 5002 1836 5066 Qni
1885 4999 2239 5055 sacramentis
2278 5039 2289 5052 .
2332 5040 2342 5050 .
2381 5038 2394 5051 .
2437 5041 2449 5052 .
2484 5015 2608 5053 con-

663 5072 946 5125 scientiam
981 5071 1157 5124 facere
1172 5108 1186 5133 ,
1234 5069 1589 5138 Bullinyerus
1638 5070 1769 5124 haec
1814 5072 2111 5139 scripserat
2125 5110 2138 5133 ‚
2178 5073 2373 5136 postea
2408 5068 2608 5122 deleta.-

662 5141 828 5193 Certc
863 5141 1139 5209 apostolus
1181 5140 1393 5191 Paulus:
1437 5140 1633 5207 probet
1667 5154 1726 5190 se
1762 5138 1934 5208 ipsum
1968 5139 2147 5204 homo,
2184 5138 2390 5206 inquit,
2441 5144 2497 5189 et
2531 5138 2609 5190 sic

664 5210 733 5262 de
769 5225 908 5278 panc
956 5209 1083 5262 edat
1128 5215 1186 5261 et
1233 5208 1299 5261 de
1345 5209 1539 5275 poculo
1585 5208 1753 5261 bibat.
1837 5207 2096 5260 Probent»
2124 5223 2183 5260 se
2228 5207 2320 5259 isti
2368 5211 2426 5258 et
2458 5206 2606 5259 illam

662 5278 823 5331 fidem
860 5295 967 5332 non
1001 5277 1285 5331 inveniunt
1319 5277 1467 5328 intra
1501 5293 1560 5329 se
1597 5293 1757 5344 quam
1796 5273 2132 5344 Argentinae
2182 5276 2384 5345 requiri
2424 5292 2457 5328 a
2491 5291 2608 5329 coe-

664 5348 916 5402 nantibus
951 5347 1193 5400 audiunt.

2202 423 2731 493 EPISTOLAE
2775 427 2858 490 87
2862 427 3073 488 2-87
3079 428 3115 489 3

4514 429 4613 493 464

2704 618 2927 680 vestra
2969 612 3054 677 ad
3095 633 3216 677 nos
3257 610 3499 692 scripta
3540 607 3833 693 epistola,
3891 615 3969 675 ut
4009 610 4337 677 Dominus
4380 610 4457 677 de
4493 612 4618 680 locis

2705 699 3142 765 controversis
3187 697 3268 761 de
3322 694 3609 761 ecclesiis
3665 696 3862 762 certis
3916 703 3985 761 et
4036 696 4363 761 ministris
4422 718 4618 763 earun-

2708 784 2875 862 dem,
2921 783 3196 850 eandem
3234 780 3571 847 vobiscum
3613 787 3682 845 et
3722 801 3912 846 suam
3954 779 4220 865 quidem
4262 784 4622 849 sententiam

2708 870 3001 953 inspiret.
3091 867 3286 950 Quod
3343 864 3604 950 quidem
3662 866 3854 932 aliter
3908 867 4281 952 intelligere
4335 890 4467 934 non
4503 890 4622 952 pos-

2710 976 2954 1034 sumus,
3000 975 3198 1038 quam
3240 951 3415 1037 quod
3470 972 3592 1018 nos
3644 973 3782 1018 non
3835 974 4022 1019 suam
4040 1004 4057 1032 ,
4111 952 4180 1018 id
4236 963 4341 1020 est
4385 953 4625 1020 domini-

2710 1062 2872 1122 cam,
2917 1039 3032 1107 sed
3074 1040 3359 1106 alienam
3416 1045 3484 1103 et
3535 1039 3863 1104 diversam
3922 1060 4180 1122 quoque
4216 1061 4259 1104 a
4302 1049 4516 1106 vestra
4550 1049 4628 1105 w-

2711 1148 2985 1194 neamus
3030 1127 3441 1193 sententiam.
3530 1124 3760 1207 Neque
3803 1125 3982 1190 enim
4027 1125 4109 1190 de
4150 1125 4301 1192 aliis
4343 1127 4499 1192 locis
4532 1148 4628 1192 no-

2712 1213 2814 1279 bis
2856 1213 3305 1280 controversia
3349 1216 3469 1288 est,
3512 1230 3708 1292 quam
3753 1209 3834 1274 (10
3876 1211 4023 1277 1000
4062 1210 4258 1277 Pauli
4305 1216 4357 1277 1.
4384 1211 4630 1292 Cor.10,

2714 1298 2795 1364 de
2837 1298 3055 1365 verbis
3098 1297 3400 1362 Domini:
3457 1295 3604 1360 Hoc
3646 1302 3749 1361 est
3801 1317 4037 1378 corpus
4080 1317 4319 1363 meum.
4409 1298 4630 1363 Utcun-

2713 1406 2838 1467 que
2894 1405 3052 1468 ergo
3107 1383 3498 1448 obiiciantur
3550 1382 3738 1447 nobis
3790 1383 3994 1448 verba
4050 1383 4245 1447 Pauli
4258 1434 4274 1462 ,
4331 1389 4634 1467 utcunque

2715 1471 2972 1536 dicatur
3016 1487 3057 1534 a
3113 1470 3352 1533 nostris
3369 1518 3383 1545 ,
3440 1488 3574 1532 non
3633 1467 3827 1532 aliam
3886 1468 4130 1550 requiri
4186 1470 4635 1535 confessionem

2713 1577 2914 1640 quam
2953 1555 3237 1638 paulinis
3278 1553 3414 1618 illis
3456 1553 3676 1618 verbis
3728 1554 4298 1636 comprehensam,
4356 1556 4637 1621 manifes-

2714 1643 3041 1706 tissimum
3084 1655 3309 1705 tamen
3353 1649 3483 1716 est,
3544 1659 3747 1721 quum
3800 1660 3933 1704 non
3975 1640 4150 1705 idem
4192 1640 4535 1723 utriusque
4570 1643 4640 1707 sit

2714 1728 3067 1793 verborum
3111 1747 3365 1803 sensus,
3409 1744 3623 1807 neque
3667 1724 3945 1790 eandem
3986 1746 4130 1791 esse
4172 1726 4641 1792 confessionem.

2713 1811 3056 1894 Quomodo
3096 1813 3315 1894 itaque
3358 1811 3760 1876 nostratibus
3816 1819 4082 1877 autores
4135 1833 4278 1877 esse
4324 1834 4643 1894 possumus

2713 1898 2835 1964 sub
2890 1897 3018 1962 fide
3073 1899 3429 1964 verborum
3488 1897 3681 1960 Pauli
3724 1897 4059 1963 vobiscum
4123 1899 4644 1976 communicandi,

2712 2005 2915 2068 quum
2957 1983 3160 2049 verba
3201 1983 3397 2048 Pauli
3442 1980 3732 2047 Bucco-us
3774 2003 3893 2047 suo
3935 2003 4139 2060 more,
4184 2005 4307 2049 nos
4351 2006 4509 2050 vero
4547 1984 4646 2048 ali-

2714 2082 2817 2135 ter
2859 2068 3351 2152 intelligamus?
3419 2067 3700 2132 Interim
3743 2089 3879 2132 non
3920 2068 4077 2135 licet
4118 2071 4187 2133 in
4232 2070 4649 2136 celebratione

2713 2165 3289 2233 sacramentorum,
3336 2152 3509 2236 quod
3554 2156 3872 2236 mysteria
3904 2164 3973 2219 et
4005 2156 4478 2237 professionem
4518 2155 4649 2221 fidei

2715 2242 2966 2319 attinet,
3013 2241 3367 2323 quidquam
3412 2238 3521 2303 vel
3564 2239 3874 2304 simulare
3928 2240 4033 2305 vel
4090 2240 4540 2307 dissimulare:
4590 2251 4651 2306 ut

2713 2330 2845 2392 iam
2886 2348 3016 2392 non
3060 2346 3664 2404 commemoremuS,
3709 2347 3818 2390 eos
3862 2327 3976 2408 qui
4016 2326 4291 2391 Luthero
4337 2327 4651 2410 subscrip-

2715 2425 2946 2480 serunt
2987 2433 3107 2477 nos
3161 2434 3290 2476 non
3349 2432 3542 2493 posse
3598 2432 3720 2494 pro
3777 2412 4090 2477 membris
4134 2412 4392 2479 Christi
4439 2434 4650 2497 agnos-

2713 2519 2878 2576 cere,
2925 2506 3059 2576 aut,
3105 2498 3163 2563 si
3208 2507 3593 2581 agnoscunt,
3640 2497 3906 2562 Lutheri
3949 2497 4263 2564 iudicium
4307 2499 4440 2564 hac
4486 2500 4557 2564 111
4595 2520 4653 2564 1-0

2714 2587 3019 2662 refutare,
3065 2583 3357 2666 adeoque
3400 2592 3469 2647 et
3512 2580 3630 2647 sibi
3676 2583 3836 2665 ipsis
3880 2603 4271 2667 repugnare.

2885 2670 2991 2734 De
3047 2669 3454 2736 confessione
3498 2668 3856 2735 Basiliensi
3912 2670 4005 2733 ita
4058 2669 4257 2734 habet
4312 2672 4655 2755 negotium,

2713 2758 2968 2821 fratres.
3077 2756 3397 2821 Coierunt
3456 2754 3761 2819 Basileae
3836 2755 3909 2818 in
3969 2755 4294 2839 synodum
4360 2757 4655 2823 ecclesiae

2715 2842 3076 2907 helveticae
3091 2892 3108 2919 ,
3164 2841 3381 2906 missis
3437 2840 3671 2923 legatis
3726 2862 3809 2904 ex
3867 2842 4278 2907 senatoribus
4329 2851 4403 2907 et
4446 2842 4658 2908 minis-

2713 2928 2864 2993 tris:
2912 2928 3286 2992 institutum
3332 2935 3476 2990 erat
3530 2926 3998 2991 confessionem
4044 2927 4195 2992 fidei
4239 2929 4655 3000 conscribere,

2713 3034 2911 3097 quam
2955 3011 3415 3077 exhiberemus
3459 3011 3783 3076 rationem
3827 3011 3981 3077 fidei
4025 3034 4065 3077 a
4109 3013 4297 3079 nobis
4341 3014 4657 3097 poscenti-

2714 3101 2851 3167 bus.
2943 3100 3106 3165 Eius
3150 3102 3246 3163 rei
3302 3099 3517 3182 gratia
3565 3099 3942 3165 iubentibus
3986 3100 4404 3166 senatoribus
4449 3121 4656 3167 eonse-

2713 3184 2946 3250 derant
2988 3184 3295 3263 ministri,
3338 3192 3405 3250 et
3445 3184 3714 3249 iamiam
3758 3185 3927 3250 bona
3970 3195 4153 3269 parte
4196 3187 4657 3253 confessionem

2714 3270 3147 3348 absolverant,
3194 3292 3392 3353 quum
3439 3270 3644 3335 felicis
3686 3271 4044 3336 memoriae
4077 3270 4162 3337 D.
4214 3271 4443 3354 Capito
4486 3278 4545 3338 et
4582 3274 4653 3337 D.

2715 3356 3006 3423 Bucerus
3025 3357 3494 3433 interveniunt,
3532 3375 3800 3420 cursum
3825 3365 4125 3422 nostrum
4158 3359 4657 3441 interrumpunt,

2713 3443 2795 3508 de
2847 3441 3193 3509 concordia
3246 3462 3397 3508 cum
3456 3441 3729 3507 Luthero
3781 3450 3851 3506 et
3915 3444 4050 3507 suis
4109 3464 4423 3527 magnam
4491 3464 4657 3528 spem

2711 3529 2978 3608 faciunt,
3024 3528 3139 3594 sed
3182 3536 3250 3593 et
3290 3527 3494 3593 verba
3535 3526 3856 3611 quaedam
3896 3528 3971 3592 in
4003 3550 4203 3594 causa
4235 3551 4482 3596 coenae
4521 3551 4657 3613 sug-

2711 3621 2983 3697 gerunt,
3040 3635 3208 3697 quae
3260 3613 3346 3678 D.
3404 3613 3751 3678 Lutherum
3806 3613 4027 3680 minus
4083 3614 4417 3681 offendere
4480 3635 4656 3700 posse

2713 3699 3043 3776 dicebant,
3101 3700 3373 3782 ideoque
3417 3698 3737 3783 quaedam
3793 3710 4020 3765 nostra
4074 3722 4492 3786 expungere,
4551 3720 4656 3766 sua

2711 3786 2825 3850 illa
2888 3786 3211 3852 ascribere
3285 3785 3702 3867 inserereque
3778 3783 4167 3852 suadebant:
4248 3787 4329 3852 (10
4406 3787 4655 3871 quibus,

2712 3892 2915 3954 quum
2960 3871 3242 3954 amplius
3287 3890 3483 3953 quam
3518 3892 3637 3954 per
3679 3872 4009 3953 integrum
4055 3872 4229 3937 diem
4272 3873 4655 3940 altercatum

2712 3965 2903 4035 esset,
2945 3957 3256 4022 convenit
3296 3954 3589 4035 tandem,
3651 3966 3729 4021 ut
3771 3957 3891 4022 sub
3936 3979 4049 4040 spe
4092 3959 4480 4026 concordiae
4527 3966 4654 4023 utc-

2711 4063 2937 4107 remur
2978 4064 3019 4107 a
3060 4042 3146 4106 D.
3194 4041 3435 4107 Bucero
3485 4042 3811 4126 suggestis
3856 4044 4140 4123 vocibus,
4184 4045 4280 4110 ita
4322 4054 4548 4111 tamen
4590 4050 4653 4107 ut

2711 4128 2841 4194 illis
2886 4127 3157 4192 minime
3200 4129 3453 4194 astricti
3494 4128 3673 4211 ipsas
3715 4129 3918 4193 libere
3975 4138 4042 4193 et
4097 4130 4342 4196 diserte
4396 4153 4517 4214 pro
4559 4150 4654 4194 ra-

2713 4215 2889 4278 tione
2931 4214 3266 4297 religionis
3310 4224 3377 4278 et
3417 4222 3719 4295 receptae
3778 4214 4109 4280 doctrinae
4153 4227 4417 4282 nostrae
4459 4219 4651 4281 inter-

2713 4299 2955 4381 pretari
2998 4299 3239 4364 liceret.
3330 4299 3479 4364 Non
3523 4300 3698 4363 enim
3742 4298 3868 4365 hoc
3910 4300 4020 4383 agi
4061 4302 4479 4368 asseverebat
4526 4300 4653 4366 Bu-

2711 4405 2919 4464 cera-3,
2973 4393 3053 4449 ut
3106 4406 3227 4450 nos
3285 4407 3326 4450 a
3379 4384 3724 4467 disputatis
3776 4386 4041 4452 Bernae
4097 4395 4166 4451 et
4217 4389 4354 4453 iam
4414 4388 4651 4453 dudum

2712 4479 2975 4552 recepta
3015 4471 3347 4536 sententia
3389 4469 3470 4535 de
3512 4491 3712 4535 coena
3754 4469 3838 4535 ad
3879 4472 4471 4539 Lutheranismum
4516 4473 4652 4537 abs-

2714 4556 3144 4634 traheremur‚
3191 4555 3308 4622 sed
3349 4566 3426 4620 ut
3466 4576 3584 4637 per
3616 4558 3839 4621 omnia
3870 4557 3942 4622 in
3980 4558 4113 4625 illis
4155 4561 4403 4626 nostris
4441 4579 4649 4642 perse-

2715 4651 3018 4708 verantes
3082 4641 3534 4707 tantummodo
3587 4652 3655 4706 et
3716 4643 3789 4706 in
3842 4663 4038 4708 causa
4092 4644 4471 4711 concordiae
4528 4644 4651 4709 illis

2713 4738 3071 4807 uteremur,
3114 4738 3339 4811 utpote
3382 4728 3590 4810 magis
3631 4727 3887 4793 idoneis
3930 4730 4013 4794 ad
4045 4730 4445 4798 illiciendum
4483 4753 4653 4795 men·

2713 4821 2815 4878 tes
2870 4812 3395 4879 adversariorum
3451 4813 3712 4895 alioqui'
3745 4817 4373 4898 exasperatissimas.
4454 4816 4648 4883 Modo

2716 4907 2973 4963 tantum
3019 4899 3144 4965 hoc
3188 4902 3293 4984 agi
3338 4908 3416 4963 ut
3468 4900 3671 4963 animi
3728 4901 4262 4968 reconcilientur:
4331 4901 4500 4987 quod
4546 4901 4648 4966 ubi

2711 4985 2954 5050 factum
2998 4985 3214 5063 fuerit,
3256 5006 3438 5067 spem
3474 5007 3617 5051 esse
3654 4985 4072 5053 Lutheranos
4107 4990 4349 5055 rectius
4394 4990 4467 5054 de
4503 4987 4644 5053 doc-

2713 5070 2890 5134 trina
2958 5081 3179 5136 nostra
3247 5071 3663 5138 iudicaturos.
3774 5072 3958 5139 Haec
4025 5076 4120 5139 ita
4185 5085 4445 5159 peracta
4510 5093 4646 5138 effic

2712 5157 2897 5222 novit
2953 5157 3037 5222 D.
3084 5157 3389 5223 Bucar-ue.
3485 5159 3848 5223 Testantur
3902 5173 3971 5225 et
4021 5168 4168 5226 acta
4225 5161 4640 5227 comitiorum.

2710 5241 3063 5308 Caeterum
3119 5265 3321 5327 quum
3379 5263 3566 5310 voces
3628 5244 3782 5310 illae
3835 5245 3957 5310 sub
4013 5267 4129 5329 spe
4182 5244 4551 5313 concordiae
4607 5265 4643 5308 a

2710 5329 2898 5394 nobis
2942 5329 3264 5395 admissae
3308 5332 3455 5407 sint,
3499 5351 3646 5412 spes
3690 5339 3910 5396 autem
3952 5331 4066 5396 illa
4110 5332 4421 5411 fefellerit,
4456 5351 4638 5413 pror-

4754 2523 4787 3082 i.--*—--nu-m„„
4778 2415 4779 2468 ..2
4780 2389 4781 2392 „
4760 1665 4785 2362 ..m-4...-
