4825 6175
661 401 787 467 305

659 588 849 655 ciam.
937 585 1169 655 Sentio
1224 585 1404 654 enim
1458 587 1530 653 in
1576 586 1718 654 dies
1774 586 2023 653 maiora
2073 583 2491 652 incommoda
2530 604 2616 651 ex

659 670 1031 742 solitudine.
1099 671 1445 758 Rogabam
1483 678 1563 740 ut
1604 682 1786 739 tuam
1828 673 1996 738 mihi
2038 671 2436 738 sententiam
2468 691 2616 754 per-

661 758 980 827 scriberes
997 809 1013 838 ,
1070 757 1186 824 sed
1236 759 1456 826 nescio
1514 780 1602 824 an
1657 757 1780 823 tibi
1824 756 2119 824 redditae
2161 766 2323 823 sunt
2364 755 2613 823 literae.

659 843 922 911 Nollem
975 851 1193 910 autem
1246 844 1644 928 interceptas
1662 894 1678 922 ‚
1736 844 1890 928 quia
1943 842 2266 927 quaedam
2321 842 2616 910 contine-

660 929 825 997 bant
889 951 1056 1014 quae
1119 930 1362 997 nollem
1424 929 1573 996 aliis
1628 930 1954 1014 evulgata.
2042 929 2180 996 Fac
2241 928 2447 1013 igitur
2509 948 2617 993 me

661 1015 1004 1083 certiorem
1021 1067 1039 1095 ,
1093 1014 1390 1082 redditae
1432 1017 1568 1081 sint
1607 1014 1730 1081 tibi
1771 1034 1896 1082 nec
1936 1037 2039 1082 ne.
2127 1014 2274 1080 Nisi
2318 1025 2394 1080 tu
2438 1011 2618 1079 aliud

664 1101 944 1168 suadeas
985 1110 1102 1167 aut
1143 1101 1381 1169 afferas
1423 1102 1819 1179 consultius,
1878 1122 2013 1166 non
2058 1099 2265 1166 habeo
2303 1099 2479 1183 quod
2520 1120 2618 1165 se-

661 1207 830 1273 quar
872 1188 1091 1270 potius
1146 1208 1348 1271 quam
1389 1186 1684 1254 Sonnem'i
1736 1187 2076 1253 consilium
2093 1237 2109 1266 ,
2164 1186 2223 1252 si
2278 1187 2422 1253 visa
2475 1185 2615 1268 pla-

662 1273 887 1340 cuerit.
993 1272 1146 1338 Non
1203 1281 1346 1339 erat
1415 1272 1767 1339 admodum
1824 1272 1909 1338 ad
1964 1271 2199 1340 viduas
2254 1291 2617 1355 propensus

664 1358 957 1426 animus:
1025 1358 1142 1425 sed
1211 1359 1367 1443 quia
1427 1356 1688 1426 difficile
1755 1366 1857 1424 est
1918 1358 2142 1424 omnia
2203 1356 2617 1424 incommoda

661 1445 981 1529 effugere,
1049 1444 1267 1528 aliqua
1331 1452 1487 1511 sunt
1551 1443 1905 1510 subeunda.
1994 1443 2235 1509 Paucis
2298 1441 2615 1522 consului,

663 1530 823 1614 quia
865 1551 1095 1595 vereor
1136 1551 1250 1609 ne,
1307 1531 1365 1595 si
1406 1531 1476 1594 in
1527 1529 1848 1595 auxilium
1901 1549 2168 1596 avocem
2214 1529 2456 1595 multos
2501 1535 2616 1593 aut

660 1627 957 1682 mentem
991 1615 1217 1681 multis
1252 1636 1293 1679 a
1335 1615 1558 1690 eriam,
1601 1615 1770 1680 mihi
1805 1613 2239 1682 obtrudantur
2271 1614 2347 1679 in
2380 1614 2617 1697 quibus

659 1701 954 1768 laborem
997 1722 1274 1768 reeusan
1325 1702 1395 1768 ’s.
1481 1700 1796 1768 Rescribe
1850 1701 2055 1785 igitur
2104 1700 2318 1783 primo
2362 1721 2618 1783 quoque

661 1787 924 1865 nuncio,
968 1796 1037 1853 et
1079 1787 1139 1852 si
1180 1785 1337 1870 quid
1376 1785 1582 1853 habes
1615 1807 1840 1852 rernm
1884 1806 2221 1853 novarum.
2309 1785 2618 1852 Arbitror

663 1880 884 1938 autem
928 1880 994 1938 te
1038 1871 1284 1955 aliquid
1338 1872 1695 1957 accepisse,
1754 1871 1908 1955 quia
1963 1872 2272 1950 nuncius,
2328 1873 2439 1954 qui
2484 1872 2616 1935 Ar·-

744 1958 933 2023 ntina
970 1957 1291 2041 proximis
1334 1957 1563 2024 diebus
1606 1956 1690 2023 ad
1734 1978 1851 2024 vos
1893 1957 2195 2040 pervenit
2234 1956 2396 2021 mihi
2445 1956 2617 2021 dixit

660 1978 901 2120 gerbas,
959 2066 1030 2109 se
1075 2043 1353 2110 Fallesii
1408 2042 1492 2109 ad
1549 2051 1616 2109 te
1669 2042 1895 2109 literas
1953 2043 2213 2109 habere.
2302 2040 2616 2108 Salutant

661 2137 730 2195 te
773 2129 985 2207 amici,
1034 2130 1423 2195 nominatim
1466 2128 1716 2213 collega
1756 2149 1944 2196 meus
1989 2136 2057 2193 et
2099 2127 2438 2194 domestici
2481 2148 2616 2193 om-

660 2235 799 2281 nes.
888 2212 1122 2281 Saluta
1185 2236 1460 2281 uxorem
1523 2224 1591 2281 et
1652 2221 2054 2300 symmystas
2116 2234 2262 2280 meo
2323 2213 2610 2279 nomine.

661 2299 832 2366 Vale
882 2304 979 2366 12.
1025 2300 1255 2367 Octob.
1310 2304 1489 2365 1546.

1793 2437 1977 2502 'Puus
2020 2436 2095 2502 P.
2151 2437 2440 2503 Viretus.

838 2605 998 2709 [De]
1045 2607 1405 2692 professore
1440 2605 1656 2673 theolo
1704 2627 1742 2671 o
1776 2606 1996 2684 velim,

663 2694 723 2759 si
764 2693 922 2777 quid
964 2691 1143 2760 aliud
1192 2694 1516 2778 cogitaris,
1562 2692 1650 2757 mi
1707 2693 1721 2708 ⁶
1769 2693 1885 2759 abs
1929 2700 1995 2757 te

665 2776 1102 2928 {siffinifioari
1119 2779 1177 2864 Β)
1306 2778 1629 2845 Bernates
1708 2779 1838 2845 huc
1916 2776 2000 2843 ad

709 2865 837 2930 iem
882 2863 1282 2930 dominicum
1327 2865 1595 2930 affuturi
1640 2872 1815 2930 sunt.

1439 3160 1847 3168 Μ

1566 3393 1726 3465 835.

1149 3544 1621 3614 CALVINUS
1665 3544 2127 3613 FARELLO.

836 3714 1081 3783 Farelli
1122 3717 1340 3783 literae
1386 3716 1655 3784 Pon-ino
1710 3718 1893 3784 bilem
1943 3718 2210 3785 movisse
2251 3718 2388 3800 ipse
2419 3740 2614 3802 prae·

659 3823 805 3869 sens
837 3807 1132 3885 expertus
1164 3807 1270 3881 est,
1314 3824 1571 3885 eumque
1603 3805 1738 3870 iam
1770 3804 1992 3870 mitius
2023 3805 2291 3871 hadar-i
2328 3805 2614 3873 debuisse

648 3892 856 3971 putat.
949 3886 1341 3955 Gmnmendat
1382 3888 1747 3974 chirwryum
1789 3890 2115 3973 quendam.

663 4059 777 4127 (Ex
811 4064 1039 4139 autogra
1077 4058 1151 4112 ho
1184 4058 1314 4114 Ood.
1353 4059 1559 4114 Genev.
1598 4059 1717 4125 106,
1750 4061 1844 4115 fol.
1881 4059 2001 4114 174.
2054 4060 2292 4115 Exstant

661 4129 995 4197 exemplans
1075 4128 1304 4184 arretini
1351 4129 1485 4184 Cod.
1521 4127 1639 4197 111,
1685 4130 1779 4183 fol.
1816 4128 1933 4195 149,
1977 4130 2256 4184 Beruense

1205 4195 1414 4278 1³:⁷⁷⁷»
1451 4202 1510 4251 et
1543 4198 1760 4253 Simleri
1795 4198 1913 4253 Vol.
1947 4196 2059 4266 62.)

2365 4067 2614 4115 raeterea

2386 4146 2442 4199 p.
2488 4130 2614 4185 VII.

658 4381 931 4468 Optimo
977 4391 1046 4449 et
1086 4384 1464 4452 fidelissim0
1504 4387 1660 4453 Iesu
1703 4385 1959 4452 Christi
1999 4407 2191 4453 servo
2227 4385 2613 4454 Guilhelmo

655 4469 922 4536 Farello
956 4469 1021 4534 N
1023 4472 1419 4540 eocomensis
1462 4471 1770 4571 ecclesiae
1810 4473 2059 4573 pastori
2100 4473 2291 4539 fratri
2329 4481 2400 4539 et
2432 4495 2614 4559 sym-

1295 4565 1558 4643 mystae
1599 4578 1955 4625 carissimo.

831 4688 902 4757 S.
947 4690 1208 4774 Noster,
1233 4694 1282 4776 ¹)
1323 4715 1524 4777 quum
1557 4695 1627 4759 in
1679 4695 1693 4709 “
1831 4694 2075 4761 tionem
2110 4716 2194 4761 ex
2229 4696 2360 4761 tuis
2401 4696 2614 4762 literis

657 4784 1041 4860 conceptam
1076 4778 1251 4862 apud
1283 4801 1392 4846 me
1426 4780 1653 4846 diesim
1725 4788 1918 4859 asset,
1961 4781 2117 4865 quia
2147 4782 2377 4864 procul
2410 4781 2611 4847 dubio

658 4863 931 4945 putabat
983 4882 1070 4928 ex
1124 4867 1483 4950 composito
1536 4867 1715 4933 inter
1769 4888 1887 4933 nos
1950 4866 2020 4932 id
2076 4868 2281 4934 fuisse
2342 4868 2608 4949 factum,

862 5099 2608 5183 33)c’r.1v3816‚n0t.5.AmaaaBmaiLamn-m-

653 5170 2217 5297 mFarellmffldandun-pdiomnrepnlm
2261 5175 2611 5233 §anuum

678 5307 822 5363 sss.
857 5278 925 5374 15
954 5309 1225 5366 Pam-m
1257 5309 1331 5376 ar.
1369 5308 1471 5364 791
1505 5324 1614 5382 aq.
1645 5310 1768 5366 822.
1802 5309 1921 5365 824.
1955 5308 2075 5366 seo.
2110 5309 2229 5366 ssa

2206 394 2733 464 EPIS'POLAE
2778 399 3116 463 834—837

4521 401 4613 466 ³96

2734 583 2947 651 Virdo
3010 584 3286 668 aperuit.
3402 585 3466 652 A
3518 606 3647 669 quo
3713 606 3835 671 ego
3888 584 4269 653 admonitus
4333 584 4621 657 hominem

2719 670 3016 737 conveni.
3103 671 3258 753 Ipse
3315 671 3522 737 multa
3573 672 3867 738 tonitrua
3914 691 4239 738 evomere.
4326 672 4421 738 Et
4469 683 4621 755 certe,

2721 764 2799 822 ut
2839 776 3073 823 verum
3126 756 3365 835 fatear,
3423 777 3555 823 non
3612 756 4211 825 animadverteram
4228 758 4287 841 ¹)
4344 766 4623 841 quantum

2718 840 3090 925 asperitatis
3133 840 3453 908 haberent
3496 851 3651 936 tuae
3692 843 3938 909 literae.
4025 843 4200 908 Nam
4241 865 4449 926 quum
4483 866 4625 912 sum-

2720 948 2899 993 mam
2914 927 2972 1009 8)
3014 927 3511 1010 percurrissem,
3544 931 3940 1012 ‘compressa
3991 949 4143 995 cera
4195 927 4281 994 ad
4321 950 4474 995 eum
4508 932 4625 996 mit-

2720 1011 2952 1078 tendas
2992 1014 3222 1079 ouravi
3258 1034 3341 1078 ne
3374 1013 3532 1098 quid
3573 1015 4035 1097 suspicaretur,
4079 1035 4156 1080 ac
4198 1017 4444 1081 nuncio
4480 1037 4629 1082 man·

2717 1098 2870 1166 davi
2927 1119 3012 1165 ne
3065 1119 3136 1164 se
3191 1118 3233 1163 a
3288 1120 3393 1165 me
3454 1099 3680 1165 venire
3743 1097 4006 1166 diceret.
4121 1100 4629 1183 Exspectabimus

2719 1184 2925 1268 igitur
2982 1182 3141 1250 dum
3202 1184 3345 1249 eius
3402 1183 3553 1250 bilis
3620 1184 4046 1265 deferbuerit,
4120 1196 4236 1254 aut
4291 1186 4521 1253 saltem
4564 1189 4633 1255 sit

2719 1276 3042 1336 concocta.
3131 1269 3404 1336 Mallem
3445 1270 3710 1353 quidem
3763 1271 3993 1337 mitius
4050 1271 4253 1338 fuisse
4295 1281 4632 1352 tzraotamm,

2721 1376 2797 1421 ao
2840 1355 3129 1438 poenitet
3170 1376 3277 1419 me
3318 1357 3488 1420 serio
3523 1354 3695 1438 quod
3730 1377 3864 1423 non
3907 1356 4143 1423 melius
4184 1357 4638 1425 observaverim

2718 1440 2787 1506 id
2840 1439 3010 1523 quod
3077 1441 3491 1524 negligenter
3588 1442 3869 1508 raeterii.
3973 1440 4109 1510 Sed
4174 1442 4338 1510 haec
4401 1444 4635 1522 offensa,

2719 1537 2797 1590 ut
2837 1546 3046 1608 spero,
3091 1537 3452 1593 evanescet.
3574 1528 3598 1592 i
3634 1549 3719 1592 ex
3753 1529 3972 1594 animo
4012 1538 4083 1594 et
4116 1529 4370 1596 sincere
4410 1530 4642 1596 redierit

2720 1633 2871 1678 cum
2892 1612 3036 1677 Deo
3069 1612 3139 1676 in
3174 1614 3473 1695 gratiam,
3516 1613 3703 1679 facile
3738 1615 3857 1679 tibi
3892 1614 4089 1681 simul
4122 1614 4638 1682 reconciliabitm.

2718 1696 3033 1762 Nondum
3076 1705 3301 1763 tamen
3347 1697 3536 1764 video
3577 1699 3753 1781 quod
3791 1706 4103 1784 optarem.

2890 1783 3024 1849 Hic
3068 1783 3417 1934 chirurgus
3436 1785 3495 1866 ⁴)
3540 1784 3732 1852 valde
3786 1787 4034 1868 peritus
4091 1786 4255 1852 artis
4298 1807 4461 1853 suae
4501 1808 4643 1853 oom-
4764 1843 4770 1854 .

2719 1868 3205 1934 mendationem
3248 1872 3297 1934 ti
3342 1871 3365 1934 i
3409 1890 3450 1933 a
3489 1870 3697 1939 fratre
3744 1870 4091 1938 Gauoherio
4132 1873 4383 1950 offeret,
4430 1892 4550 1955 quo
4585 1873 4645 1937 fit

2720 1962 2793 2019 ut
2826 1976 2971 2020 meo
3015 1954 3387 2021 testimonio
3429 1956 3703 2023 minime
3745 1957 4055 2042 indigeat.
4142 1958 4437 2024 Bernam
4475 1958 4648 2040 profi-

2717 2040 3013 2119 ciscitur,
3078 2041 3450 2124 perieulum
3502 2043 3794 2109 facturus
3857 2065 4021 2108 num
4076 2063 4375 2109 annuum
4433 2045 4648 2126 stipen-
4786 2093 4787 2096 η

2718 2125 2904 2191 dium
2945 2126 3297 2209 impetrare
3339 2128 3547 2210 possit
3589 2149 3630 2194 a
3670 2137 3938 2194 senatu:
4006 2128 4177 2211 quod
4234 2150 4371 2195 non
4416 2128 4652 2196 difficile

2716 2212 2856 2277 fore
2899 2212 3169 2292 confido,
3213 2212 3272 2278 si
3314 2234 3549 2278 verum
3582 2222 3684 2278 est
3716 2213 3890 2296 quod
3924 2212 4172 2293 dicunt,
4216 2215 4353 2280 iam
4393 2216 4653 2300 petitum
4787 2278 4789 2282 ,

2718 2317 2864 2363 esse
2906 2297 3082 2363 ultro
3125 2298 3526 2382 chirurgum.
3595 2298 3767 2364 Nam
3809 2299 4075 2365 excellit
4114 2299 4239 2366 hio.
4309 2300 4502 2379 Vale,
4543 2301 4654 2365 fra-

2718 2391 2823 2449 ter
2887 2393 2956 2449 et
3018 2384 3226 2450 amice
3288 2384 3732 2469 integerrime.
3830 2385 4063 2469 Nuper
4115 2385 4332 2451 laetus
4398 2386 4654 2453 nuncius
4786 2421 4789 2454 1

2719 2468 2908 2535 nobis
2952 2468 3193 2536 allatus
3235 2479 3339 2536 est
3379 2491 3465 2536 ex
3507 2469 3771 2550 castris,
3826 2470 3942 2537 sed
4000 2479 4221 2537 tamen
4265 2473 4380 2555 qui
4427 2470 4657 2538 deside-
4762 2515 4768 2538 2

2718 2555 2893 2620 rium
2947 2555 3163 2621 maius
3206 2554 3450 2639 aliquid
3507 2555 3819 2622 audiendi
3869 2555 4272 2623 accenderet.
4375 2556 4655 2634 Proinde,
4788 2621 4791 2626 ⁴

2716 2641 2777 2705 si
2833 2638 2992 2724 quid
3048 2640 3278 2718 habes,
3346 2639 3534 2707 nobis
3586 2640 3943 2725 impertire.
4034 2640 4271 2708 Saluta
4333 2642 4656 2720 familiam,

2723 2724 3235 2806 christophorum
3276 2735 3344 2792 et
3385 2746 3612 2793 omnes
3649 2729 3901 2793 fratres.
3967 2726 4303 2795 Dominus
4346 2750 4473 2796 vos
4507 2748 4656 2796 sem·
4790 2779 4791 2782 ,

2720 2832 2840 2895 per
2882 2817 3159 2877 tueatur.
3247 2811 3563 2878 Genevae
3615 2817 3709 2879 12.
3751 2812 3981 2880 Octob.
4035 2818 4220 2881 1546.

3624 2954 3909 3020 Ioannes
3954 2952 4278 3021 Calvinus
4323 2957 4503 3019 tuus.

3619 3429 3777 3502 836.

3069 3582 3632 3652 LAVATERUS
3678 3584 4311 3652 BULLINGERO.

2889 3754 2993 3820 Ab
3049 3754 3680 3839 Aryeotoramibue
3729 3755 4043 3822 ministris
4092 3756 4173 3822 de
4230 3755 4358 3838 fide
4412 3758 4659 3823 interro-
4772 3800 4778 3809 -

2711 3845 2903 3925 yatus
2957 3846 3289 3922 antequam
3343 3841 3428 3906 ad
3480 3860 3729 3908 oemam
3782 3841 4239 3921 admitteretur,
4312 3841 4659 3910 Basilia&

2712 3926 3474 4079 memisgzudmere
3513 3947 3580 3993 se
3620 3931 3878 3994 testatus
3916 3931 4009 3993 est
4048 3933 4107 3994 et
4145 3933 4361 4009 sperat
4404 3928 4528 3996 hac
4567 3947 4656 3994 ra·

2716 4185 2830 4248 (Ex
2864 4199 2935 4237 aa
3037 4291 3052 4305 .
3137 4270 3229 4323 pp.
3268 4254 3420 4308 Tom.
3457 4254 3526 4309 11.
3557 4254 3651 4309 fol.
3689 4249 3807 4307 184.
3877 4253 4087 4311 simler.
4125 4258 4251 4313 Vol.
4292 4251 4408 4316 32)

2889 4404 2959 4473 S.
2994 4406 3064 4471 P.
3099 4405 3184 4471 D.
3232 4406 3670 4474 Gratissimae
3711 4409 3880 4476 mihi
3915 4410 4187 4478 fuerunt
4219 4421 4376 4480 tuae
4419 4409 4651 4483 literne.

2716 4492 3167 4559 colendissime
3208 4502 3426 4577 pater,
3481 4515 3567 4559 ex
3608 4494 3841 4578 quibus
3883 4493 4183 4563 diuturni
4224 4495 4475 4566 silentii
4516 4514 4650 4562 ctu-

2942 4634 3123 4641 m

2920 4700 2981 4764 2)
3020 4698 3326 4780 improbe
3356 4699 3823 4756 ammae
3854 4701 3960 4767 (N.
3994 4700 4101 4756 824
4132 4704 4286 4770 east.)
4321 4708 4649 4759 anme-

2713 4768 3214 4892 was
3230 4767 3517 4892 {we-:-
3548 4769 3728 4824 m
3773 4771 3933 4851 .....
3970 4765 4338 4909 mmm..
4373 4769 4651 4856 Μ

2708 4910 2904 4987 ψ..
2937 4909 2989 4959 2.
3019 4905 3142 4974 ...-
3169 4852 3516 4988 aaa:
3536 4853 4019 4963 amm»...
4237 4857 4535 4981 τω·
4549 4856 4648 4963 a

2919 5041 3522 5124 moderamno-ephon.
3599 5042 4643 5116 Omma-embra&-

2709 5112 3171 5235 ffnssff
3213 5112 4641 5184 mensuumshloeuaemqi.adffl=

2916 5247 2979 5315 4)
3018 5249 4642 5320 Neocomemsmdieonmopedafflifflmm

2710 5318 4437 5390 quummpoeetiamdei'eaetoroaoeeroendoamnm

3131 4183 3204 4237 ho
3235 4185 3458 4240 Archiv.
3494 4186 3673 4239 Turio.
3708 4183 3856 4239 Plut.
3880 4181 4135 4253 VUVol.
4160 4180 4315 4248 11711,
4349 4182 4486 4236 olim
4503 4182 4654 4238 Seria
4782 4184 4790 4193 '

4762 301 4775 536 *au-*4
4774 213 4777 288 Ᾰᾼ
