4825 6175
215 443 329 509 ³86

213 627 423 705 bilior,
477 630 549 693 et
602 623 756 709 plus
812 645 1074 710 semper
1129 623 1377 691 evehas
1419 622 1673 691 Ohristi
1716 623 1993 708 gloriam
2007 675 2023 703 ,
2080 642 2156 688 ac

213 713 539 782 eeclesiam
601 710 920 779 aedifices.
1029 709 1373 777 Habemus
1436 710 1556 777 tibi
1634 711 1914 795 gratiam
1984 707 2154 794 quod

212 799 534 877 scelestos,
592 797 705 880 qui
761 819 832 863 se
881 797 1132 863 iactant
1186 795 1634 863 aedificatores
1692 803 1759 859 et
1812 794 2153 862 Christum

214 885 559 953 obscurant
597 905 674 950 ac
712 883 1042 962 reiiciunt,
1086 882 1177 949 sis
1212 902 1584 967 aggressus.
1651 879 1849 963 Quod
1881 880 2158 946 feliciter

212 980 284 1038 ut
335 969 632 1070 absolvas
693 988 1060 1067 precamur.
1164 968 1330 1034 Post
1393 987 1662 1068 coenam
1718 965 1971 1031 iubebis
2034 986 2157 1031 nos

211 1054 799 1217 autetiam?
828 1050 2157 1224 Stossuzzmffimssssffoetffi

209 1228 340 1294 tuis
394 1233 462 1293 et
517 1226 644 1312 piis
702 1225 1133 1303 senatoribus,
1199 1235 1268 1291 et
1333 1224 1651 1309 quidquid
1713 1232 1815 1290 est
1877 1223 2154 1306 piorum.

201 1312 492 1399 Collega,
541 1310 817 1378 Michael
861 1320 927 1376 et
962 1310 1246 1377 Fatonus
1288 1319 1357 1375 te
1400 1308 1706 1389 salutant,
1751 1310 1884 1374 imo
1928 1329 2156 1376 omnes

207 1398 455 1477 fi-atres,
493 1418 660 1482 quos
701 1405 818 1464 tuo
863 1397 1130 1462 nomine
1191 1408 1267 1461 ut
1320 1395 1589 1462 iubebas
1644 1394 2033 1473 salutabam,
2089 1402 2157 1460 te

207 1493 582 1551 reverenter
636 1484 976 1550 iusserunt
1028 1481 1321 1548 salutari.
1412 1481 1598 1546 Vale.
1688 1482 1998 1547 Neocomi
2052 1484 2154 1546 27.

207 1569 495 1655 Augusti
544 1573 726 1636 1547.

1229 1651 1537 1719 Farellus
1578 1660 1732 1719 tuus
1778 1658 1969 1719 totus.

1106 2164 1260 2237 9480

697 2319 986 2389 GURIO
1030 2318 1664 2388 BULLINGERO.

375 2493 634 2561 Caluini
685 2498 746 2560 et
814 2492 1019 2559 Vireti
1085 2490 1314 2558 dubiae
1368 2497 1427 2558 et
1481 2491 1785 2572 ancipites
1852 2490 2162 2573 for-nudae

203 2581 272 2647 in
326 2580 599 2649 articulo
652 2579 730 2645 de
783 2598 1037 2662 corpore
1097 2577 1364 2658 Christi,
1419 2577 1595 2643 domi
1652 2581 1707 2642 d
1759 2577 2160 2660 Arqentorati

200 2666 454 2734 diversa
486 2666 883 2748 zoqnoenoium.

389 2838 508 2903 (nx
542 2836 855 2908 apographo
889 2836 1035 2890 sibi
1069 2835 1233 2890 Banu.
1268 2835 1330 2891 Τ.
1368 2834 1433 2889 e.
1471 2833 1519 2898 1,
1552 2832 1638 2901 28,
1674 2834 1765 2889 sol.
1802 2832 1952 2901 102.)

371 3008 644 3076 Coelius
687 3004 1037 3075 Secundus
1080 3005 1285 3073 Curio
1329 3005 1398 3071 S.
1425 3007 1501 3071 P.
1528 3003 1612 3069 D.
1656 3025 1773 3087 per
1815 3004 2158 3071 Christum

197 3095 444 3163 Iesum.
538 3095 676 3162 Diu
722 3116 845 3180 ego
889 3092 1054 3159 nihil
1101 3091 1186 3158 ad
1229 3101 1313 3172 te,
1358 3095 1451 3157 mi
1492 3091 1861 3174 Bullinyere
1902 3091 2159 3157 suavis-

200 3182 383 3261 sime,
430 3203 511 3249 ac
553 3180 787 3267 perdiu
831 3180 997 3245 nihil
1042 3180 1185 3263 ipse
1240 3178 1321 3243 ad
1378 3200 1485 3243 me
1543 3177 1776 3243 scribis
1819 3213 1907 3225 -
1953 3215 2027 3224 -
2075 3211 2163 3224 --

198 3268 302 3334 De
346 3269 650 3333 oratione
691 3287 840 3332 mea
874 3273 1104 3333 contra
1140 3263 1574 3345 Florebellum,
1599 3261 1648 3349 ¹)
1692 3264 1747 3330 si
1792 3272 2002 3329 totam
2046 3284 2161 3328 va-

199 3355 365 3419 carit
406 3352 653 3437 legere,
693 3372 807 3417 oro
850 3362 925 3418 ut
966 3350 1199 3434 ecquid
1237 3361 1306 3415 te
1361 3350 1653 3415 offendat
1705 3349 1773 3414 in
1834 3369 1913 3415 ea
1952 3348 2161 3433 signi-

195 3440 395 3505 ficare
438 3438 626 3506 velis.
688 3438 863 3504 Nam
905 3437 1088 3504 locus
1132 3438 1212 3502 de
1256 3436 1510 3502 Christi
1554 3455 1825 3519 corpore
1851 3433 2164 3499 Buaerum

198 3524 484 3591 offendit
523 3524 828 3589 nonnihil
845 3574 862 3603 ,
922 3531 999 3588 ut
1043 3545 1126 3588 ex
1171 3523 1378 3589 literis
1427 3520 1603 3587 Pam
1647 3520 1963 3603 Martyris
2003 3520 2161 3585 Flo-

194 3611 451 3676 rentini
497 3610 750 3693 accepi,
808 3630 969 3692 quas
1023 3609 1250 3675 literas
1291 3608 1521 3673 Petrus
1565 3607 1673 3673 hic
1727 3614 1982 3685 noster,
2050 3607 2163 3690 qui

196 3696 278 3761 ad
322 3717 449 3763 voe
493 3696 697 3773 venit,
741 3694 908 3760 vidit
961 3706 1028 3760 et
1069 3694 1247 3779 legit.
1339 3693 1474 3759 Sed
1518 3713 1640 3777 ego
1683 3691 1840 3776 quid
1876 3691 2165 3759 Bucam

113 3853 118 3858 ,
196 3780 277 3847 de
317 3781 497 3848 meis
540 3781 804 3864 scriptis
845 3781 1105 3858 sentiat,
1160 3778 1358 3845 modo
1400 3779 1769 3845 sanioribus
1815 3799 1969 3845 vere
2012 3798 2163 3862 pro·

194 3865 464 3946 bentur,
509 3887 642 3932 non
686 3865 879 3933 valde
918 3886 1158 3944 moror,
1205 3885 1418 3948 neque
1461 3866 1639 3930 enim
1680 3885 1790 3930 me
1826 3885 1979 3931 cum
2025 3863 2166 3930 Gal-

195 3954 341 4022 vino
399 3963 472 4019 et
541 3952 754 4018 Vireto
813 3951 964 4017 volo
1019 3953 1418 4035 coniungere
1483 3951 1553 4015 in
1615 3971 1694 4017 ea
1761 3950 2164 4034 quaestione,

237 4059 360 4105 uos
395 4038 599 4105 audio
633 4038 1065 4123 Argentorati
1085 4036 1335 4103 Bucero
1378 4036 1861 4120 subscripsisse,
1906 4036 2165 4102 etiamsi

195 4059 377 4189 gomi
424 4124 621 4190 aliter
663 4144 892 4207 sapere
937 4123 1305 4190 videantur.
1374 4122 1550 4188 Nam
1595 4121 1772 4189 domi
1794 4123 2165 4187 Luteranos

195 4218 551 4362 fissffi‘
567 4207 1714 4378 pffi'ssoemssssufflffldffl'fflm
1755 4206 1939 4359 {335
1980 4206 2166 4359 Ἠ

195 4381 572 4448 timendum
638 4382 806 4460 scio,
885 4381 1001 4464 qui
1066 4382 1172 4446 cui
1246 4381 1377 4460 ista
1485 4380 1711 4446 rodam
1778 4379 2164 4464 mtelligam.

196 4465 393 4547 Vale,
440 4489 562 4552 per
603 4466 950 4533 Christum
993 4466 1237 4545 Iesum,
1284 4466 1378 4530 mi
1523 4477 1626 4532 ter
1669 4466 1916 4549 optime
1960 4504 2032 4513 —
2081 4501 2161 4514 ·-

194 4552 511 4620 Basileae
555 4555 616 4619 6.
660 4551 805 4619 Gal.
851 4549 1186 4637 Septemb.
1241 4556 1421 4618 154⁷.
1627 4597 1634 4604 -

234 4811 385 4866 948.
429 4810 489 4872 1)
528 4808 719 4864 Oratio
791 4824 855 4861 ro
902 4824 1033 4861 vera
1079 4813 1137 4861 et
1172 4807 1401 4877 antiqua
1436 4807 1692 4862 ecclesiae
1729 4806 1929 4860 Christi
1966 4808 2168 4861 autori-

199 4883 316 4933 tate
354 4878 484 4933 adv.
533 4879 661 4932 Ant.
700 4875 745 4930 F
769 4876 1084 4930 orebellum.
1155 4877 1321 4929 Basil.
1360 4875 1584 4946 Oporin.
1631 4873 1778 4930 1546.
1847 4875 1963 4928 Hic
1996 4874 2167 4930 Anto·

197 4951 332 5002 niem
376 4945 712 5001 Pia-antello
748 4962 785 4999 a
818 4946 992 4999 literis
1017 4946 1131 5011 fuit
1154 4945 1534 5000 cardinalibus
1559 4942 1829 5012 Sadame,
1869 4943 2172 4999 Crescemio

199 5024 250 5071 et
283 5016 454 5154 Ροῑὲι.
527 5013 898 5154 ineyGurioais
919 5014 1066 5082 Epp.
1104 5013 1241 5068 Bas.
1280 5011 1434 5081 1563,
1478 5031 1535 5083 p.
1571 5011 1642 5066 68
1674 5014 1771 5068 ubi
1804 5012 1871 5067 de
1903 5013 2008 5068 hac
2042 5028 2168 5067 ora-

200 5087 351 5141 tione
449 5100 556 5139 ura
673 5098 743 5138 es.

987 5254 1394 5263 Ἣ-

1908 437 2071 501 1547
2109 431 2500 504 AUGUST.

4092 436 4217 499 586

3164 653 3320 728 944.

2655 811 3009 880 GALVIN
3052 812 3120 877 A
3159 810 3254 876 M.
3299 809 3429 876 DE
3474 807 3838 878 FALAIS.

2436 975 2506 1048 11
2525 981 2622 1049 lui
2647 982 3009 1050 denomino
3028 982 3105 1048 de
3129 980 3301 1065 faire
3321 1001 3536 1048 encore
3555 982 3667 1048 des
3702 982 4132 1066 chanyements
4173 983 4218 1049 ὰ

2261 1066 2622 1152 mmmm,
2668 1068 2765 1134 lui
2801 1067 3224 1135 recommande
3244 1065 3341 1133 M.
3388 1068 3465 1133 de
3486 1066 3802 1134 Mommor
3834 1088 4006 1149 pom·
4045 1069 4219 1135 mari

2259 1153 2990 1307 (ΞῗαῧίέπΦαὲΞΨίῑεν-εῃ,
3034 1153 3684 1237 etluifaitpartde
3725 1153 3792 1221 za
3832 1153 4219 1223 maladiede

2261 1410 2821 1534 (Ognautographe.
2870 1410 3015 1464 Bibl.
3054 1411 3124 1465 de
3159 1409 3394 1466 Geneve.
3443 1411 3569 1466 Vol.
3605 1409 3727 1481 194,
3758 1410 3853 1466 fol.
3886 1408 3973 1466 66.

2480 1488 2545 1535 st„
2582 1497 2635 1548 p.
2673 1478 2789 1534 140.
2855 1466 2959 1534 sd.
2996 1481 3216 1535 emet
3249 1480 3293 1537 1.
3327 1478 3447 1535 223.
3517 1478 3678 1534 rma
4003 1396 4217 1546 Enim

3716 1480 3857 1551 angl.
3890 1480 3965 1535 11.
4104 1520 4119 1534 .

2435 1670 2500 1734 A
2541 1667 3012 1755 Monseigneur
3054 1669 3400 1735 Monsieur
3443 1668 3524 1733 de
3565 1668 3871 1838 Fallez.B

3702 1774 3767 1838 A
3874 1772 4027 1839 asle.

2435 1907 2935 1993 Monseigneur,
2994 1928 3115 1992 par
3165 1929 3283 1975 voz
3327 1906 3680 1988 dernieres,
3736 1908 3849 1995 iay
3893 1928 4218 1995 recogneu

2263 2013 2390 2077 que
2432 1993 2496 2058 ie
2537 2012 2624 2059 ne
2668 2016 2831 2061 vous
2886 2014 3097 2079 avoye
3153 1994 3341 2078 point
3390 2013 3590 2061 encor
3645 1994 3964 2061 satisfaict
4013 2003 4220 2079 quant

2265 2099 2307 2144 a
2347 2077 2562 2162 lapolo
2612 2080 2686 2147 ὀ.
2760 2077 3081 2145 Oombien
3114 2100 3242 2164 que
3282 2079 3380 2147 les
3414 2079 3574 2145 trois
3693 2080 3828 2146 intz
3862 2079 4022 2147 dont
4056 2103 4221 2150 vous

2266 2185 2374 2231 me
2416 2101 2691 2232 touoffez
2733 2187 2818 2231 ne
2861 2172 3014 2231 sont
3056 2187 3173 2248 pas
3204 2186 3374 2250 pour
3408 2172 3589 2232 retar
3632 2186 3707 2231 er
3738 2165 4031 2247 ledition,
4078 2168 4220 2234 lex-

2264 2271 2420 2317 cuse
2463 2272 2535 2316 se
2568 2249 2752 2335 peult
2796 2250 2958 2317 faire
3000 2272 3087 2316 en
3128 2253 3294 2318 trois
3335 2259 3541 2318 motz:
3586 2272 3829 2336 pource
3871 2272 3998 2336 que
4041 2254 4098 2321 si
4133 2275 4219 2320 on

2263 2337 2510 2402 entroit
2542 2337 2820 2420 quelque
2852 2357 2981 2421 peu
3016 2346 3218 2403 avant
3251 2359 3338 2404 en
3370 2336 3790 2416 declaration,
3824 2337 3875 2402 il
3908 2338 4221 2405 fauldroit

2261 2421 2537 2489 toueher
2557 2422 2672 2489 des
2692 2424 2998 2489 matieres
3027 2422 3551 2502 chatouilleuses,
3587 2423 3722 2506 quil
3744 2423 3936 2490 vault
3969 2424 4219 2492 mieulx

2261 2506 2500 2574 laisser
2542 2508 2809 2575 dormit.
2838 2507 2890 2595 ¹)
2954 2508 3029 2575 Ie
3070 2530 3156 2574 ne
3200 2531 3329 2596 voy
3370 2510 3554 2592 point
3597 2529 3639 2574 a
3679 2510 3792 2592 qui
3826 2508 3878 2575 il
3919 2511 4050 2576 soit
4091 2512 4223 2577 bon

2260 2592 2591 2660 ladresser
2626 2615 2793 2677 pour
2834 2594 2899 2659 le
2940 2604 3224 2678 present,
3262 2595 3539 2661 attendu
3597 2594 3664 2660 la
3705 2593 4085 2679 disposition
4132 2597 4221 2662 du

2263 2687 2498 2764 temps.
2587 2677 2794 2745 Desia
2836 2679 2961 2746 elle
3018 2701 3059 2745 a
3101 2700 3179 2746 sa
3233 2680 3445 2765 partie
3497 2680 3903 2764 principalis.
3927 2679 3984 2768 ²)
4082 2683 4220 2749 Des

2264 2765 2510 2831 aultres
2553 2786 2930 2849 personnes,
2972 2767 3035 2832 ie
3079 2786 3212 2832 nen
3255 2776 3489 2835 trouve
3530 2765 3714 2832 nulle
3751 2768 3865 2849 qui
3900 2768 4028 2833 soit
4067 2788 4222 2851 pro-

2264 2872 2398 2933 pre.
2488 2849 2595 2917 De
2636 2851 2702 2916 la
2745 2851 3004 2918 desdier
3042 2873 3084 2918 a
3124 2851 3191 2916 la
3232 2851 3531 2918 noblesse
3590 2850 3677 2917 du
3720 2854 3878 2919 Pais
3919 2852 4088 2933 Bas,
4146 2874 4222 2921 ce

2264 2939 2467 3002 sercit
2523 2936 2721 3002 chose
2781 2936 3064 3004 odieuse.
3152 2938 3265 3003 En
3306 2938 3726 3023 Allemaigne
3777 2937 3964 3022 quels
4017 2947 4223 3006 estate

2265 3022 2582 3090 choisirez
2641 3022 2848 3090 vous?
2951 3024 3141 3090 Ainsi
3197 3024 3551 3109 iaymerois
3613 3023 3866 3090 mieulx
3927 3024 4066 3109 quil
4128 3047 4223 3113 ny

2265 3117 2414 3175 eust
2449 3108 2665 3175 aultre
2701 3121 2940 3175 cntree.
3013 3111 3360 3177 'Pouchant
3398 3111 3466 3176 la
3503 3110 3883 3177 conclusion
3926 3112 4221 3179 combien

2264 3194 2398 3278 quil
2443 3217 2489 3279 y
2531 3215 2572 3260 a
2615 3195 2767 3260 bien
2811 3197 3101 3274 matiere,
3149 3198 3332 3263 voire
3380 3196 3893 3280 trespertinente
3936 3218 3977 3262 a
4018 3221 4063 3283 y
4107 3196 4224 3263 ad-

2263 3281 2528 3360 iouster,
2574 3282 2631 3347 si
2673 3290 2776 3346 est
2810 3302 2882 3347 ce
2917 3289 3227 3365 questant
3260 3283 3426 3348 ainsi
3461 3282 3759 3360 couchee,
3806 3303 3881 3347 ce
3919 3292 4072 3349 nest
4100 3304 4223 3367 pas

2265 3387 2357 3432 un
2401 3387 2639 3450 propos
2684 3388 2935 3452 rompu.
3005 3367 3106 3452 Gy
3152 3388 3361 3451 apres,
3407 3368 3487 3434 sil
3522 3389 3568 3451 y
3598 3388 3636 3433 a
3669 3369 3968 3434 occasion
4011 3370 4127 3452 qui
4159 3370 4223 3436 le

2265 3452 2596 3535 requiere,
2653 3472 2816 3518 vous
2872 3452 3205 3520 adviserez
3270 3475 3396 3538 que
3461 3475 3624 3519 vous
3697 3474 3890 3518 aurez
3949 3477 3989 3519 a
4040 3454 4221 3534 faire,

2265 3557 2437 3621 pour
2478 3560 2523 3623 y
2579 3536 2915 3603 adiouster
2969 3558 3055 3604 ou
3108 3539 3273 3604 faire
3321 3538 3601 3623 quelque
3660 3539 3873 3605 aultre
3930 3539 4125 3607 chose
4182 3561 4224 3605 a

2265 3631 2434 3707 part.
2456 3624 2512 3703 Β)
2601 3622 2923 3689 Oombien
2975 3645 3101 3708 que
3155 3625 3218 3689 ie
3274 3633 3560 3690 remecte
3615 3625 3677 3692 le
3733 3634 3879 3690 tout
3921 3646 3961 3691 a
4004 3634 4225 3693 vostre

2267 3708 2638 3787 discretion,
2683 3711 2744 3774 ie
2788 3730 2954 3775 vous
2998 3729 3083 3774 en
3125 3707 3227 3776 dis
3269 3711 3632 3777 seulement
3672 3731 3830 3776 mon
3874 3709 4077 3778 advis.
4295 3712 4299 3716 ’

2440 3793 2668 3876 Quant
2710 3816 2797 3860 au
2838 3804 3031 3878 party
3073 3793 3235 3861 dont
3276 3817 3442 3862 vous
3484 3795 3863 3875 demandez,
3903 3797 3968 3862 ie
4010 3798 4223 3865 crains

2267 3901 2395 3964 que
2439 3901 2606 3948 vous
2628 3900 2711 3945 ne
2733 3880 2994 3966 pensiez
3028 3903 3154 3965 que
3195 3881 3258 3946 ie
3292 3880 3569 3948 bastisse
3613 3881 3729 3949 des
3771 3883 4100 3968 mariages
4134 3904 4217 3951 en

2266 3966 2395 4032 lair
2436 3966 2587 4032 bien
2632 3989 2672 4032 a
2715 3966 2779 4031 la
2821 3965 3023 4033 volee.
3112 3967 3286 4034 Mais
3342 3966 3556 4053 quoy?
3611 3968 3670 4034 si
3720 3990 3828 4034 me
3884 3969 4131 4035 semble
4172 3968 4224 4034 il

2313 4074 2393 4118 ue
2435 4052 2548 4138 iay
2589 4052 2867 4136 quelque
2910 4051 3294 4119 fondement
3336 4053 3418 4119 de
3455 4052 3672 4119 raison
3709 4064 3777 4120 et
3819 4055 3946 4121 bon
3988 4055 4222 4138 espoir.

2268 4073 2605 4289 {mmmm
2567 4137 3262 4310 mamete}
3277 4137 3444 4291 ’02:30
3471 4137 3743 4309 2¹53„
3758 4139 4224 4291 {rigans

2268 4308 2479 4389 fauce,
2495 4311 2553 4391 ⁴)
2600 4328 2710 4374 ma
2748 4308 2989 4375 mande
3044 4309 3184 4393 quil
3239 4309 3508 4376 desiroit
3562 4317 3826 4376 surtout
3879 4330 3949 4376 se
3988 4311 4227 4377 retirer

2268 4414 2391 4478 par
2435 4396 2597 4461 deca
2637 4404 2704 4460 et
2762 4395 3072 4462 continue
3128 4417 3211 4462 eu
3270 4417 3344 4462 ce
3402 4417 3654 4479 propos.
3760 4395 3894 4462 Gar
3946 4417 4021 4463 ce
4075 4404 4226 4463 nest

2271 4500 2389 4580 pas
2445 4502 2613 4566 pour
2667 4502 2801 4547 une
2856 4480 3037 4547 seule
3091 4482 3216 4548 fois
3303 4480 3398 4547 uil
3452 4502 3563 4547 ma
3619 4481 3832 4549 escrit
3931 4480 4091 4548 Gest
4130 4502 4226 4548 un

2270 4588 2502 4634 1eusne
2543 4565 2825 4647 homme,
2869 4587 2954 4631 au
3007 4566 3221 4634 moins
3308 4589 3346 4634 e
3385 4566 3573 4651 leuge
3619 4566 3701 4634 de
3748 4574 4226 4650 trentequattre

2308 4876 2456 4930 045.
2495 4875 2553 4940 1)
2598 4875 2808 4930 Comum
2844 4877 2892 4929 le
2926 4871 3201 4942 me'moo’re,
3248 4874 3397 4929 selon
3431 4878 3574 4929 toute
3601 4889 3940 4998 ἕὲρανεποε,
3973 4875 4067 4929 ηά
4096 4875 4233 4944 plui

2269 4941 2608 5068 ἕέέοὴοηρέ,
2644 4944 2688 4997 ⁸1
2721 4951 2801 4998 est
2832 4943 3142 5013 impossible
3176 4944 3242 4998 de
3276 4944 3396 4998 dire
3453 4943 3521 4999 de
3564 4961 3599 5014 q
3686 4958 3714 4996 s
3758 4952 3945 4999 autres
3980 4942 4229 4999 &timente

2487 5020 2510 5067 t
2541 5014 2629 5069 ici.

2392 5030 2540 5144 ⁰⁰¹2)
2577 5081 2910 5150 Pempereur.

2478 5149 2539 5210 8)
2582 5151 2676 5203 En
2710 5151 2832 5219 effet
2865 5151 2910 5203 *Ἰ
2939 5167 2978 5220 y
3012 5167 3049 5203 a
3081 5146 3162 5204 ἑτέ
3196 5145 3383 5217 ajoute'
3412 5164 3521 5203 une
3555 5148 3707 5203 lettre
3740 5148 3988 5218 speciale.

2478 5219 2539 5289 4)
2588 5221 2634 5274 V
2701 5234 2762 5272 es
2820 5219 2877 5273 la
2937 5217 3190 5272 addicam
3235 5219 3311 5271 du
3365 5217 3756 5272 Commentm're
3812 5232 3913 5271 sur
3971 5214 4041 5272 Se

2272 5288 2525 5342 adv-essee
2560 5288 2599 5342 ὰ
2632 5236 2841 5343 gaude
2885 5288 2952 5341 de
2987 5287 3265 5356 Humum,
3308 5287 3455 5353 frere
3503 5287 3581 5340 du
3617 5301 3965 5356 permanat
4007 5286 4139 5342 dont
4184 5258 4230 5341 oi

2272 5361 2352 5411 est
2386 5358 2633 5425 question
2668 5358 2742 5411 ici
2777 5355 2974 5422 (Teme
3009 5355 3079 5409 V.
3114 5374 3168 5424 p.
3201 5352 3276 5424 8).
