4825 6175
621 435 705 499 87
2169 433 2696 503 EPIB'POLAE
2741 440 3083 505 648—650
4542 445 4612 512 88

1525 653 1680 730 (348.

1160 809 1622 877 OALVINUS
1667 808 2038 877 VIRETO.

807 982 982 1064 Quod
1035 982 1316 1048 Aroviae
1369 982 1724 1048 inchoatum
1782 986 1875 1046 est
1923 982 2166 1064 fortiter
2220 983 2580 1049 continuan-

620 1067 794 1132 dum.
884 1067 988 1133 De
1033 1068 1331 1135 Zebedaei
1374 1088 1720 1134 successore
1761 1068 2054 1151 eliqendo.
2125 1069 2210 1133 In
2253 1090 2407 1152 ayro
2456 1069 2579 1134 Ge-

625 1154 880 1219 neven-si
935 1154 1158 1236 plures
1223 1154 1504 1219 ministri
1562 1154 1797 1235 pravis
1867 1153 2143 1220 moribus
2204 1155 2400 1220 dediti
2486 1152 2582 1219 vel

625 1239 763 1303 iam
815 1258 883 1303 se
943 1241 1115 1319 ipsos
1171 1245 1556 1305 removerunt
1614 1238 1710 1304 vel
1763 1258 1909 1303 mox
1964 1240 2322 1306 removendi
2379 1244 2576 1305 erunt.

632 1323 861 1389 Prima
913 1325 1189 1390 Trollieti
1232 1326 1472 1390 mentio.

627 1494 739 1560 (Ex
791 1493 1127 1564 autographo
1178 1495 1234 1546 in
1271 1493 1523 1547 Archivis
1561 1495 1979 1550 Tronchinianis
2025 1494 2369 1563 Pressingiae
2405 1512 2577 1564 prope

622 1563 898 1617 Genavam
933 1564 1241 1615 asservatis.
1299 1563 1499 1616 Exstat
1574 1580 1752 1634 noque
1786 1564 2068 1619 Ionvillaei
2102 1580 2267 1616 manu
2303 1563 2579 1634 descripta

627 1630 759 1686 Cod.
799 1630 1003 1684 Genev.
1040 1629 1156 1690 196.
1192 1632 1286 1688 fol.
1320 1631 1404 1685 83.
1563 1632 1666 1686 ndit
1703 1635 1849 1687 Beza
1887 1634 2021 1687 Gen.
2061 1649 2112 1701 p.
2149 1630 2269 1697 367,
2320 1632 2479 1685 Laus.
2518 1650 2573 1702 p.

624 1696 743 1762 672,
781 1699 918 1752 Han.
956 1717 1007 1768 p.
1045 1697 1162 1766 756,
1197 1699 1405 1753 Ghouet
1438 1717 1492 1769 p.
1515 1699 1633 1767 504,
1674 1701 1981 1757 Amet-230.
2019 1727 2086 1739 —·
2121 1700 2321 1754 Oonfer
2342 1701 2578 1768 Ruchat,

624 1765 695 1821 V.
719 1765 838 1820 528.
899 1768 1036 1821 Beza
1071 1786 1128 1821 se
1166 1784 1231 1822 ex
1267 1770 1462 1837 gallico
1500 1771 1729 1823 vertisse
1755 1771 1902 1836 dicit,
1938 1769 2085 1839 quod
2120 1770 2337 1823 nonnisi
2372 1786 2575 1824 memo-

1184 1837 1268 1889 ria
1304 1838 1484 1906 lapsus
1520 1839 1759 1892 seribere
1795 1839 2018 1908 potuit.)

618 2022 833 2092 Fideli
879 2023 1030 2089 Iesu
1076 2023 1329 2089 Christi
1374 2046 1567 2091 servo
1603 2027 1804 2091 Petro
1826 2025 2058 2092 Vireto
2079 2027 2575 2092 Lausannensis

622 2108 928 2174 ecclesiae
972 2111 1215 2192 pastori
1260 2110 1449 2175 fratri
1504 2111 1667 2176 mihi
1721 2112 2055 2178 carissimo
2111 2123 2179 2177 et
2221 2112 2428 2178 amico
2472 2113 2573 2177 in-

1406 2198 1777 2281 tegeri-ime.

790 2330 936 2413 Ego
982 2349 1138 2395 vero
1197 2330 1365 2395 nihil
1428 2332 1564 2397 fore
1619 2331 1854 2398 melius
1914 2334 2221 2412 arbitror,
2280 2355 2479 2417 quam
2533 2355 2573 2399 a

624 2414 885 2480 Nicolao
944 2425 1164 2480 nostro
1192 2418 1240 2492 ¹)
1299 2438 1516 2482 coram
1574 2419 1790 2484 verbis
1845 2421 2083 2502 exponi
2142 2441 2309 2503 quae
2363 2420 2571 2486 literis

618 2500 959 2581 complecti
1002 2503 1217 2566 iussus
1262 2504 1530 2568 fueram.
1610 2504 1780 2568 Nam
1823 2516 1890 2568 et
1933 2507 2138 2570 oratio
2184 2506 2369 2571 testis
2414 2527 2567 2572 oeu-

617 2586 736 2650 lati
780 2584 926 2669 plus
985 2586 1134 2650 fidei
1193 2608 1267 2651 ac
1323 2587 1665 2669 ponderis,
1727 2612 1871 2655 meo
1926 2592 2199 2668 iudici0,
2262 2589 2569 2657 habitura

618 2681 736 2749 est,
783 2680 850 2735 et
892 2671 1131 2736 multas
1176 2673 1538 2739 calumnias
1584 2673 1830 2740 diluere
1888 2678 2155 2759 poterit,
2212 2699 2374 2760 quas
2430 2677 2566 2744 illic

617 2756 840 2839 spargi
897 2757 1186 2839 quotidie
1232 2781 1271 2822 a
1318 2761 1515 2843 regiis
1559 2760 1870 2826 credibile
1929 2773 2046 2826 est.
2138 2762 2309 2827 Nam
2363 2785 2564 2845 quum

616 2840 832 2908 adhuc
875 2842 1005 2907 illic
1049 2864 1357 2923 essemus,
1417 2866 1547 2909 non
1591 2846 1818 2912 credas
1862 2867 2057 2929 quam
2102 2848 2305 2913 variis
2346 2849 2565 2913 crimi-

615 2928 810 2992 nibus
854 2938 1291 3011 gravarentur
1342 2930 1436 3012 pii
1480 2930 1737 2997 fratres.
1826 2933 2000 3016 Ege,
2058 2934 2320 2999 tametsi
2374 2934 2564 2999 facile

614 3022 909 3097 poteram
942 3014 1258 3099 suspicari
1294 3037 1378 3080 ex
1405 3037 1530 3099 quo
1568 3017 1748 3082 fonte
1782 3017 2176 3097 oriebantur,
2214 3039 2566 3102 suppressa

616 3108 915 3165 autorum
976 3102 1306 3166 mentione
1352 3102 1736 3186 simpliciter
1799 3105 2290 3187 respondebam.
2380 3104 2562 3186 Quin

616 3186 815 3251 etiam
860 3186 1173 3252 Aroviam
1195 3189 1252 3263 2)
1299 3208 1434 3252 11611
1489 3189 1658 3253 nulli
1700 3210 1781 3255 ex
1825 3190 2058 3273 legatis
2101 3190 2339 3255 imbuti
2378 3191 2562 3256 falsis

612 3271 983 3338 rumoribus
1037 3283 1384 3352 venerant,
1451 3295 1613 3357 quos
1673 3274 1935 3340 difficile
2002 3275 2131 3340 fuit
2182 3298 2264 3341 ex
2322 3276 2562 3343 animis

612 3356 946 3424 revellere.
1037 3356 1326 3423 Omnino
1367 3359 1571 3443 igitur
1613 3361 1899 3438 consulo,
1957 3368 2035 3426 ut
2074 3362 2363 3427 Bernam
2407 3384 2560 3428 con-

612 3442 800 3508 cedat
826 3443 1147 3523 Nicolaus,
1194 3453 1260 3508 et
1302 3465 1381 3509 ea
1411 3446 1798 3528 explicanda
1840 3454 2028 3512 curet
2071 3448 2347 3525 senatui,
2395 3468 2560 3532 quae

612 3528 918 3612 cognosci
962 3528 1282 3610 expediat.
1350 3530 1493 3614 Ego
1529 3532 1735 3598 literis
1757 3530 1952 3597 fidem
1981 3533 2123 3599 eius
2157 3533 2557 3613 commende,

612 3632 688 3678 ac
747 3634 907 3697 rogo
966 3622 1041 3678 ut
1099 3634 1487 3697 cognoscere
1546 3617 1755 3682 velint
1812 3640 1895 3682 ex
1951 3618 2131 3684 1111116
2188 3638 2332 3698 ore,
2387 3640 2558 3702 quae

612 3718 732 3781 ego
789 3698 1070 3764 scribere
1126 3698 1493 3767 debueram.
1596 3703 1698 3767 'Pu
1755 3723 2009 3787 quoque
2065 3706 2375 3786 privatim
2435 3704 2555 3769 alia-

610 3784 783 3867 quod
828 3785 1100 3851 verbum
1146 3786 1227 3850 ad
1273 3787 1606 3853 consulem
1652 3787 1890 3854 addere
1944 3790 2216 3873 poteris,
2271 3791 2327 3856 si
2370 3789 2553 3857 vide-

609 3870 807 3935 bitur.
910 3870 1164 3935 Iterum
1216 3872 1363 3939 dico
1380 3921 1395 3951 ‚
1462 3893 1547 3938 ne
1602 3875 2030 3959 refrigescant
2086 3876 2316 3953 animi,
2393 3875 2555 3941 utile

611 3963 711 4020 est
746 3956 826 4020 ab
873 3955 1013 4039 ipso
1039 3956 1305 4023 Nicolao
1346 3959 1642 4024 calefieri.
1709 3959 1940 4042 Ipsum
1980 3981 2234 4043 quoque
2273 3961 2346 4025 in
2370 3960 2555 4026 Zebe-

608 4041 755 4107 daei
787 4041 999 4106 locum
1038 4043 1396 4128 subrogari,
1444 4065 1576 4109 non
1610 4045 1926 4128 displicet.
1986 4046 2140 4111 Erit
2173 4045 2368 4127 enim,
2404 4066 2552 4112 meo

609 4124 863 4205 iudicio,
919 4127 1111 4192 valde
1169 4130 1521 4212 appositus.
1625 4131 1854 4197 Unum
1897 4130 2099 4210 dolet,
2158 4131 2333 4214 quod
2376 4153 2551 4196 nun-

607 4232 805 4294 quam
851 4213 957 4278 hie
1012 4234 1083 4278 se
1140 4214 1408 4280 retineri
1454 4236 1685 4297 passus
1730 4225 1846 4282 est.
1937 4217 2329 4299 Quanquam
2373 4218 2554 4281 enim

604 4318 738 4362 non
776 4298 996 4379 palam
1040 4300 1396 4377 recusabat,
1446 4300 1750 4367 videbam
1787 4312 2009 4366 tamen
2055 4323 2369 4386 quorsum
2411 4324 2551 4368 ma-

603 4587 835 4640 dernier.
911 4586 1123 4642 Goname
1156 4586 1348 4643 Calvia
1370 4590 1534 4672 ‘pao-le
1562 4590 1636 4670 ‘de
1668 4607 1769 4644 son
1802 4597 2002 4673 remur,
2036 4588 2387 4650 e'videmment
2420 4593 2551 4676 ἀζαη

603 4654 979 4778 mm?
995 4656 1427 4808 ffatim,
1440 4662 2113 4809 “35‘‡.5f'’.}22¹.'5,⁸22⁸⁶‚5‘0.2².
2129 4664 2552 4786 amm&

604 4791 737 4846 cord
782 4808 909 4847 avec
950 4792 1029 4845 Μ.
1068 4793 1284 4848 Bonnet
1327 4812 1422 4865 qm
1466 4813 1503 4849 a
1552 4795 1766 4864 prefer-e
1810 4798 1867 4851 la
1912 4799 2151 4853 seconde.
2238 4800 2552 4868 Gependant

603 4861 718 4914 cela
752 4861 1057 4931 n’eoeplique
1087 4879 1196 4930 pas
1229 4871 1488 4919 comment
1531 4865 1767 4919 Pauteur
1811 4865 2076 4922 lui-meme
2110 4885 2147 4921 a
2177 4884 2258 4936 pu
2294 4885 2350 4923 se
2385 4875 2547 4924 trom-

597 4944 726 4998 per,
776 4945 1045 4997 personne
1089 4947 1156 4986 ne
1201 4932 1539 4998 confondant
1589 4934 1636 4989 le
1680 4936 1916 5002 premier
1962 4936 2098 4992 ἄκη
2142 4939 2279 4991 mois
2325 4952 2455 4992 avec
2501 4937 2550 4991 le

601 4997 822 5051 dernier
855 4998 932 5052 da
964 4999 1129 5053 meme
1162 5003 1311 5055 mois.
1367 5002 1529 5057 Nous
1562 5018 1788 5058 somme
1804 5006 2138 5061 eonvaineue
2244 5022 2272 5060 e
2306 5008 2362 5061 la
2398 5007 2549 5061 lettre

602 5072 680 5119 est
715 5066 791 5119 du
829 5070 1067 5134 premier
1111 5067 1254 5122 Jm'a
1298 5075 1348 5123 et
1393 5087 1495 5141 que
1536 5071 1729 5127 Calvia
1779 5090 1815 5127 a
1847 5070 1982 5128 e'crit
2014 5090 2123 5143 par
2157 5074 2549 5130 enadvertance

596 5136 650 5188 Ie
683 5151 809 5188 nom
845 5136 911 5189 de
952 5135 1102 5206 May.
1173 5137 1440 5194 L'auteur
1492 5140 1558 5194 de
1605 5141 1662 5195 la
1706 5144 1858 5209 copie
1891 5158 1927 5196 a
1959 5158 2038 5210 pu
2072 5144 2286 5198 vouloir
2319 5142 2547 5198 re'tablir

596 5204 663 5257 la
695 5206 848 5256 vraie
880 5204 1005 5259 date
1036 5221 1104 5258 en
1136 5206 1439 5274 chanqeant
1473 5210 1521 5262 le
1554 5209 1745 5277 ehiffre
1761 5226 1839 5264 au
1873 5210 1982 5265 lieu
2017 5210 2095 5266 du
2127 5226 2254 5266 nom
2287 5228 2511 5280 propre.

623 5270 770 5325 648.
807 5272 864 5337 1)
904 5279 1083 5327 vestro
1121 5274 1267 5328 Edd.

803 5338 864 5407 2)
901 5341 1156 5396 Aroniam
1196 5343 1344 5399 Ead.
1381 5344 1505 5399 vide
1541 5345 1617 5400 N.
1652 5343 1775 5399 640.
1809 5343 1928 5399 641.

2734 625 2787 691 ‘s
2832 628 3286 711 propenderet.
3357 628 3656 696 Farellus
3688 652 3945 698 mecum
3988 631 4070 696 de
4094 628 4353 697 Roberto
4369 632 4426 710 ⁸)
4471 653 4613 715 quo·

2871 714 3062 797 gravi
3095 724 3164 781 et
3198 716 3534 783 moderato
3571 738 3744 797 sene,
3789 717 3964 784 facili
3999 724 4223 783 tamen
4256 726 4322 783 et
4353 716 4614 801 placido,

2683 798 2990 882 loquutus
3034 810 3193 867 erat.
3261 801 3456 884 Quod
3498 801 3643 869 ideo
3685 803 3804 869 tibi
3846 804 3914 868 in
3949 805 4331 869 memoriam
4376 824 4614 885 revoco,

2685 906 2770 950 ne
2827 905 3096 968 prorsus
3153 888 3405 954 nullam
3472 890 3575 954 sui
3631 889 3890 956 consilii
3952 889 4273 955 rationem
4339 889 4617 956 habitam

2684 977 2890 1053 putet,
2935 972 2992 1037 si
3034 993 3167 1038 non
3211 975 3305 1039 illi
3351 995 3602 1058 quoque
3660 976 4032 1042 satisfacere
4089 975 4307 1058 aliqua
4358 997 4616 1042 excusa·

2685 1058 2860 1122 tione
2926 1059 3208 1128 studeas.
3306 1063 3458 1127 Erit
3521 1073 3740 1127 autem
3808 1083 3940 1126 non
4009 1060 4292 1127 difficilis
4356 1081 4617 1129 excusa-

2685 1143 2798 1221 tio,
2843 1164 3044 1227 quum
3085 1156 3221 1212 tam
3265 1148 3535 1214 idoneus
3579 1168 3909 1214 successor
3954 1169 4128 1214 nunc
4172 1147 4358 1214 vobis
4417 1148 4503 1214 sit
4543 1147 4618 1214 ad

2684 1249 2973 1297 manum.
3041 1233 3185 1317 Ego
3233 1234 3337 1299 hic
3384 1234 3571 1300 valde
3614 1255 3762 1299 sum
3807 1235 4044 1300 anxius
4089 1233 4170 1299 (16
4212 1231 4468 1299 duobus
4512 1233 4617 1299 eli·

2685 1314 2932 1398 gendis.
3023 1319 3194 1384 Nam
3240 1320 3514 1386 Ioannes
3533 1321 3590 1407 ⁴)
3633 1318 3966 1385 Dralliani
4021 1319 4322 1385 minister
4363 1318 4447 1383 ad
4490 1320 4618 1385 Do-

2681 1401 2937 1467 minum
2981 1406 3311 1490 migravit.
3399 1406 3729 1474 Clusanus
3763 1428 3936 1485 vero,
3981 1415 4058 1472 ut
4097 1404 4475 1488 quotidiana
4514 1426 4619 1489 ps-

2682 1487 2863 1554 tendi
2909 1491 3207 1558 molestia
3253 1493 3606 1559 creditores
3649 1493 3985 1573 liberaret,
4043 1491 4261 1559 nescio
4305 1513 4432 1575 quo
4478 1513 4617 1575 pro-

2671 1575 2864 1659 'fugit
2944 1576 3053 1640 En
3099 1577 3249 1660 quid
3299 1580 3541 1645 faciant
3582 1599 3929 1662 cauponae.
3998 1578 4106 1643 Ita
4149 1578 4325 1644 enim
4360 1585 4620 1661 propter

2680 1662 2871 1744 gulae
2926 1663 3380 1746 intemperiem
3447 1686 3517 1730 se
3584 1686 3734 1731 aere
3789 1664 3999 1729 alieno
4051 1664 4490 1741 immerserat,
4555 1671 4622 1727 ut

2679 1767 2811 1811 non
2857 1747 2983 1812 alio
3026 1750 3315 1815 remedio
3370 1772 3704 1836 emergere
3747 1750 4051 1834 potuerit.
4140 1749 4391 1814 Vereor
4434 1769 4522 1814 ne
4561 1758 4624 1815 et

2679 1831 2793 1898 alii
2835 1833 3101 1916 quidam
3145 1845 3505 1920 sequantur
3557 1838 3682 1903 hoc
3740 1836 4133 1920 exemplum.
4197 1835 4410 1900 'Duos
4453 1835 4623 1900 enim

2678 1918 3016 1998 babemus,
3062 1924 3171 2003 qui
3217 1923 3464 1988 biennii
3521 1922 3859 2006 stipendio,
3918 1922 3975 1989 si
4017 1922 4272 1987 interea
4311 1921 4622 2000 ieiunant,

2678 2013 3007 2087 nequeant
3061 2027 3133 2072 se
3187 2009 3541 2075 extricare:
3607 2029 3728 2074 nec
3784 2019 4006 2074 tamen
4059 2016 4405 2092 propterea
4458 2004 4621 2072 desi·

2678 2100 2850 2155 nunt
2889 2092 3119 2158 furtim
3161 2116 3232 2161 se
3275 2096 3511 2162 abdere
3558 2115 3749 2178 saepe
3805 2095 3874 2159 in
3919 2114 4267 2176 cauponas,
4312 2101 4382 2157 et
4422 2113 4618 2174 pran-

2676 2177 2781 2244 dio
2826 2200 2957 2244 uno
3002 2181 3149 2264 plus
3192 2182 3552 2261 absumere,
3607 2202 3804 2265 quam
3845 2182 3917 2244 in
3961 2178 4238 2245 diarium
4285 2179 4487 2244 totius
4530 2179 4619 2243 fa·

2675 2264 2896 2329 miliae
2942 2266 3327 2333 alimentum
3370 2267 3750 2351 habeant.⁵)
3820 2265 4059 2332 Verum
4095 2265 4289 2330 redeo
4333 2263 4417 2329 ad
4454 2264 4619 2330 eleo·

2675 2351 2938 2416 tionem.
3026 2354 3091 2418 N
3093 2376 3220 2420 unc
3271 2354 3606 2420 Trolliebus
3659 2350 3921 2436 quidam
3939 2403 3955 2432 ‚
4012 2351 4185 2435 quod
4227 2351 4499 2416 natione
4543 2352 4625 2416 sit

2676 2435 3109 2518 Genevensis‚
3158 2440 3342 2505 nobis
3384 2436 3782 2505 obtruditur:
3843 2439 3917 2502 in
3971 2459 4097 2521 quo
4157 2436 4367 2501 multa
4432 2438 4624 2521 signa

2675 2535 2996 2604 apparent
3031 2526 3216 2590 nobis
3245 2526 3548 2591 omnibus
3586 2545 3822 2610 parum
3850 2537 4057 2609 grata.
4124 2523 4361 2589 Nescio
4399 2532 4625 2589 autem

2674 2607 2833 2690 quid
2895 2611 3197 2675 ministro
3262 2611 3534 2695 dignum
3603 2611 3862 2676 habeat:
3944 2610 4070 2675 nisi
4148 2609 4322 2691 quod
4393 2609 4623 2675 simiae

2673 2701 2901 2758 amant
2965 2718 3117 2762 suos
3195 2697 3459 2762 catulos.
3572 2698 3844 2766 Utinam
3925 2696 4033 2761 1116
4099 2695 4284 2777 nobis
4358 2693 4625 2761 adesses

2671 2780 2970 2861 proximo
3017 2781 3288 2847 Veneris
3332 2781 3465 2861 die,
3519 2803 3646 2865 quo
3704 2781 3785 2847 de
3828 2803 3907 2848 ea
3962 2801 4034 2846 re
4086 2780 4621 2846 consultabimus.

2671 2865 2794 2929 Sin
2839 2868 3089 2933 minus:
3135 2869 3234 2932 fac
3281 2873 3501 2933 tamen
3543 2878 3620 2933 ut
3664 2868 3744 2934 ad
3767 2867 4026 2935 Nicolai
4052 2867 4312 2933 Galasii
4353 2866 4625 2949 nuptias

2671 2958 2736 3015 te
2780 2952 2990 3033 sistas,
3037 2975 3199 3036 quae
3245 2955 3502 3020 futurae
3560 2962 3719 3020 sunt
3775 2953 3879 3018 die
3924 2953 4277 3032 dominice,
4330 2952 4495 3018 hinc
4542 2951 4623 3017 ad

2681 3040 2770 3101 12.
2799 3036 2990 3105 diem.
3065 3037 3397 3121 Quoniam
3435 3047 3614 3106 certo
3650 3047 3715 3106 te
3749 3048 4104 3106 venturum
4144 3036 4416 3118 confido,
4457 3039 4624 3105 haec

2668 3143 2866 3189 causa
2906 3134 3024 3205 est,
3069 3147 3185 3192 cur
3228 3128 3353 3192 sim
3396 3127 3676 3192 brevior.
3743 3127 4005 3193 Nicolao
4039 3124 4395 3209 plurimam
4438 3126 4621 3191 salu-

2668 3217 2800 3272 tem
2836 3208 3027 3289 dices,
3075 3211 3358 3293 huberte,
3406 3212 3646 3279 Ribitto
3683 3223 3752 3279 et
3794 3212 3982 3278 uxori
4028 3221 4195 3278 tuae.
4286 3212 4621 3276 Dominus

2667 3316 2783 3359 vos
2849 3308 3193 3364 conservet
3255 3320 3495 3365 omnes.
3603 3297 3732 3363 Ubi
3799 3300 4091 3377 veneris,
4168 3295 4393 3363 audies
4461 3295 4622 3380 quid

2666 3379 3158 3468 Witembergae
3201 3394 3452 3469 agatur.
3543 3383 3877 3460 Gonane,
3923 3392 3982 3449 4.
4026 3384 4253 3449 Nonas
4288 3383 4544 3449 Iunias.
4565 3385 4618 3460 7)

3763 3522 3855 3587 Io.
3905 3522 4219 3591 Calvinus
4263 3532 4435 3588 tuus.

3587 3828 3995 3838 ——————-—.

3556 4036 3709 4109 649.
3999 4094 4006 4101 .

3183 4174 3591 4244 va'rUS
3638 4177 4073 4246 OALVINO.

2829 4340 2932 4406 De
2973 4343 3246 4428 chyendo
3280 4349 3571 4414 ministro
3608 4351 3719 4431 qui
3770 4350 4060 4418 Orbanae
4100 4355 4386 4423 eeclesiae
4421 4379 4618 4442 prae-

2654 4427 3121 4583 {ejztstgimsse
3161 4433 3400 4499 Ioanne
3452 4436 3711 4501 diacono
3765 4456 3966 4518 nuper
4015 4440 4388 4509 Tononiensi
4439 4465 4616 4512 nune

2973 4688 3084 4754 (Ex
3119 4690 3455 4760 autographo
3493 4692 3620 4748 cod.
3660 4694 3860 4751 Gener.
3901 4696 4019 4767 115,
4054 4699 4145 4753 fol.
4181 4699 4291 4768 69.)

2855 4929 2914 4994 3)
2957 4930 3030 4985 Ν.
3068 4928 3185 4984 707.

2855 5001 2915 5067 4)
2957 5001 3029 5055 Ν.
3068 4998 3187 5083 717,
3204 5008 3330 5083 μοί.
3368 4999 3416 5059 7.

2856 5069 2912 5203 gl
2949 5071 3106 5193 11711ἵί
3131 5072 3240 5194 ‘ditt-
3281 5110 3432 5194 Elati.
3857 5158 3866 5164 ’

2858 5206 2915 5275 7)
2952 5206 3176 5261 Annum
3222 5209 3388 5272 facile
3435 5208 3658 5277 definies
3702 5228 3770 5267 ex
3817 5214 4082 5269 mentione
4126 5222 4420 5273 conventum
4454 5219 4604 5276 Aro-

2649 5276 3395 5403 affingat-sagam&
3439 5278 3706 5336 Zebedaei
3748 5297 4067 5353 successore,
4111 5284 4280 5355 deque
4323 5289 4605 5345 minim-ie

4797 4194 4818 4365 ι,

4799 4644 4809 4781 ξ
