4825 6175
209 419 313 484 377
1849 414 2014 478 1546
2058 409 2516 482 SEPTEKB.
3396 487 3401 492 ,
4066 414 4195 479 378

205 620 342 668 mos.
403 596 540 666 Sed
582 605 806 666 tamen
839 598 1082 668 missae
1113 598 1554 685 patrocinium
1586 619 1723 666 non
1766 605 2132 683 opportune

204 684 575 754 interseruit.
668 683 948 752 Confido
1000 707 1089 753 ex
1144 684 1324 754 illius
1381 684 1593 752 literis
1635 693 1704 751 te
1746 683 2133 752 consolatio-

201 777 798 924 :mffamffl
811 769 2131 955 ...mamam

200 941 490 1010 Nondum
534 943 797 1010 vacavit
839 963 1066 1010 omnes
1107 942 1334 1010 literas
1375 942 1628 1028 legere:
1689 943 1924 1010 faciam
1969 950 2130 1006 otio-

199 1029 329 1096 sior.
413 1028 742 1096 Dominus
779 1028 969 1096 Iesus
1014 1036 1080 1095 te
1124 1036 1344 1097 servet
1395 1036 1464 1096 et
1518 1049 1640 1113 pro
1694 1035 1810 1094 tuo
1853 1028 2019 1094 istoc
2061 1027 2131 1092 in

199 1136 292 1182 me
330 1134 549 1180 amore
592 1122 661 1181 te
694 1115 982 1182 vicissim
1019 1136 1278 1200 semper
1310 1114 1523 1200 magis
1561 1133 1638 1181 ac
1671 1114 1883 1199 magis
1916 1113 2132 1199 gratia

195 1222 303 1267 sua
338 1208 791 1285 prosequatur.

949 1495 1353 1503 m—

1078 1744 1235 1817 824.

674 1899 1147 1970 CALVINUS
1191 1898 1645 1966 FARELLO.

344 2071 531 2138 Inter·
529 2092 607 2137 as
678 2073 816 2138 eiu-3
878 2072 967 2139 ad
1025 2072 1368 2139 Parmam
1430 2071 1721 2154 quamm‘
1783 2071 2135 2153 asperiore-3⁶

182 2158 317 2224 huic
359 2158 649 2225 tradidit.
747 2158 872 2240 Qui
913 2159 1052 2239 ipse
1084 2157 1413 2241 difficilior
1456 2162 1544 2223 est
1585 2160 1869 2236 bractam
1913 2155 2133 2222 mulie-

183 2264 275 2310 res
325 2243 557 2326 affines
611 2264 799 2310 verae
851 2244 1083 2327 fmus.
1183 2244 1466 2310 Iooosam
1517 2242 1851 2308 historiam
1911 2243 2134 2309 uxoris

182 2328 516 2398 Frumenti
578 2334 835 2411 narrat,
900 2351 1061 2413 quae
1130 2336 1336 2397 tamen
1392 2335 1448 2396 et
1509 2330 1845 2395 tristiorem
1905 2328 2134 2411 faeiem

180 2589 365 2654 (Manu
399 2589 613 2658 scripta
645 2604 755 2642 non
791 2592 988 2642 exstat.
1058 2587 1250 2644 Edidit
1295 2589 1443 2642 Beza
1487 2585 1688 2642 Genev.
1774 2626 1787 2640 .
1826 2584 1922 2653 63,
1967 2586 2130 2640 Laus.

179 2675 227 2727 p.
262 2656 384 2725 142,
418 2657 633 2712 Hanmr.
670 2673 723 2727 p.
761 2653 879 2722 159,
918 2656 1129 2738 Chouet
1157 2673 1214 2780 f.
1251 2655 1336 2724 83,
1375 2660 1549 2710 Amet.
1588 2673 1642 2726 p.
1749 2696 1760 2707 .
1798 2683 1865 2694 —
1899 2655 2133 2725 Anglioc

827 2727 1027 2794 legitur
1061 2726 1121 2780 Τ.
1185 2726 1226 2780 I.
1263 2743 1316 2796 p.
1352 2723 1470 2792 56.)

336 2914 638 2981 Tametsi
680 2914 918 2979 literae
957 2934 1090 2979 non
1134 2915 1314 2979 omui
1359 2936 1445 2980 ex
1478 2919 1666 2997 parte
1707 2914 1871 2979 mihi
1913 2913 2131 2998 place-

41 3063 42 3089 ,
173 2999 343 3081 bant,
391 2999 572 3085 quod
614 2998 890 3065 verebar
931 3022 1015 3064 ne
1060 3001 1412 3083 asperitate
1455 3001 1662 3065 nimia
1718 3000 2130 3065 stomachum

41 3092 42 3129 ³
170 3097 297 3152 tam
340 3086 704 3154 delicatum
739 3085 1170 3152 offenderent:
1215 3085 1583 3152 reddendas
1618 3096 1840 3151 tamen
1884 3086 2129 3164 curavi,

41 3228 42 3259 ;
173 3173 279 3239 sed
320 3176 422 3240 ita
467 3181 549 3239 ut
588 3174 875 3239 nesciret
919 3195 960 3238 a
999 3193 1106 3237 me
1162 3172 1366 3238 fuisse
1409 3173 1606 3239 visas.
1637 3176 1686 3249 ¹)
1772 3171 1907 3237 Hic
1952 3174 2130 3237 enim

208 3261 347 3325 uasi
392 3261 517 3326 abs
555 3267 618 3325 te
653 3258 781 3325 sibi
816 3259 1195 3326 commissas
1238 3259 1311 3323 in
1347 3259 1490 3325 eius
1527 3258 1792 3323 domum
1833 3257 2127 3341 pertulit.

220 3346 242 3409 i
283 3346 554 3412 tonabit
595 3366 717 3412 suo
761 3365 941 3410 more
960 3396 975 3423 ,
1036 3343 1303 3409 tandem
1348 3345 1490 3410 eius
1534 3344 1812 3410 fulmina
1856 3365 2130 3410 evanes-

39 3442 40 3465 ¹
170 3439 314 3496 cent
355 3433 435 3496 in
483 3431 792 3514 crepitus.
895 3431 1042 3515 Ego
1099 3451 1206 3495 me
1266 3428 1364 3494 illi
1419 3451 1549 3496 non
1609 3430 1810 3494 offero
1854 3438 2130 3508 tantum,

39 3526 40 3529 ’
170 3517 278 3581 sed
311 3514 791 3602 propemodum
824 3515 1122 3594 obtrudo,
1170 3513 1495 3581 duntaxat
1528 3515 1798 3580 modum
1831 3515 2132 3595 adhibeo,

169 3612 236 3666 ut
275 3602 705 3669 meminerim
750 3623 947 3686 quem
990 3602 1206 3667 locum
1249 3610 1543 3667 teneam:
1603 3622 1816 3686 neque
1873 3600 1940 3665 id
1983 3621 2133 3666 mea

171 3708 391 3770 causa,
452 3688 576 3754 sed
632 3690 784 3772 quia
839 3688 1037 3753 homo
1092 3686 1572 3754 adulationibus
1636 3696 1935 3752 assuetus
1987 3707 2131 3753 mo-

170 3772 375 3842 destia
413 3794 572 3842 mea
625 3772 1010 3840 abuteretur
1065 3774 1139 3839 in
1185 3773 1440 3839 Christi
1512 3772 1889 3839 ludibrium.
1995 3774 2131 3838 De-

169 3880 353 3943 spero
382 3862 408 3927 i
529 3881 633 3939 ue,
653 3860 784 3927 nisi
803 3858 1138 3926 Dominus
1169 3859 1535 3926 remedium
1558 3857 1882 3925 adhibeat.
1942 3858 2133 3924 Uxor

39 3996 40 4035 3
169 3947 301 4014 eius
342 3968 389 4031 p
527 3946 541 3960 ‘
596 3946 608 3961 ‘
674 3967 734 4045 ‘a
773 3953 875 4013 est
915 3947 1102 4046 furia.
1174 3944 1398 4011 Vidua
1438 3945 1520 4011 N.
1566 3945 1727 4010 adeo
1763 3944 2134 4044 procaciter

39 4090 40 4109 ἶ
167 4030 449 4112 lascivit,
500 4042 578 4097 ut
626 4030 806 4098 dicas
858 4052 1002 4098 esse
1054 4031 1491 4098 iuvenculam.
1509 4030 1567 4118 ²)
1653 4029 1914 4096 Deinde
1956 4030 2132 4097 male

167 4118 285 4186 sibi
325 4119 602 4187 conscia
619 4118 842 4185 verbis
884 4117 1208 4195 omnibus,
1253 4138 1421 4200 quae
1462 4138 1584 4201 pro
1626 4118 1936 4182 concione
1981 4137 2129 4199 pro·

39 4190 40 4223 ³
164 4204 492 4286 feruntur,
532 4205 846 4271 innitatur
878 4203 964 4270 ad
995 4204 1275 4283 rabiem
1322 4203 1500 4269 domi
1534 4201 1847 4286 quidquid
1891 4201 2132 4269 veneni

164 4289 391 4373 habet,
454 4293 528 4358 in
585 4311 708 4357 nos
764 4291 1040 4358 evomit:
1099 4308 1471 4374 quanquam
1524 4308 1684 4373 erga
1737 4297 1805 4353 te
1848 4288 2014 4354 mire
2058 4309 2131 4354 se

162 4379 475 4460 praebuit
495 4376 906 4444 benevolam.
976 4376 1164 4442 Duos
1198 4376 1378 4441 enim
1412 4385 1686 4459 nepotes
1721 4383 1885 4453 tuos,
1925 4395 2130 4460 quum

163 4464 531 4546 periculose
586 4470 1004 4548 aegrotarent
1056 4462 1129 4526 in
1184 4483 1255 4527 se
1318 4463 1567 4546 recepit
1583 4512 1598 4541 ,
1663 4480 1875 4543 neque
1937 4460 2130 4525 aliter

39 4554 40 4557 ’
163 4557 409 4617 tractat
453 4568 655 4633 quam
699 4547 886 4614 filios.
975 4547 1126 4614 Hoc
1170 4547 1455 4614 officium
1500 4547 1774 4632 dignum
1818 4558 1920 4612 est
1964 4545 2127 4610 libe-

197 4787 339 4843 m
379 4791 438 4858 1)
479 4789 642 4844 Haec
674 4788 950 4857 aplicata
993 4788 1238 4844 ⁸⁶¹⁸sz
1281 4792 1392 4843 not.
1427 4785 1459 4840 1
1508 4786 1588 4843 ad
1622 4786 1696 4842 N.
1732 4785 1852 4841 822.
1921 4783 2012 4840 De
2046 4791 2128 4840 ta-

164 4856 385 4913 bellario
432 4861 537 4930 qui
590 4857 872 4926 epistolam
921 4857 1137 4913 Farellt'
1179 4855 1417 4912 Perm’no
1475 4855 1714 4921 tradidit
1755 4856 1827 4923 cf.
1876 4854 1958 4910 N.
2005 4852 2126 4908 843.

41 4934 42 4937 ’
171 4924 867 4998 conmonachis&
908 4925 1392 4996 epietouFav-eui
1438 4925 1844 4981 &Pes-rium

169 4991 540 5063 Kircltkofero
568 4996 774 5063 fraudi
802 4996 1068 5065 ficerunt,
1113 4996 1194 5049 ita
1244 4998 1307 5048 ut
1349 4993 1497 5050 hunc
1531 4992 1837 5049 mertinis
1985 5009 2129 5047 ume-

165 5071 323 5147 rarqt,
358 5065 558 5150 quales
589 5064 974 5148 itt-Flandria
1007 5071 1058 5120 et
1089 5062 1361 5145 Neocopti
1393 5064 1742 5130 adituum,
1882 5132 1894 5144 ⁰
1990 5062 2130 5116 theo·

166 5130 333 5322 ἓξ..
367 5134 552 5258 ..Ψ
485 5150 815 5260 ..tme-
833 5132 1818 5259 mmmdffiffizz
1839 5130 2131 5255 :aaa

211 5287 373 5327 εει-τω.

362 5340 430 5408 2)
467 5338 564 5396 De
595 5340 701 5397 aaa
732 5340 858 5397 osae
890 5340 971 5396 N.
1007 5338 1128 5411 81¹2,
1160 5344 1274 5397 m.
1312 5338 1361 5395 ⁷.

2235 598 2360 665 rali
2415 597 2782 681 gratiarum
2837 596 3122 677 actione,
3181 617 3382 681 quam
3438 617 3575 664 non
3618 598 3879 665 omittes
3895 651 3913 679 ,
3968 599 4082 666 ubi
4124 621 4196 667 se

2236 684 2521 750 nuncius
2563 681 2894 750 obtulerit.
2980 682 3192 750 Nobis
3236 682 3541 750 omnibus
3584 681 3746 749 adeo
3791 692 3895 752 est
3934 684 4195 768 infesta,

2236 777 2313 834 ut
2353 768 2619 835 credam
2654 767 3082 856 Caesarem&
3122 770 3340 854 ipsum
3383 768 3595 835 nihilo
3629 771 3841 856 magis
3884 791 4027 837 esse
4069 770 4198 838 ini.

2236 855 2500 921 micum.
2588 855 2682 919 Et
2723 862 2947 921 tamen
3003 856 3060 921 si
3112 875 3315 923 causa
3357 854 3634 922 dicenda
3674 856 3779 935 sit,
3840 856 4048 923 fateor
4089 879 4197 925 me
4325 888 4330 893 -

2237 942 2523 1019 nescire,
2591 939 2720 1006 nisi
2772 940 2949 1025 quod
3002 940 3421 1025 impudenter
3488 940 3843 1008 criminum
3897 944 4197 1010 omnium

2234 1025 2688 1092 defensionem
2728 1026 2905 1092 susci
2950 1027 3019 1092 it.

2406 1111 2706 1178 Narrabo
2750 1112 2859 1177 hic
2900 1132 3187 1178 iocosam
3219 1113 3584 1180 historiam.
3650 1113 3883 1198 Nuper
3914 1113 4045 1181 huc
4079 1136 4197 1181 ve·-

2236 1198 2336 1262 nit
2371 1196 2705 1263 Frumenti
2745 1219 2932 1264 uxor.
2999 1198 3135 1265 Per
3176 1217 3404 1265 omnes
3443 1200 3771 1279 tabernas,
3814 1220 3934 1283 per
3976 1202 4200 1267 omnia

2233 1284 2374 1349 fere
2439 1284 2724 1367 compita
2785 1283 3235 1350 declamitavit
3288 1283 3605 1352 adversus
3661 1284 3895 1370 longas
3953 1293 4193 1353 vestes.

2238 1367 2466 1451 Quum
2507 1368 2576 1435 id
2619 1368 2784 1434 mihi
2827 1370 3033 1436 fuisse
3075 1367 3440 1436 indicatum
3475 1371 3693 1449 sciret,
3739 1372 4082 1438 excusavit
4123 1393 4196 1439 se

2236 1453 2510 1520 ridendo
2592 1454 2837 1521 dixisse
2851 1506 2866 1534 ,
2935 1463 3051 1521 aut
3121 1475 3241 1521 nos
3303 1454 3684 1523 indecenter
3757 1456 3992 1523 vestiri
4042 1478 4197 1523 cum

2237 1561 2479 1625 magno
2537 1541 2843 1607 ecclesiae
2908 1539 3331 1608 offendiculo:
3407 1555 3524 1607 aut
3586 1562 3709 1608 vos
3773 1542 4016 1608 falsum
4081 1541 4195 1610 do-

2234 1627 2452 1693 cuisse
2467 1678 2484 1706 ,
2553 1646 2756 1709 quum
2824 1626 3128 1693 diceretis
3184 1649 3225 1692 a
3278 1625 3495 1714 longis
3549 1629 3843 1695 vestibus
3898 1628 4194 1712 dignosci

2236 1731 2433 1796 posse
2474 1712 2672 1778 falsos
2714 1712 3088 1797 prophetas.
3156 1711 3382 1795 Quum
3422 1719 3563 1779 tam
3608 1713 3903 1797 putidam
3944 1714 4195 1781 calum-

2234 1798 2416 1863 niam
2460 1799 2836 1877 refutarem,
2881 1799 3097 1882 coepit
3129 1799 3328 1863 etiam
3372 1799 3635 1882 spiritui
3678 1808 3907 1866 sancto
3951 1798 4196 1867 adscri-

2234 1885 2409 1964 bere,
2455 1883 2630 1967 quod
2673 1883 2857 1951 vobis
2899 1885 3280 1969 impegerat.
3346 1882 3527 1966 Quid
3559 1884 3687 1952 sibi
3711 1885 3872 1964 vult,
3919 1884 4192 1965 dicebat,

2234 1969 2420 2036 locus
2464 1969 2578 2035 ille
2626 1990 2793 2035 evan
2843 1968 2983 2036 elii:
3028 1968 3324 2036 Venient
3357 1967 3443 2035 ad
3486 1991 3602 2036 vos
3657 1970 3732 2036 in
3786 1969 4001 2056 longis
4043 1992 4196 2038 ves-

2236 2054 2455 2121 tibus?
2520 2056 2790 2139 Respon
2841 2057 2854 2070 ’
2894 2077 3002 2122 me
3035 2057 3289 2124 nescire
3323 2056 3435 2123 ubi
3479 2064 3652 2123 esset
3685 2055 3803 2121 illa
3844 2058 4193 2139 sententia,

2236 2140 2366 2208 nisi
2407 2141 2581 2207 forte
2636 2142 3054 2208 inveniretur
3110 2142 3184 2206 in
3241 2141 3584 2227 evangelio
3629 2141 4192 2210 Manichaeorum.

2238 2224 2352 2294 Sic
2396 2227 2577 2292 enim
2619 2233 2840 2294 exstat
2881 2226 3058 2295 locus
3105 2229 3329 2294 Lucae
3384 2231 3485 2293 20.
3533 2249 3702 2295 vers.
3749 2233 3853 2293 45.
3942 2227 4195 2298 Cavete

2237 2333 2278 2377 a
2320 2312 2553 2380 scribis
2636 2314 2707 2379 ui
2741 2312 2973 2379 volunt
3007 2313 3344 2380 ambulare
3388 2314 3460 2379 in
3502 2313 3708 2381 stolis.
3774 2313 3931 2379 Non
3975 2322 4197 2381 autem

2237 2400 2507 2466 venient
2548 2418 2588 2463 a
2675 2420 2813 2480 vos,
2868 2405 2989 2464 eto.
3036 2398 3211 2483 quod
3264 2421 3349 2466 ex
3391 2399 3634 2467 Matth.
3682 2403 3715 2462 7
3760 2399 4194 2485 interpolave-

2236 2496 2360 2552 rat.
2375 2486 2437 2568 ⁴)
2525 2484 2753 2565 Quum
2808 2485 3086 2558 sentiret
3138 2506 3211 2550 se
3263 2486 3516 2571 urgeri,
3574 2493 3930 2569 conquesta
3971 2496 4073 2553 est
4115 2485 4195 2554 de

2235 2577 2465 2640 nostra
2520 2569 2873 2655 tyrannide
2888 2622 2907 2648 ,
2973 2568 3148 2655 quod
3203 2591 3338 2636 non
3381 2570 3590 2638 cuivis
3644 2571 3876 2637 liceret
3931 2571 4196 2656 quidvis

2238 2657 2510 2741 garrire.
2601 2656 2907 2723 {Praetavi
2959 2656 3304 2723 mulierem
3358 2664 3436 2721 ut
3491 2655 3706 2723 debui.
3805 2655 4053 2724 Statim
4111 2655 4194 2724 ad

2238 2741 2575 2810 Michaelis
2614 2740 2882 2808 viduam
2924 2743 3235 2826 perrexit,
3295 2762 3462 2825 quae
3505 2763 3653 2809 eam
3693 2741 3978 2827 hospitio
4021 2765 4195 2811 rece·

2233 2830 2353 2914 pit,
2399 2849 2537 2894 non
2579 2847 2849 2894 mensae
2891 2835 3156 2894 tantum
3200 2826 3315 2895 sed
3355 2827 3510 2894 lecti
3554 2829 3816 2908 sociam,
3878 2831 4034 2914 quia
4074 2831 4195 2895 mi-

2235 2914 2464 2980 nistris
2506 2912 2949 2980 maledicebat.
3023 2913 3211 2980 Haec
3252 2913 3549 2993 vulnera,
3594 2912 3766 2998 quod
3810 2914 4200 2983 insanabilia

2235 3000 2403 3066 mihi
2446 2997 2777 3077 videntur,
2820 2999 3072 3067 intacta
3113 3000 3433 3084 relinquo,
3495 2999 3703 3066 donec
3747 3020 4019 3066 manum
4058 3002 4197 3067 Do-

2236 3089 2458 3153 minus
2503 3085 2868 3152 admoveat.

2409 3172 2705 3238 Coenam
2746 3172 3046 3256 proximo
3092 3170 3198 3237 die
3240 3171 3592 3238 Dominico
3637 3193 3866 3239 sumus
3909 3172 4195 3240 celebra-

2237 3258 2387 3324 turi.
2453 3257 2635 3322 Hinc
2664 3257 2880 3339 cogita
2914 3257 3150 3343 quibus
3186 3259 3508 3343 angustiis
3542 3277 3723 3323 nunc
3764 3260 4193 3344 constringar.

2235 3344 2511 3411 Utinam
2553 3364 2661 3409 me
2696 3343 2967 3409 absente
3004 3354 3225 3427 posset
3260 3343 3596 3421 celebrari,
3640 3342 3767 3410 hac
3802 3342 4195 3423 conditione,

2235 3439 2312 3496 ut
2355 3430 2440 3496 ad
2482 3450 2600 3495 vos
2638 3450 2847 3512 usque
2902 3430 3013 3495 vel
3066 3428 3370 3496 manibus
3413 3438 3761 3513 reptarem.
3848 3429 4199 3496 Fratribus

2238 3517 2369 3582 tuis
2414 3516 2673 3581 utinam
2714 3514 2881 3581 illud
2925 3516 3400 3581 Terentianum
3456 3516 3717 3581 veniret
3758 3515 3826 3580 in
3871 3525 4193 3582 mentem:

2235 3602 2525 3669 Perdere
2567 3602 2641 3665 in
2683 3610 3006 3685 tempore,
3060 3600 3318 3667 lucrum
3360 3601 3576 3667 facere
3616 3608 3734 3667 est.
3825 3599 4191 3667 Admonui:

2236 3689 2353 3754 sed
2397 3710 2534 3754 non
2589 3688 2910 3753 festinant
2964 3695 3286 3773 quantum
3340 3685 3601 3753 vellem.
3705 3686 4053 3771 Paulisper
4098 3698 4197 3753 ta-

2236 3795 2391 3840 men
2436 3774 2653 3840 adhuc
2711 3773 2881 3839 hanc
2923 3793 3180 3839 moram
3237 3773 3541 3857 quamvis
3597 3771 3787 3837 nobis
3843 3773 4195 3856 ingratam,

2236 3860 2628 3926 sustineant.
2717 3858 2888 3924 Vale
2931 3859 3135 3925 frater
3178 3864 3245 3924 et
3289 3857 3498 3925 amice
3537 3857 3979 3943 integerrime.
4072 3856 4196 3926 Sa·

2234 3947 2377 4012 luta
2440 3966 2589 4011 meo
2656 3945 2922 4011 nomine
2989 3943 3339 4029 diligenter
3392 3943 3629 4009 fratres
3686 3963 3941 4023 omnes,
4006 3945 4196 4010 fami-

2233 4032 2392 4098 liam
2406 4083 2426 4111 ,
2505 4038 2571 4096 et
2641 4031 2784 4114 pios
2849 4032 3045 4098 cives.
3165 4030 3496 4096 Dominus
3572 4036 3642 4094 te
3708 4039 4058 4097 conservet
4121 4052 4197 4101 ac

2236 4138 2500 4203 semper
2542 4124 2733 4202 regat
2767 4137 2887 4183 suo
2921 4116 3174 4201 spiritu,
3217 4119 3454 4183 Amen.
3546 4112 3878 4196 Genevae,
3922 4114 4196 4184 Calend.

2237 4202 2573 4289 Septemb.
2626 4207 2808 4268 1546.

3163 4336 3442 4404 Ioannes
3485 4337 3807 4405 Calvinus
3851 4346 4023 4405 tuus.

2284 4652 2296 4665 ·
2446 4581 2508 4649 3)
2546 4581 2808 4637 comicum
2832 4584 3005 4648 puta,
3040 4593 3197 4648 quem
3240 4577 3329 4633 illu·
3358 4579 3643 4647 vocabam,
3678 4579 3717 4632 i.
3753 4593 3795 4633 e.
3832 4580 4016 4648 ipsam
4052 4576 4191 4632 Per-

2235 4667 2704 4843 ”nmqnfera
2742 4716 2829 4773 15.
2907 4713 3134 4771 Utinam
3173 4720 3295 4784 ipse
3337 4717 3666 4771 meminisset
3697 4715 3941 4785 aquaem
3977 4730 4194 4771 nuum

2236 4806 2351 4845 non
2384 4804 2490 4857 cap
2583 4804 2626 4843 e.
3494 4834 3501 4841 ,
