4825 6175
566 377 693 443 119

738 562 1099 636 Caeterum
1131 563 1305 648 quod
1337 569 1540 640 tuam,
1587 561 1858 644 Farelle,
1907 563 2319 630 vocationem
2342 568 2391 642 ι)
2429 571 2530 629 at-

563 652 758 729 tinet,
803 650 897 716 sic
941 648 1450 733 respondemus:
1507 649 1825 716 Rationes
1872 647 2125 715 Calvini
2167 647 2253 714 ad
2292 650 2530 715 fratres

562 737 966 822 perscriptas
1008 736 1196 801 nobis
1241 757 1453 819 neque
1484 755 1721 819 parum
1765 734 2023 801 validas
2064 754 2279 817 neque
2314 735 2530 800 incer-

566 831 673 889 tas
721 821 952 901 videri,
1008 821 1270 905 quando
1329 829 1397 888 et
1446 827 1642 886 tuum
1681 822 2129 886 ministerium
2172 828 2239 885 et
2280 821 2529 886 utrius-

568 929 696 992 que
740 907 1051 973 ecclesiae
1108 915 1354 973 statum
1398 908 1731 972 intuentes
1786 908 1914 990 ipsi
1968 925 2227 988 quoque
2270 904 2529 972 uberio-

565 1015 711 1060 rem
753 1000 824 1058 et
878 994 1280 1059 fructuosam
1328 993 1541 1077 magis
1585 992 1900 1059 Genevae
1943 1011 2141 1075 quam
2185 991 2334 1057 istic
2379 1013 2530 1057 cen-

568 1100 788 1147 semus
831 1099 1100 1163 operam
1143 1077 1453 1162 deinceps
1495 1086 1677 1143 tuam
1733 1078 1889 1157 fore,
1933 1077 2127 1143 modo
2173 1077 2261 1142 sit
2304 1077 2416 1158 qui
2458 1078 2530 1141 in

566 1164 956 1249 perturbata
997 1164 1391 1247 adflictaque
1432 1164 1709 1231 ecclesia
1752 1172 1869 1230 tua
1909 1172 2260 1248 pastorem,
2306 1169 2529 1247 pasto-

567 1272 710 1317 rem
753 1249 1047 1333 inquam,
1093 1270 1288 1334 agere
1333 1258 1400 1316 et
1441 1251 1649 1333 possit
1683 1259 1750 1314 et
1793 1249 1956 1316 velit
1971 1252 2047 1328 ²).
2136 1247 2356 1330 Quem
2397 1249 2530 1314 nisi

569 1357 772 1421 queas
807 1344 1075 1401 tuorum
1110 1335 1378 1400 auxiliis
1407 1335 1805 1401 substituere
1840 1335 1979 1415 tibi,
2016 1355 2176 1401 cave
2210 1342 2287 1400 ut
2317 1335 2529 1399 latum

566 1443 859 1507 unguem
904 1444 944 1486 a
988 1422 1267 1488 statione
1312 1420 1610 1506 delegata
1654 1419 1964 1488 discedas.
2057 1419 2194 1487 Sed
2238 1420 2529 1486 inveniri

566 1528 758 1593 posse
815 1509 1214 1572 arbitramur
1279 1508 1385 1574 cui
1449 1527 1528 1573 ea
1601 1507 1940 1591 provincia
2003 1507 2323 1572 committi
2388 1505 2529 1571 tulo

569 1602 783 1678 queat,
826 1615 949 1659 nec
992 1592 1374 1659 defuturum
1416 1593 1524 1659 cui
1568 1615 1721 1658 cum
1759 1593 2077 1659 facultate
2127 1593 2215 1657 sit
2256 1591 2528 1658 Christo

569 1679 1007 1762 ecclesiaeque
1050 1679 1110 1743 ei
1154 1678 1484 1744 serviendi
1520 1699 1792 1762 exprom
1842 1685 1911 1744 ta
1945 1677 2271 1744 voluntas.
2339 1677 2527 1743 Haec

568 1766 653 1830 D.
712 1764 969 1830 Nicolai
1023 1785 1064 1829 a
1135 1762 1446 1830 Wattewil
1500 1772 1568 1829 et
1622 1765 1708 1829 D.
1820 1765 1947 1830 eati
1960 1766 2016 1840 3)
2067 1771 2134 1829 et
2175 1784 2325 1829 mea
2366 1783 2526 1845 quo-

569 1871 698 1935 que
755 1851 1084 1916 sententia
1136 1858 1254 1917 est.
1356 1850 1494 1916 Nos
1557 1850 1878 1916 hactenus
1943 1848 2112 1916 salvi
2175 1870 2402 1914 sumus
2460 1856 2528 1914 et

567 1939 640 2001 in
685 1956 800 2020 spe
842 1936 1132 2002 melioris
1173 1944 1387 2002 status
1426 1937 1497 1999 in
1538 1936 1812 2001 ecclesia
1852 1957 1972 2019 per
2004 1934 2372 2001 Dominum
2412 1934 2525 1999 ob-

567 2021 839 2100 tinendi,
885 2021 1079 2087 modo
1122 2022 1238 2105 qui
1271 2019 1623 2104 aliquando
1666 2022 1929 2088 futurus
1964 2028 2068 2087 est
2101 2021 2348 2104 collega
2389 2027 2523 2085 ter-

562 2109 696 2173 tius
741 2129 875 2172 non
921 2108 1007 2173 sit
1047 2109 1467 2191 importunus
1509 2106 1621 2172 ille
1667 2105 1977 2173 diaconus
2029 2113 2256 2173 noster
2272 2112 2349 2185 ⁴),
2407 2113 2526 2170 aut

564 2193 732 2258 alius
770 2193 1008 2277 aliquis
1043 2193 1264 2257 minus
1299 2191 1641 2258 nobiscum
1665 2195 2098 2258 consentiens.
2155 2191 2524 2256 Dominum

565 2299 742 2362 ergo,
801 2300 1061 2363 quaes0‚
1118 2300 1316 2345 cuum
1372 2278 1507 2343 tuis
1564 2279 1867 2344 omnibus
1922 2280 2090 2344 serio
2134 2299 2402 2362 precare
2446 2284 2524 2341 ut

561 2386 682 2430 nos
739 2371 959 2430 servet
1013 2386 1053 2429 a
1109 2364 1301 2429 malo.
1401 2364 1662 2429 Bernae
1730 2368 1828 2430 28.
1887 2364 2043 2431 Iulii
2109 2383 2281 2431 anno
2356 2367 2519 2427 1545

563 2449 879 2516 Salutant
921 2459 989 2515 te
1033 2457 1315 2534 tuosque
1361 2470 1589 2514 omnes
1631 2450 1783 2515 DD.
1836 2450 2036 2517 Nicol.
2080 2458 2145 2514 et
2186 2448 2448 2515 Beata-9.

1888 2554 1961 2618 T.
2009 2551 2341 2620 Sulcerus.

1334 2849 1489 2858 0————
1534 2849 1719 2855 -——-.-—-
1740 2850 1746 2854 ⁴

1466 3063 1621 3135 669.

1089 3201 1499 3271 VIRE'PUS
1548 3201 1985 3269 OALVINO.

734 3375 1079 3440 Sollicitum
1137 3394 1277 3439 eum
1333 3380 1531 3440 tenent
1587 3373 1873 3440 Coo-deria·
1923 3376 2157 3441 vocatio
2219 3374 2516 3441 Lausan-

557 3480 726 3538 nam,
782 3460 1033 3526 Farelli
1092 3460 1436 3538 Genevam‚
1509 3460 1780 3525 Tossani
1847 3460 2238 3541 Neocomum,
2312 3460 2517 3527 Orbae

546 3548 776 3697 mic-²53
810 3551 1036 3611 mortes
1070 3547 1593 3628 propinquorum,
1648 3547 1898 3611 morbus
1954 3548 2194 3626 uxoris,
2250 3547 2516 3631 colleyae

553 3802 666 3867 (Ex
713 3801 1051 3869 autographo
1098 3800 1229 3854 Ood.
1279 3801 1484 3855 Geuexr.
1536 3801 1683 3861 111²,
1720 3802 1814 3855 fol.
1855 3800 1945 3868 65,
1980 3802 2102 3855 coll.
2139 3819 2185 3855 c.
2225 3802 2352 3856 Cod.
2392 3802 2510 3869 116,

698 3870 789 3923 fol.
826 3868 909 3935 92,
949 3871 1112 3923 Bern.
1148 3871 1289 3940 Epp.
1327 3870 1460 3924 VII.
1500 3887 1551 3939 p.
1589 3869 1692 3923 686
1726 3877 1783 3923 et
1817 3870 2025 3924 Simler.
2066 3871 2191 3923 Vol.
2226 3870 2338 3936 57.)

733 4057 1075 4142 Singulari
1118 4056 1485 4123 eruditione
1543 4080 1620 4124 ao
1662 4060 1903 4141 pietate
1947 4061 2362 4125 ornatissimo
2402 4060 2514 4124 Io-

558 4145 715 4208 anni
762 4144 1040 4210 Oalvino
1083 4142 1215 4207 fido
1261 4143 1570 4210 ecclesiae
1614 4144 2076 4297 GenevensisG
2074 4147 2340 4229 pastori.

2078 4252 2338 4297 enevae.

734 4364 802 4430 S.
853 4364 1082 4430 Placet
1115 4364 1291 4448 quod
1326 4365 1407 4430 de
1457 4365 1676 4431 libello
1724 4366 1795 4430 in
1835 4365 2133 4433 Carolum
2183 4369 2430 4434 scribis.
2464 4369 2513 4446 ¹)

560 4451 836 4516 Memini
876 4449 991 4516 abs
1027 4458 1093 4515 te
1131 4451 1508 4516 admonitus
1542 4472 1771 4517 eorum
1814 4473 1979 4534 quae
2012 4454 2085 4517 in
2129 4454 2517 4519 consistorio

579 4688 720 4744 668.
765 4689 817 4753 1)
859 4688 985 4742 Iam
1020 4689 1082 4741 in
1122 4686 1535 4743 Commentariis
1572 4688 1694 4744 Sen.
1737 4689 1935 4747 Genev.
1972 4690 2039 4746 de
2076 4691 2303 4747 Far-ello
2345 4691 2515 4747 Gene-

562 4775 687 4813 vam
734 4757 984 4812 vocando
1029 4758 1217 4825 aqitur
1262 4757 1314 4811 d.
1352 4757 1438 4810 22.
1475 4758 1604 4812 Ian.
1691 4759 1823 4813 Vide
1867 4761 2030 4814 etiam
2076 4761 2235 4826 infra
2285 4762 2361 4815 N.
2396 4761 2516 4830 669,

561 4826 681 4891 677,
718 4824 821 4878 680
855 4832 907 4880 et
934 4828 1154 4881 omnino
1187 4825 1373 4893 plures
1404 4842 1577 4895 usque
1607 4827 1687 4880 ad
1717 4844 1951 4883 mensem
1987 4828 2358 4897 Septembrem,

770 4894 829 5015 Ξ)
870 4894 1092 5016 garelle
1114 4893 1375 4949 Neocomi
1406 4894 1706 4950 Tassanum
1740 4898 1993 4964 sufficere
2018 4899 2309 4953 voluerant
2332 4900 2514 4953 amici.

771 4968 828 5028 ²)
925 4963 1157 5031 Νηρεῖ.

769 5031 823 5099 4)
862 5031 945 5086 10.
989 5031 1180 5086 Weber
1214 5037 1378 5085 antea
1411 5032 1798 5088 Arom'emium
1831 5037 2095 5102 minister,
2130 5050 2309 5089 mense
2327 5034 2520 5103 Aprili

566 5099 702 5154 1544
742 5100 963 5155 Sulzero
998 5107 1343 5165 successerat,
1380 5117 1544 5170 quum
1579 5103 1669 5157 hic
1702 5105 1763 5156 in
1798 5103 2042 5170 defuncti
2072 5104 2312 5158 Coneeni
2343 5104 2515 5159 locum

561 5176 843 5238 promotus
882 5169 1094 5234 fuisset.
1180 5168 1542 5237 Zwinylianis
1588 5172 1849 5226 calculum
1899 5173 2207 5237 adiiciebat,
2253 5174 2516 5228 hactenus

569 5237 794 5293 Suleero
827 5244 877 5291 et
917 5237 1196 5305 Gerunyio
1229 5240 1411 5291 minus
1440 5246 1655 5305 ‚oratus-
1730 5241 2035 5306 (Hundesh.
2069 5259 2123 5311 p.
2163 5241 2308 5310 187.)

598 5307 741 5360 669.
783 5307 839 5371 1)
882 5307 1171 5373 respondet
1204 5306 1283 5359 ad
1321 5307 1399 5360 N.
1441 5306 1557 5361 662.

2155 372 2620 444 EPISTLAE
2665 374 2999 442 668-671

4473 380 4581 446 120

2634 569 2783 630 acta
2824 570 2983 628 sunt
2996 566 3074 644 ²).
3161 563 3383 631 Multa
3427 572 3589 629 sunt
3629 563 3713 630 de
3749 564 3987 647 quibus
4030 565 4357 649 copiosius
4401 565 4485 630 ad
4524 573 4579 632 te

2635 648 2989 714 scriberem
3026 652 3083 715 si
3117 671 3238 734 per
3271 649 3676 717 occasionem
3713 649 4025 728 licuisset,
4070 649 4187 716 sed
4210 651 4582 717 tabellarius

2632 735 2842 799 fusius
2886 756 3105 800 coram
3148 737 3406 801 referet.
3497 736 3753 802 Audies
3799 736 3880 801 ab
3924 756 4002 801 eo
4046 735 4128 802 de
4163 745 4374 802 morte
4419 737 4581 801 Mat-

2633 821 2817 885 thaei
2867 819 3150 888 Orno-iata·
3165 820 3238 905 ⁸),
3302 830 3371 885 et
3412 820 3569 905 qnid
3611 821 3865 887 consilii
3908 823 4196 906 ceperim
4241 822 4322 887 de
4363 823 4580 888 subro-

2634 906 2852 990 gando
2907 909 2968 971 ei
3022 927 3391 973 successore
3449 915 3517 972 et
3570 907 3959 973 accersendo
4015 907 4148 973 huc
4204 906 4497 974 Gorderio
4511 913 4580 987 ⁴).

2635 991 2861 1072 Quum
2917 994 3082 1057 forte
3139 994 3302 1058 haec
3359 993 3579 1057 animo
3644 993 4011 1072 volverem,
4077 993 4453 1076 insperatus
4507 993 4583 1059 ad

2634 1086 2735 1143 est
2756 1077 3130 1155 Oorderius,
3174 1080 3288 1161 qui
3321 1079 3488 1143 mihi
3523 1088 3767 1144 statum
3803 1099 4030 1143 rerum
4051 1078 4586 1145 Neocomensium

2633 1164 2948 1229 narravit.
3039 1165 3257 1229 Audio
3301 1165 3616 1229 maiorem
3660 1173 3914 1247 partem
3957 1166 4242 1230 fratrum
4286 1185 4362 1230 eo
4405 1166 4584 1231 incli-

2633 1269 2793 1312 nare
2837 1257 2913 1313 ut
2956 1249 3143 1315 vobis
3185 1250 3488 1316 Farezzus
3529 1250 3945 1316 concedatur.
4025 1251 4333 1316 Fuerunt
4368 1260 4584 1316 tamen

2633 1335 2747 1418 qui
2788 1334 2861 1399 in
2902 1336 3285 1417 proximum
3327 1336 3505 1401 Iovis
3550 1336 3724 1401 diem
3769 1336 4111 1419 negotium
4156 1335 4584 1401 differendum

2634 1440 2779 1485 esse
2843 1431 3259 1486 censuerunt.
3358 1423 3541 1506 Ergo
3598 1423 3899 1505 proximo
3957 1422 4138 1488 Iovis
4194 1421 4299 1486 die
4356 1423 4585 1488 fratres

2630 1506 2697 1570 N
2699 1527 3035 1572 eocomum
3095 1509 3520 1584 convenient,
3587 1518 3663 1573 ut
3735 1508 4193 1573 communibus
4257 1509 4584 1591 suffragiis

2630 1592 2969 1674 negotium
3022 1593 3417 1658 absolvatur.
3505 1594 3655 1677 Ego
3719 1613 3874 1658 vero
3933 1594 3990 1658 si
4045 1614 4310 1676 possum
4371 1594 4581 1660 adero.

2630 1677 2804 1741 Nam
2845 1679 3230 1761 priusquam
3272 1678 3439 1743 mihi
3473 1686 3626 1743 tuae
3661 1677 3894 1747 literae
3929 1677 4380 1757 redderentur,
4434 1701 4583 1746 con-

2630 1763 2948 1828 stiueram
2972 1763 3225 1828 Orbam
3261 1774 3327 1829 et
3360 1764 3421 1829 N
3426 1785 3763 1830 eoeomum
3786 1765 4129 1847 proficisci.
4195 1765 4261 1829 N
4263 1785 4371 1829 am
4393 1764 4582 1830 valde

2628 1858 2823 1931 urget
2879 1848 3181 1915 Farellus
3244 1858 3322 1913 ut
3386 1871 3457 1915 se
3522 1858 3588 1915 et
3652 1850 3988 1918 ecclesiam
4044 1850 4230 1915 illam
4283 1851 4582 1917 invisam.

2630 1932 2850 2000 Orbae
2908 1946 3128 2000 autem
3190 1936 3390 2019 pestis
3434 1947 3776 2019 grassatur
3817 1936 4064 2000 mirum
4107 1937 4178 2001 in
4223 1934 4492 2001 modum
4511 1941 4583 2014 ⁵).

2627 2019 2845 2085 Filius
2886 2029 3313 2086 marterterae
3357 2031 3536 2103 peste
3594 2022 3889 2087 sublatus
3939 2030 4041 2086 est
4083 2022 4332 2087 relictis
4378 2022 4584 2088 tribus

2627 2104 2913 2188 pupillis.
2972 2106 3162 2172 Uxor
3196 2107 3467 2172 alterius
3501 2107 3620 2171 filii
3659 2107 3855 2172 etiam
3894 2106 4153 2173 sublata.
4189 2116 4306 2172 est.
4368 2107 4584 2173 Audio

2626 2191 2821 2257 valde
2865 2192 3282 2273 perturbatos
3318 2191 3737 2258 Orbanorum
3774 2193 4047 2268 animos,
4092 2194 4384 2259 maxime
4429 2215 4584 2259 vero

2627 2276 2799 2359 quod
2846 2288 3137 2361 tempore
3171 2286 3308 2342 tam
3350 2277 3546 2343 dubio
3582 2299 3813 2360 parum
3848 2278 3982 2342 illis
4017 2298 4171 2344 cum
4204 2281 4510 2344 ministro
4527 2278 4580 2363 6)

2627 2363 2995 2427 conveniat.
3085 2364 3235 2429 Hae
3278 2364 3497 2446 itaque
3540 2385 3778 2429 causae
3822 2372 4069 2448 urgent
4123 2374 4203 2430 ut
4245 2387 4321 2431 eo
4381 2386 4582 2448 usque

2625 2468 2733 2513 me
2790 2449 3124 2532 recipiam,
3170 2451 3471 2533 quamvis
3521 2469 3755 2531 parum
3798 2449 3965 2514 mihi
4009 2450 4097 2516 sit
4139 2451 4576 2516 commodum.

2624 2533 2792 2598 Inde
2831 2534 3232 2600 Neocomum
3276 2555 3631 2601 accurram.
3720 2535 3870 2601 Hoc
3927 2537 4138 2601 solum
4192 2557 4298 2601 me
4340 2538 4583 2602 retinet

2624 2618 2799 2702 quod
2856 2618 3011 2686 hinc
3058 2618 3272 2686 Comes
3289 2619 3342 2704 ⁷)
3402 2620 3588 2698 absit,
3645 2627 3718 2685 ut
3772 2621 3954 2687 solet.
4043 2621 4218 2687 Nam
4262 2630 4441 2688 totus
4485 2631 4582 2688 est

2623 2705 2696 2767 in
2753 2705 3130 2788 quaerenda
3182 2706 3562 2772 mutuatitia
3610 2707 3906 2789 pecunia.
3996 2707 4132 2787 Qui
4175 2708 4283 2774 hic
4326 2710 4581 2775 concio-

2625 2798 2849 2869 netur,
2909 2799 3023 2856 aut
3077 2793 3189 2875 qui
3244 2813 3351 2857 me
3410 2792 3697 2870 adiuvet,
3754 2812 3950 2857 nemo
4009 2802 4126 2858 est.
4216 2792 4581 2877 Sperabam

2625 2896 2733 2940 me
2776 2877 3146 2942 soluturum
3190 2877 3346 2943 hinc
3389 2879 3676 2943 crastino
3722 2878 3858 2943 die:
3913 2878 4028 2944 sed
4071 2881 4292 2944 nescio
4338 2901 4426 2944 an
4476 2879 4581 2946 Co-

2624 2982 2766 3026 mes
2800 2964 2869 3026 in
2910 2970 3201 3044 tempore
3235 2963 3568 3029 rediturus
3605 2964 3710 3030 sit.
3775 2962 3997 3029 Adero
4042 2973 4282 3042 tamen,
4329 2966 4387 3031 si
4430 2987 4580 3049 pos-

2623 3068 2791 3127 sum,
2836 3048 2902 3113 N
2903 3048 3153 3115 cocomi
3195 3047 3281 3113 ad
3324 3047 3498 3116 diem
3541 3049 3742 3131 Iovis,
3788 3049 3905 3115 ubi
3939 3071 4089 3116 cum
4126 3050 4382 3118 Farello
4425 3073 4580 3118 eon-

2621 3135 2829 3200 feram
2883 3133 2964 3200 de
3017 3136 3282 3220 negotio
3338 3135 3640 3201 fratrum.
3656 3138 3716 3215 ⁸)
3802 3136 3899 3201 At
3941 3144 4098 3202 sunt
4142 3136 4467 3219 quaedam
4511 3139 4581 3202 in

2621 3220 2754 3285 tuis
2818 3220 3028 3285 literis
3086 3241 3255 3303 quae
3321 3243 3448 3286 non
3515 3222 3676 3287 satis
3729 3222 4045 3307 intelligo,
4148 3222 4343 3302 Quod
4403 3224 4579 3289 enim

2621 3306 2852 3371 scribis
2882 3305 2963 3370 de
2991 3305 3211 3390 legato
3227 3312 3284 3383 ⁹)
3330 3308 3446 3388 qui
3482 3307 3738 3373 Farello
3780 3309 4049 3390 placeat,
4096 3309 4216 3374 tibi
4252 3331 4410 3375 vero
4456 3311 4579 3374 mi-

2620 3392 2815 3467 nime,
2862 3393 3080 3457 nescio
3115 3413 3427 3475 quorsum
3478 3392 3591 3456 illa
3625 3404 3939 3475 spectent.
4019 3396 4189 3459 Nam
4231 3396 4577 3461 historiam

2619 3476 2804 3541 illam
2859 3477 3123 3559 penitus
3181 3478 3429 3561 ignoro.
3534 3479 3872 3544 Perfer-am
3929 3479 4156 3546 literas
4212 3502 4444 3546 omnes
4494 3481 4576 3545 ad

2621 3562 2961 3628 Farellum.
3037 3561 3116 3627 Si
3159 3562 3315 3645 quid
3360 3585 3516 3628 vero
3562 3574 3666 3628 est
3701 3564 3872 3645 quod
3908 3567 4098 3632 nobis
4133 3567 4574 3649 significatum

2621 3649 2804 3726 velia,
2851 3650 2953 3714 fac
2988 3659 3064 3713 ut
3096 3649 3161 3712 N
3163 3669 3500 3713 eocomum
3537 3652 3854 3715 mittatur.
3931 3652 4078 3717 Illic
4114 3654 4292 3716 enim
4331 3654 4576 3717 erimus

2618 3743 2758 3798 toto
2803 3732 2906 3797 die
2950 3735 3146 3799 Iovis.
3239 3733 3434 3815 Quod
3478 3737 3534 3800 si
3579 3735 3834 3801 Farello
3879 3740 4093 3802 visum
4152 3748 4253 3802 est
4297 3750 4370 3802 ut
4409 3739 4576 3803 Ber-

2616 3840 2772 3883 nam
2837 3821 3234 3901 proficiscar,
3302 3842 3539 3904 sequar
3605 3822 3747 3887 eius
3804 3824 4176 3888 consilium:
4245 3823 4380 3889 nisi
4436 3825 4577 3906 ipse

2618 3905 2810 3969 malit
2866 3906 3047 3970 obire
3090 3905 3506 3988 legationem,
3568 3920 3684 3972 aut
3727 3921 4023 3991 uterque.
4116 3908 4251 3975 Sed
4295 3912 4576 3992 optarim

2617 4012 2755 4055 rem
2809 3992 2977 4056 mihi
3030 3991 3446 4074 explanatius
3500 4006 3568 4058 et
3620 3994 3830 4058 fusius
3885 3996 4147 4077 exponi.
4240 3992 4576 4061 Coram-ius

2619 4075 2783 4141 mihi
2827 4076 3125 4142 narravit
3168 4077 3325 4159 quid
3369 4078 3625 4145 consilii
3672 4078 3972 4145 Farellus
4013 4081 4260 4163 ceperit
4304 4080 4384 4146 de
4429 4102 4572 4147 sur-

2619 4162 2913 4245 rogando
2959 4184 3342 4229 successore.
3434 4162 3610 4230 Sunt
3663 4166 3775 4247 qui
3823 4164 4166 4246 Cas—parem
4190 4169 4273 4251 ¹⁰)
4331 4165 4571 4231 substi-

2827 4485 2888 4551 2)
2923 4486 3000 4539 In
3033 4487 3249 4555 neyotio
3290 4487 3479 4542 Caroli
3511 4496 3581 4553 ct.
3622 4488 3697 4543 N.
3734 4486 3851 4540 660.

2831 4553 2889 4618 3)
2930 4555 3012 4607 M.
3050 4556 3116 4609 de
3152 4557 3206 4610 la
3243 4555 3425 4621 croix,
3462 4559 3590 4613 olim
3624 4558 3937 4624 monachas,
3972 4574 4026 4611 a.
4061 4556 4197 4611 1537
4233 4561 4480 4613 minister
4512 4560 4571 4612 in

2620 4624 2816 4694 Lutry.
2893 4623 3158 4689 (Ruehat,
3195 4625 3303 4679 IV.
3338 4624 3487 4689 376.)

2657 4761 2676 4815 z
2818 4691 3014 4815 {312qu
3048 4696 3208 4747 euius
3242 4695 3485 4748 transitu
3518 4694 3595 4748 ad
3630 4696 4059 4750 Lausannenses
4094 4713 4162 4749 m.
4199 4695 4345 4765 Sept.
4382 4704 4433 4752 et
4465 4711 4566 4765 seq.

2680 4777 2785 4815 ura
2926 4777 2953 4814 e
2989 4777 3054 4815 τε.

2615 4777 2655 4831 p
2824 4830 2885 4891 ὁ)
2922 4830 3008 4881 Au
3055 4830 3192 4883 mois
3228 4830 3295 4882 de
3332 4832 3459 4899 May
3496 4848 3554 4882 se
3592 4832 3771 4899 prinst
3806 4834 3860 4885 la
3895 4840 4049 4902 peste
4085 4833 4118 4886 a
4154 4833 4301 4887 Orbe
4341 4834 4568 4901 laquelle

2620 4917 2654 4968 y
2688 4899 2826 4950 dura
2863 4898 3080 4967 ‘usques
3116 4914 3185 4951 au
3220 4900 3358 4951 mois
3393 4899 3699 4961 d'Oetobrc,
3737 4901 3804 4952 dc
3849 4902 4086 4970 laquelle
4138 4902 4178 4954 il
4218 4913 4436 4955 mourut
4480 4919 4566 4954 en·

2619 4968 2775 5020 viron
2811 4966 2845 5018 3
2989 4983 3261 5020 crsonneS.
3335 4965 3529 5032 (Mem.
3568 4969 3634 5022 de
3669 4970 4000 5036 Pierresleur
4031 4989 4084 5037 p.
4117 4970 4261 5035 226.)

2825 5035 2882 5101 6)
2920 4984 3210 5100 ἑὲὁσᾱαεο,
3247 5042 3344 5105 qui
3371 5043 3552 5089 tamen
3568 5038 3655 5090 his
3689 5040 3828 5105 ipsis
3853 5038 4046 5094 diebus
4064 5039 4401 5093 Iverdtmum
4419 5039 4565 5093 abiit.

2827 5102 2887 5169 7)
2924 5102 3068 5157 Be'at
3107 5105 3303 5173 Comte,
3338 5106 3405 5158 de
3438 5122 3544 5174 quo
3579 5122 3703 5159 mox
3736 5108 3918 5174 plura.

2827 5172 2888 5234 8)
2927 5173 3375 5235 Ιῆουίησίαῑὲυηι,
3394 5175 3461 5229 ob
3483 5174 3629 5242 qaod
3648 5178 3764 5241 ipse
3820 5183 3969 5231 osten
3990 5177 4232 5230 Bernam
4257 5193 4314 5230 se
4331 5177 4563 5233 contulit.

2825 5241 2880 5305 9)
2916 5242 3188 5294 Beruensi
3221 5242 3298 5296 ad
3336 5241 3534 5311 Reqem
3567 5245 3645 5296 m‘
3796 5262 3841 5297 ο.
3914 5244 4004 5299 De
4038 5262 4145 5315 quo
4178 5247 4305 5302 vide
4343 5247 4420 5301 N.
4449 5244 4563 5299 697.

2797 5310 2881 5375 10)
2929 5308 3233 5365 Carmelum
3261 5316 3418 5381 puta,
3452 5313 3519 5366 de
3551 5329 3657 5381 quo
3693 5319 3744 5367 et
3782 5315 3856 5367 N.
3893 5313 4012 5368 643.
