4825 6175
569 1417 574 1421 ⁴
697 1362 818 1426 ego
870 1338 1001 1404 illis
1059 1360 1299 1424 negare
1356 1361 1489 1405 non
1556 1339 1769 1405 debui.

700 420 823 486 507

699 603 1138 672 ornatissimo
1197 602 1343 669 viro
1408 603 1491 669 D.
1540 602 1832 670 Osualdo
1885 604 2197 688 Myconio
2254 605 2643 673 Basiliensis

870 688 1174 756 ecclesiae
1231 686 1360 755 fido
1414 690 1660 773 pastori
1713 690 1898 756 fratri
1955 698 2021 755 et
2076 698 2482 776 symmystae
2536 712 2643 759 co·

867 774 1263 841 lendissimo.

972 861 976 866 ’
2014 859 2334 930 Basileae.

867 995 938 1063 S.
985 997 1113 1062 His
1157 998 1408 1063 duobus
1451 999 1577 1080 piis
1613 998 1773 1064 viris
1824 997 2454 1065 commendationem
2498 998 2647 1065 dedi

698 1083 781 1151 ad
827 1082 1160 1149 Bucemm.
1248 1081 1384 1148 Sed
1439 1084 1593 1166 quia
1646 1084 1795 1150 istic
1850 1104 2105 1167 quoque
2151 1084 2458 1151 volebant
2503 1093 2645 1150 ten·

696 1178 839 1235 tare
888 1190 1050 1233 num
1093 1189 1220 1251 qua
1262 1167 1384 1233 sibi
1426 1169 1839 1234 inveniretur
1881 1174 2037 1252 apta
2081 1170 2364 1236 conditio
2381 1222 2397 1249 ,
2457 1192 2645 1256 roga-

696 1264 856 1320 runt
888 1262 966 1319 ut
1000 1254 1242 1319 alteras
1277 1251 1360 1319 ad
1404 1261 1470 1318 te
1505 1275 1760 1338 quoque
1794 1255 2022 1320 literas
2058 1253 2381 1321 adderem.
2454 1256 2646 1338 Quod

1883 1342 2138 1425 Dignos
2197 1342 2374 1407 enim
2433 1343 2646 1409 indico

698 1426 933 1511 quibus
998 1446 1235 1491 manus
1292 1425 1374 1489 ab
1439 1426 1741 1491 omnibus
1799 1426 1986 1491 bonis
2051 1427 2443 1512 porrigatur.
2545 1427 2646 1494 Ne

697 1519 920 1578 tamen
962 1511 1260 1594 iniquum
1303 1511 1424 1577 tibi
1456 1523 1620 1576 onu's
1664 1511 1999 1596 imponere
2043 1511 2284 1591 videar,
2332 1512 2647 1579 admonui

695 1604 763 1664 te
805 1619 941 1663 non
985 1597 1264 1661 multam
1308 1596 1550 1662 habere
1593 1597 1968 1662 facultatem
2012 1618 2123 1663 eos
2166 1597 2455 1666 iuvandi.
2545 1599 2646 1663 Tu

696 1683 902 1770 igitur
936 1681 1235 1765 dispicies
1270 1682 1424 1766 quid
1461 1684 1684 1766 possis.
1754 1681 1993 1749 Senior
2035 1684 2269 1770 effugit
2303 1707 2385 1750 ex
2431 1686 2647 1768 patria

696 1791 931 1834 manus
972 1769 1355 1851 impiorum,
1414 1790 1613 1852 quum
1672 1767 1947 1835 subinde
1990 1769 2176 1835 illum
2220 1792 2467 1837 vexare
2511 1791 2644 1835 non

698 1854 1086 1921 desinerent.
1176 1853 1252 1920 si
1296 1855 1442 1937 quis
1489 1855 1769 1939 angulus
1823 1855 1949 1919 erit
1990 1856 2319 1922 inferioris
2364 1856 2645 1922 Germa-
2719 1884 2724 1888 ’

697 1941 846 2005 niae
863 1992 878 2017 ,
932 1941 1002 2005 in
1053 1962 1177 2023 quo
1320 1940 1441 2005 ssit
1492 1941 1801 2006 ecclesiae
1855 1941 2073 2007 locare
2127 1964 2313 2007 suam
2357 1963 2642 2025 operam,

696 2025 764 2090 id
808 2046 1004 2091 curae
1047 2028 1172 2091 erit
1271 2046 1466 2105 acere,
1510 2033 1586 2090 ut
1629 2046 1835 2108 spero.
1927 2027 2065 2093 Abs
2110 2037 2174 2092 te
2217 2028 2340 2092 hoe
2382 2036 2638 2093 tantum

695 2118 847 2195 peto
904 2119 976 2176 ut
1032 2120 1343 2195 agnoscat
1400 2134 1470 2177 se
1523 2132 1658 2176 non
1705 2111 1969 2196 negligi.
2060 2111 2251 2178 Alter
2292 2121 2393 2178 est
2437 2112 2639 2177 medi-

697 2218 828 2262 cus.
918 2196 1155 2262 Virum
1211 2204 1387 2264 certe
1457 2196 1745 2262 honestis
1798 2197 2090 2263 moribus
2144 2197 2514 2282 praeditum
2578 2208 2644 2265 et

698 2279 1067 2347 modestum
1110 2283 1547 2367 cognovimus.
1638 2280 1714 2348 Si
1759 2304 1890 2348 non
1936 2283 2065 2348 erit
2107 2284 2236 2348 alia
2280 2286 2466 2362 rati0,
2514 2284 2641 2349 sal-

697 2375 832 2432 tem
878 2368 1222 2434 consilium
1266 2367 1529 2451 aliquod
1573 2368 1738 2433 forte
1778 2367 1897 2433 tibi
1931 2377 2257 2453 suppetet,
2295 2369 2468 2453 quod
2510 2369 2642 2436 illis

698 2461 817 2518 aut
859 2474 1085 2518 eorum
1130 2453 1319 2519 alteri
1363 2453 1451 2518 sit
1495 2452 1673 2519 utile.
1740 2453 1927 2532 Vale,
1974 2454 2215 2521 eximie
2258 2456 2363 2520 vir
2406 2461 2473 2520 et
2513 2455 2641 2521 fra-

698 2551 801 2604 ter
859 2539 926 2603 in
969 2537 1256 2604 Domino
1310 2539 1667 2622 plurimum
1725 2539 2009 2605 colende.
2116 2540 2349 2606 Saluta
2403 2560 2641 2623 quaeso

697 2623 1046 2709 diligenter
1089 2624 1384 2690 Marcum
1415 2627 1458 2704 Ι)
1518 2636 1583 2688 et
1641 2625 1921 2708 reliquos
1979 2636 2126 2692 tuos
2179 2627 2489 2711 collegas,
2554 2627 2640 2691 D.

698 2705 1193 2790 Bernardinum,
1240 2712 1323 2775 D.
1377 2708 1721 2793 oporinum
1737 2762 1752 2789 ,
1813 2710 2236 2795 Dryandrum
2290 2721 2357 2778 et
2398 2713 2642 2778 amicos

696 2815 937 2860 omnes.
1030 2797 1353 2861 Dominus
1410 2794 1717 2861 Christus
1775 2818 1890 2861 vos
1958 2807 2177 2862 servet
2245 2818 2321 2862 ac
2379 2805 2645 2863 tueatur

696 2888 938 2964 tuoque
980 2882 1347 2946 ministerio
1394 2881 1748 2946 benedicat.
1837 2881 2044 2947 Uxori
2100 2893 2248 2949 tuae
2292 2883 2639 2967 plurimam

696 2966 991 3031 salutem.
1084 2967 1396 3033 Genevae
1440 2973 1498 3030 4.
1547 2965 1816 3032 Calend.
1862 2968 2125 3051 Apriles
2179 2973 2355 3034 1547.

1615 3103 1897 3171 Ioannes
1939 3104 2260 3172 Calvinus
2303 3113 2477 3173 tuus.

1429 3398 1436 3405 .
1465 3399 1874 3409 ——1-——0-

1592 3616 1742 3688 891.

1206 3769 1636 3836 BUOERUS
1682 3771 2116 3838 GALVINO.

863 3939 1066 4006 Mittit
1109 3941 1410 4005 nuncium
1468 3944 1580 4022 qui
1636 3943 1914 4008 deditum
1961 3944 2338 4026 Imperatori
2396 3944 2641 4027 Amen-

688 4030 958 4092 toratum
986 4026 1444 4092 Genevensibus
1471 4029 1789 4111 siynificct,
1826 4029 1922 4093 vel
1955 4034 2107 4092 certe
2141 4050 2272 4093 rem
2291 4030 2364 4094 in
2397 4049 2639 4095 summo

687 4112 1051 4177 discrimine
1080 4116 1374 4191 positam.
1393 4113 1442 4196 ¹)

775 4300 880 4335 anu
917 4283 1121 4350 scripta
1159 4299 1265 4334 non
1303 4288 1497 4335 exstat.
1572 4285 1791 4337 Habent
1827 4285 2091 4338 editiones
2131 4287 2378 4340 Bezanae
2404 4285 2540 4339 Gen.
2620 4326 2630 4338 .

722 4350 771 4417 5,
808 4352 966 4405 Laus.
1006 4368 1057 4421 p.
1099 4348 1211 4417 147,
1249 4350 1458 4405 Hauon
1494 4369 1544 4420 p.
1583 4352 1702 4416 165,
1740 4353 1945 4407 Chouet
1979 4371 2032 4424 p.
2071 4354 2188 4421 100,
2227 4354 2403 4408 Amst.
2441 4373 2494 4426 p.
2524 4304 2635 4423 433)

861 4504 1067 4570 Orate
1106 4506 1463 4570 Dominum
1522 4507 1826 4572 ardenter
1860 4529 1979 4591 pro
2015 4507 2138 4574 hac
2185 4508 2515 4593 republica
2569 4518 2637 4573 et

685 4591 979 4667 ecclesia,
1028 4600 1102 4655 ut
1136 4591 1342 4658 discat
1382 4592 1668 4656 animam
1703 4615 1886 4658 suam
1913 4593 2199 4676 perdere,
2246 4617 2371 4680 quo
2415 4604 2636 4661 servet

684 4700 850 4744 eam.
940 4676 1218 4743 Caetera
1261 4700 1344 4741 ex
1387 4678 1509 4742 hoc
1553 4680 1795 4760 optimo
1837 4680 2055 4743 fratre.
2123 4681 2452 4747 Dominus
2496 4701 2632 4747 ser-

688 4773 799 4830 vet
843 4784 960 4828 vos
1005 4774 1071 4825 et
1113 4764 1323 4846 erigat
1365 4771 1590 4827 contra
1634 4764 1808 4827 mala
1849 4765 2084 4830 omnia.
2179 4767 2360 4832 Uxor
2410 4779 2527 4832 tua
2569 4776 2635 4831 et

686 4847 920 4913 domus
966 4858 1079 4913 tua
1121 4858 1333 4915 tecum
1378 4848 1643 4914 salveat.
1713 4848 1895 4914 Idem
1943 4852 2106 4931 petit
2143 4859 2204 4915 et
2250 4872 2413 4917 mea.
2484 4853 2631 4917 Pri-

687 4934 791 4997 die
836 4933 1161 4998 Oalendas
1209 4934 1453 5015 Aprilis
1506 4940 1685 4999 1547.

718 5121 865 5175 890.
906 5120 962 5187 1)
1002 5121 1274 5176 Ber-sium.

719 5190 856 5247 891.
901 5190 954 5253 l)
997 5189 1078 5255 Cf.
1119 5189 1192 5243 N.
1230 5189 1349 5255 886,
1385 5196 1490 5244 not.
1527 5190 1575 5243 2.

2239 415 2766 488 EPISTOLAE
2806 421 3148 484 sao-894

3651 604 3805 680 8⁹⁸.

3284 759 3702 829 OALVINU
3702 759 3755 827 S
3799 757 4168 828 VIRE'I'O.

2928 929 3145 1012 Quoad
3213 932 3525 1015 negotium
3571 936 3857 999 senatuum
3918 933 4084 999 inter
4147 937 4204 998 et
4267 933 4663 999 musiaovium

2749 1034 2852 1081 rec
2892 1014 3491 1100 adkuompemae.
3560 1017 4665 1103 Ideoiterumroqatutadsitpro-

2737 1101 3008 1183 pediam.
3106 1101 3208 1167 De
3265 1101 3672 1171 Ber-nardino
3735 1104 4008 1170 vocando
4070 1105 4403 1188 0091·me
4453 1108 4537 1169 est
4578 1107 4665 1171 ced

2750 1186 2889 1253 sine
2932 1188 3158 1269 effecta.
3248 1188 3351 1255 Dc
3392 1190 3634 1272 nuptiis
3682 1187 3946 1259 Claudii
3987 1190 4336 1256 cuiusdam.

2751 1354 3171 1428 (Autographon
3216 1360 3444 1429 praebet
3489 1359 3616 1414 Cod.
3665 1358 3867 1415 Geuev.
3913 1357 4043 1427 106,
4085 1359 4179 1417 fol.
4226 1357 4344 1414 188.
4419 1362 4666 1416 lonvilhsi

2752 1427 3031 1496 exemplar
3066 1425 3193 1481 eod.
3233 1425 3372 1480 111⁸.
3427 1427 3518 1482 fol.
3555 1426 3638 1496 11,
3673 1429 3948 1484 Turretini
3983 1430 4109 1484 eod.
4131 1427 4250 1496 111,
4284 1429 4377 1483 fol.
4421 1427 4533 1495 164,
4564 1430 4669 1484 Ber·

2990 1512 3157 1550 nense
3193 1497 3333 1567 Epp.
3371 1496 3496 1553 vn.
3529 1514 3583 1567 p.
3621 1495 3741 1564 820,
3778 1497 4158 1552 Simleriannm
4194 1498 4314 1554 Vol.
4353 1496 4469 1562 63.)

2749 1683 3012 1748 Eximio
3083 1683 3336 1752 Ohristi
3402 1706 3593 1752 servo
3664 1687 3864 1752 Petro
3919 1686 4149 1754 Vireto
4206 1687 4669 1752 Lausannensis
4786 1703 4793 1714 ·

2835 1769 3141 1835 ecclesiae
3185 1772 3430 1855 pastori
3470 1773 3660 1838 fratri
3703 1779 3769 1837 et
3811 1779 4213 1858 symmystae
4256 1773 4605 1838 carissimo.

2920 1903 2990 1972 S.
3076 1907 3221 1991 Ego
3276 1909 3599 1992 gravitate
3656 1930 3786 1992 qua
3844 1909 4060 1974 decuit
4130 1907 4348 1975 retudi
4416 1911 4508 1974 im
4589 1917 4673 2060 ξε
4782 1963 4791 2010 =

4529 2016 4596 2061 os
4650 2016 4677 2059 r

2748 1990 2894 2057 illos
2918 1994 2968 2067 ¹)
3014 2013 3055 2056 a
3097 1992 3333 2075 quibus
3369 2001 3711 2079 tantopere
3745 1996 4078 2062 metuebat
4100 1994 4388 2060 Ros-etus,

2747 2077 3029 2142 comicus
3074 2077 3319 2143 ansar
3359 2079 3702 2163 ingenium
3747 2080 4169 2146 nihilominus
4213 2083 4475 2146 retinet.
4557 2081 4676 2147 Nisi

2746 2160 2956 2240 fallor,
2998 2163 3111 2245 qui
3155 2183 3413 2248 semper
3453 2165 3553 2230 illi
3597 2166 3787 2232 amici
3843 2166 4146 2243 fuerunt,
4203 2166 4434 2232 dicent
4491 2167 4676 2232 homi·

2748 2267 2900 2311 nem
2943 2268 3087 2315 esse
3130 2246 3562 2334 desperatum.
3637 2251 3714 2318 si
3748 2252 4062 2335 privatim
4098 2251 4261 2317 mihi
4304 2252 4559 2319 faceret
4593 2253 4676 2318 sui

2747 2334 2999 2416 copiam
3018 2385 3032 2412 ,
3093 2355 3363 2400 conarer
3419 2357 3570 2402 eum
3626 2336 3709 2402 ad
3781 2338 4110 2404 saniorem
4169 2347 4467 2404 mentem
4522 2360 4677 2404 revo-

2748 2438 2914 2484 care.
3003 2417 3139 2485 sed
3183 2421 3399 2488 minus
3453 2429 3626 2488 esset
3679 2421 4080 2489 difficultatis
4121 2424 4192 2487 in
4238 2423 4545 2507 principe
4585 2423 4675 2488 ad·
4784 2417 4787 2494 s

2749 2502 2982 2569 eundo,
3072 2505 3253 2570 Malo
3300 2515 3520 2572 tamen
3573 2509 3718 2592 ipse
3775 2530 3994 2575 coram
4036 2508 4261 2576 videas
4305 2530 4389 2576 ac
4434 2510 4676 2576 iudices.

2749 2587 3192 2671 Quamobrem
3246 2601 3311 2657 te
3380 2603 3638 2659 oratum
3698 2594 3893 2660 velim
3953 2601 4030 2659 ut
4082 2615 4234 2660 mox
4290 2614 4332 2659 a
4392 2596 4680 2680 paschate

2745 2695 2864 2741 nos
2904 2675 3170 2741 invisas.
3259 2678 3365 2743 De
3407 2677 3810 2747 Ber-nardino
3826 2683 3884 2763 2)
3929 2682 4132 2745 frater
4172 2688 4403 2746 noster
4446 2702 4682 2748 mecum

2747 2769 2987 2844 egerat.
3050 2762 3198 2845 Ego
3241 2762 3386 2828 ideo
3427 2764 3631 2830 verba
3666 2765 3925 2849 publice
3962 2787 4095 2831 non
4122 2766 4265 2845 feci,
4310 2766 4496 2849 quod
4530 2767 4685 2832 nulla

2746 2852 2847 2912 est
2891 2844 3119 2913 domus
3164 2869 3358 2930 quam
3405 2849 3498 2915 illi
3545 2861 3814 2917 senatus
3856 2852 4102 2917 offerat.
4191 2853 4375 2917 Eum
4424 2873 4581 2918 vero
4619 2851 4686 2917 ad

2747 2931 3031 2996 reditum
3077 2933 3342 2999 invitari
3389 2947 3457 3001 et
3490 2935 3652 3001 nihil
3689 2938 3929 3016 offerri,
3973 2937 4332 3003 absurdum
4381 2946 4506 3004 est.
4573 2939 4683 3003 Ve-

2748 3038 2897 3082 rum
2939 3020 3246 3101 quoniam
3289 3020 3420 3085 ista
3462 3020 3840 3090 deliberatio
3881 3042 4136 3091 moram
4179 3023 4414 3109 exigui
4458 3032 4593 3091 tem

2747 3105 2840 3169 ris
2885 3105 3162 3183 ferebat,
3222 3107 3427 3173 malui
3467 3110 3535 3172 in
3580 3109 3939 3175 adventum
3982 3116 4167 3175 tuum
4213 3108 4510 3177 differre.
4642 3110 4681 3173 i·
4782 3132 4785 3177 ,Δ

2748 3189 2888 3255 mul
2939 3191 3137 3255 etiam
3197 3192 3279 3258 de
3334 3192 3544 3259 literis
3603 3194 3845 3261 Buceri
3902 3196 4333 3262 conferemus.
4450 3198 4546 3263 'Pe
4596 3196 4682 3260 hic
4784 3256 4785 3273 ἶ

2748 3275 3047 3358 proximo
3092 3276 3196 3342 die
3241 3279 3476 3345 Lunae
3494 3284 3551 3355 ⁸)
3597 3281 3892 3347 futurum
3935 3301 4143 3365 spero.
4780 3290 4787 3353 .’

2921 3362 3025 3428 De
3073 3360 3336 3430 Claudii
3349 3365 3407 3449 ⁴)
3464 3366 3679 3431 nostri
3731 3368 4035 3451 coniugio
4092 3366 4250 3450 quid
4290 3364 4679 3435 scriberem?

2747 3447 3092 3514 Ridiculus
3159 3461 3334 3516 certe
3404 3459 3504 3517 est
3561 3451 3917 3519 Ferroniue
3975 3454 4085 3535 qui
4150 3473 4257 3519 me
4326 3453 4682 3520 adiutorem

2746 3535 2881 3598 fore
2923 3533 3268 3616 pollicetur
3310 3537 3365 3601 si
3406 3544 3476 3602 tu
3513 3538 3775 3604 scribas.
3843 3536 3979 3604 Sed
4013 3560 4328 3621 quorsum
4375 3539 4493 3604 id?
4561 3539 4680 3604 Iam

2743 3620 2917 3686 facta
2959 3627 3148 3684 erant
3189 3622 3519 3704 sponsalia
3552 3644 3660 3689 me
3702 3624 4052 3689 nesciente.
4140 3623 4583 3692 Ambiebatur
4616 3622 4682 3690 ab

2744 3703 3157 3771 adulescente
3199 3705 3480 3790 quodam
3525 3709 3743 3774 vidua.
3831 3709 4162 3776 Hortatus
4201 3732 4355 3777 sum
4404 3719 4488 3777 ut
4525 3711 4680 3794 inge-

2743 3811 2871 3855 nue
2909 3792 3331 3873 profiteretur
3357 3815 3428 3859 se
3491 3794 3677 3861 alteri
3702 3795 4020 3878 nupsisse.
4091 3795 4366 3862 Interea
4388 3804 4464 3862 et
4496 3796 4681 3862 tibiet
4788 3860 4789 3867 ,

2743 3874 2886 3939 aliis
2931 3875 3327 3958 persuadere
3370 3879 3616 3959 volunt,
3678 3901 3784 3946 me
3828 3881 4312 3947 conciliatorem
4363 3904 4513 3950 esse
4552 3901 4677 3947 sua-

2741 3980 2887 4023 rum
2934 3962 3328 4043 nuptiarum.
3394 3964 3500 4031 De
3543 3965 3781 4050 quibus
3824 3967 4101 4033 verbum
4145 3989 4495 4051 nunquam
4535 3968 4678 4033 feee-

2741 4054 2900 4110 rnnt
2939 4048 3113 4129 apud
3174 4069 3278 4113 me
3338 4049 3542 4116 donec
3599 4054 3962 4118 confectum
4020 4060 4194 4119 esset
4236 4060 4461 4119 totum
4504 4074 4677 4138 nego-

2740 4132 2923 4196 tium.
2983 4133 3128 4217 Ego
3164 4135 3466 4217 iniquum
3511 4158 3676 4204 onus
3720 4160 3760 4203 a
3799 4159 3905 4203 me
3950 4139 4227 4204 excussi.
4293 4138 4677 4225 Coniugium

2741 4217 2903 4283 mibi
2949 4240 3080 4283 non
3127 4218 3439 4303 displicet.

2738 4389 3126 4472 requirebat.
3192 4392 3633 4459 Promiseram
3678 4396 3958 4479 quidem,
4005 4417 4111 4461 me
4144 4398 4483 4462 facturum
4527 4393 4674 4480 apud

2739 4484 2805 4539 te
2862 4486 2930 4540 et
2983 4477 3221 4542 fratres
3280 4497 3364 4540 ne
3424 4478 3878 4562 improbaretis
3945 4483 4000 4547 si
4065 4480 4337 4549 duceret
4402 4502 4673 4561 uxorem,

2739 4570 2852 4625 aut
2896 4562 3106 4643 magis
3152 4562 3361 4627 alieno
3418 4566 3646 4631 essetis
3691 4568 3924 4631 animo.
4014 4568 4296 4633 Frustra
4341 4570 4526 4634 enim
4570 4569 4670 4632 hoc

2740 4645 3071 4710 timebant.
3158 4647 3223 4711 N
3226 4668 3389 4725 unc,
3457 4651 3625 4733 quod
3684 4653 3841 4718 felix
3899 4654 4210 4719 ambobus
4264 4654 4669 4737 faustumque

2769 4919 2911 4974 892.
2947 4920 3005 4982 l)
3055 4920 3189 4975 Vide
3223 4921 3300 4979 N.
3334 4922 3451 4979 889.

2940 4986 3001 5054 2)
3042 4989 3115 5043 Ν.
3152 4987 3270 5057 888,
3307 4998 3413 5047 not.
3451 4990 3500 5045 4.
3574 4991 4343 5061 Εοισηῳονεποηήαὸὠαέ
4379 4994 4663 5062 “bipedes
4788 5036 4789 5039 η

2731 5058 2921 5127 βροτοί
2951 5063 3000 5111 et
3029 5058 3272 5124 fortasse
3288 5060 3535 5116 Bucar-as
3569 5062 3686 5130 ipse
3726 5062 3995 5118 Generum
4030 5063 4337 5118 vocandum
4366 5067 4659 5133 putaverat.
4782 5132 4790 5141 .

2941 5124 2999 5190 3)
3039 5128 3122 5180 11.
3160 5127 3339 5197 April.
3369 5130 3654 5213 postridie·
3662 5131 3959 5199 paschatis.

2939 5193 2998 5263 4)
3039 5193 3303 5251 Simlcrus
3355 5202 3416 5253 iu
3473 5216 3718 5267 marqme
3766 5200 4103 5256 Sonat-olenii
4156 5216 4352 5256 nomen
4402 5200 4660 5256 adecnw-
4784 5212 4790 5221 “

2740 5262 3253 5386 Omconiectura
3295 5270 3515 5323 minime
3555 5269 3711 5324 nobis
3756 5270 3963 5326 arv-idei
3979 5314 3991 5338 ‚
4038 5272 4088 5324 si
4134 5272 4404 5325 semonia
4450 5277 4658 5326 {mom

2733 5348 2794 5388 co
2954 5348 3155 5387 ramae.

3529 4222 3860 4289 Circuitus
3894 4224 4054 4291 istos
4089 4225 4309 4290 miror.
4385 4226 4676 4311 Adeoque
4786 4234 4787 4307 ξ

2742 4304 2950 4386 magis
3013 4304 3306 4370 offendor
3370 4308 3541 4389 quod
3594 4311 3739 4391 ipsa
3792 4330 3990 4375 causa
4045 4312 4320 4376 minime
4393 4312 4676 4394 ambages
4786 4322 4787 4379 ζ
