4825 6175
204 427 275 488 45
1964 427 2128 489 1545
2172 422 2458 490 MART.
4105 427 4190 490 46

200 631 275 677 ne
318 608 544 676 redeat
599 609 762 695 quin
816 632 937 677 nos
993 611 1259 688 invisat,
1315 610 1373 678 si
1428 610 1590 679 velit
1643 611 1875 678 haberi
1926 612 2140 696 qualis

199 694 343 763 mihi
384 715 646 780 semper
687 695 949 763 habitus
993 704 1109 764 est.
1202 696 1431 763 Hector
1471 698 1590 764 tibi
1632 699 1930 765 narrabit
1982 698 2139 783 quid

199 781 518 866 scripserit
592 781 999 866 Gapunmdus
1075 782 1160 849 ad
1219 783 1496 850 classem
1560 784 2139 851 Paterniacensem

199 868 269 934 de
322 868 455 933 tuis
507 867 1074 935 Institutionibus:
1130 868 1408 955 proinde
1461 890 1598 935 non
1655 869 1870 936 scribo
1935 890 2014 935 ea
2057 870 2137 936 de

196 974 259 1020 re
290 953 628 1036 copiosius.
692 952 930 1021 Saluta
964 975 1242 1021 uxorem
1276 964 1344 1021 et
1378 956 1641 1021 amicos.
1707 955 1893 1021 Vale.
1957 956 2137 1022 Lau-

196 1058 424 1105 sannae
472 1044 542 1103 ll
595 1040 825 1107 Martii
874 1046 1054 1107 1545.

1412 1128 1596 1194 'l‘uus
1636 1128 1715 1194 P.
1763 1127 2050 1195 Viretus.

940 1419 1352 1431 -——

1085 1639 1238 1710 622.

255 1776 926 1844 BULLINGERUS
973 1776 1455 1930 ΝὲΙΙΙὲΙὲἐΓΒΙΒ
1499 1776 2050 1845 ΝΕΟΟΟΜΕΝ-

343 2015 481 2090 Gur
504 2016 698 2101 prius
733 2037 853 2083 non
888 2018 1272 2099 responderit
1306 2018 1393 2084 ad
1426 2020 1847 2101 quaestionem
1870 2021 2131 2101 pridem

177 2104 609 2186 propositam.-
651 2108 783 2168 tum
847 2104 1287 2169 Turicensium
1342 2104 1690 2170 methodum
1746 2106 1820 2171 in
1861 2126 2130 2173 censura

180 2189 453 2271 fratema
513 2190 851 2255 exercenda
905 2191 1170 2270 exponit,
1234 2188 1587 2274 Capuae-uli
1627 2190 1987 2257 abiectiones
2028 2193 2131 2259 di-

180 2273 303 2340 luit.
366 2273 578 2340 Mittit
618 2295 984 2357 rasponsum
1026 2280 1238 2369 contra
1262 2275 1610 2342 Lutherum
1642 2297 1844 2359 nuper
1877 2278 2128 2344 editum.

183 2444 287 2510 (Ex
322 2445 671 2515 autographo
706 2445 845 2500 Bibl.
884 2451 1164 2517 pastorum
1195 2447 1648 2502 Neocomensium
1683 2448 1813 2504 Vol.
1831 2451 1900 2503 A.
1936 2447 2003 2503 N.
2043 2447 2128 2503 21.

289 2514 495 2568 Versio
531 2514 739 2569 Gallica
772 2532 939 2569 manu
974 2515 1178 2569 Farelli
1213 2518 1420 2586 scripta
1456 2523 1637 2570 exstat
1670 2518 1727 2571 in
1766 2518 1893 2573 Vol.
1927 2518 2024 2583 B.)

177 2701 516 2769 Fidelibus
561 2702 813 2769 Christi
870 2712 938 2769 et
993 2704 1304 2788 ecclesiae
1340 2705 1406 2771 N
1407 2707 1806 2772 eocomensis
1847 2707 2128 2790 pastori·

284 2788 405 2854 bus
448 2796 524 2855 et
565 2790 903 2868 ministris,
950 2788 1204 2866 dilectis
1248 2801 1315 2858 et
1357 2790 1646 2859 colendis
1690 2792 2020 2860 fratribus.

336 2926 656 2992 Gratiam
702 2937 768 2990 et
808 2927 987 2992 vitae
1031 2927 1474 2994 innocentiam
1521 2951 1561 2994 a
1590 2928 1894 2996 Domino,
1957 2932 2134 2996 Ves-

172 3019 313 3090 tras,
368 3011 621 3077 fratres
675 3011 1034 3093 carissimi,
1095 3015 1372 3103 scriptas
1415 3019 1514 3079 22.
1564 3016 1914 3082 Februarii
1958 3016 2130 3083 circa

171 3097 390 3163 Martii
444 3098 847 3182 principium
907 3100 1274 3183 accepimus
1293 3152 1307 3178 ,
1366 3121 1441 3166 ac
1498 3103 1785 3186 ingenue
1844 3104 2130 3168 fatemur

168 3205 277 3249 nos
319 3182 561 3250 eadem
620 3183 700 3249 de
759 3206 831 3250 re
876 3195 941 3249 et
997 3196 1151 3251 ante
1204 3207 1500 3252 mensem
1545 3188 1788 3254 alteras
1844 3210 1884 3253 a
1944 3187 2126 3254 vobis

170 3272 395 3336 missas
453 3271 802 3353 recepisse.
892 3270 1087 3352 Quod
1145 3293 1300 3338 vero
1350 3271 1433 3338 ad
1475 3274 1728 3357 priores
1786 3274 1937 3341 illas
1990 3295 2126 3339 non

172 3357 644 3439 respondimus,
701 3377 837 3421 non
897 3356 1078 3422 aliud
1136 3358 1264 3422 fuit
1321 3359 1391 3423 in
1446 3380 1644 3425 causa
1700 3380 1896 3443 quam
1954 3359 2125 3443 quod

173 3462 304 3506 sero
346 3442 556 3507 nimis
612 3441 801 3508 nobis
859 3452 1080 3509 essent
1139 3441 1448 3523 redditae,
1509 3454 1586 3510 ut
1642 3447 2125 3529 suspicaremur

172 3539 368 3592 totum
404 3529 753 3613 negotium
789 3528 965 3612 apud
998 3549 1117 3594 vos
1155 3530 1528 3596 confectum
1557 3553 1699 3597 esse
1719 3534 1904 3615 prius
1926 3553 2120 3615 quam

171 3622 419 3679 nostrae
465 3614 553 3679 ad
603 3634 719 3681 vos
753 3616 1216 3698 perferrentur.
1305 3616 1501 3683 Nunc
1534 3639 1713 3697 ver0,
1758 3638 1962 3701 quum
2005 3639 2121 3683 au-

173 3695 375 3765 dimus
454 3709 754 3766 nostram
829 3702 1227 3767 sententiam
1302 3702 1665 3768 etiamnum
1733 3705 2118 3785 exspectari,

169 3786 438 3865 paucula
494 3786 664 3853 haec
721 3784 969 3852 damus.
1071 3786 1303 3870 Neque
1356 3789 1531 3853 euim
1588 3788 1884 3872 pluribus
1932 3790 2004 3854 in
2048 3809 2119 3855 re

170 3871 419 3936 tantula
463 3892 637 3955 opus
682 3892 824 3937 esse
870 3873 1287 3938 arbitramur.
1390 3875 1541 3940 Non
1583 3873 1788 3940 alium
1829 3875 2119 3953 modum,

169 3975 291 4021 non
332 3957 538 4023 aliam
583 3960 905 4023 rationem
939 3978 1282 4024 servamus
1325 3960 1394 4024 in
1430 3959 1773 4027 censendis
1807 3959 2120 4027 doctrinis

172 4050 231 4104 et
279 4044 581 4109 moribus
638 4043 1113 4122 ministrorum,
1171 4065 1365 4128 quam
1420 4045 1608 4111 illam
1663 4047 1872 4130 ipsam
1919 4068 2117 4130 quam

170 4148 276 4194 vos
330 4150 600 4212 quoque
654 4131 988 4196 exercetis.
1081 4129 1456 4211 Quotannis
1507 4132 1710 4198 semel
1764 4146 1831 4197 et
1871 4133 2118 4197 iterum

171 4232 245 4276 cx
299 4236 460 4300 agro
525 4223 596 4279 et
652 4215 817 4281 urbe
884 4216 956 4280 in
1013 4238 1045 4282 s
1096 4215 1338 4282 nodum
1404 4227 1642 4283 coeunt
1695 4218 2121 4284 ecclesiarum

170 4299 445 4366 ministri
492 4321 744 4367 omnes.
831 4300 1226 4368 Praes1dent
1267 4303 1481 4369 coetui
1530 4323 1714 4369 sacro
1757 4304 1992 4370 delecti
2035 4324 2120 4369 ex

170 4385 480 4452 ministris
537 4396 609 4451 et
663 4388 1176 4472 magistratibus.
1266 4388 1542 4454 Initium
1598 4392 1675 4455 fit
1732 4391 1813 4455 ab
1857 4391 2119 4456 invoca-

172 4469 335 4536 tione
378 4472 703 4539 numinis.
793 4474 1052 4540 Deinde
1094 4475 1414 4540 recitatur
1464 4476 1798 4560 catalogus
1840 4476 2122 4541 fratrum

171 4559 453 4625 omnium
513 4581 596 4625 ac
648 4560 946 4643 quaestio
1002 4561 1078 4626 fit
1139 4558 1219 4625 de
1276 4560 1673 4627 absentibus.
1773 4562 1956 4625 Hinc
2008 4562 2120 4626 ob·

172 4643 497 4728 stringunt
521 4666 600 4710 se
628 4644 778 4711 dato
801 4653 1215 4712 sacramento
1244 4645 1327 4710 ad
1350 4646 1902 4730 praedicationem
1923 4668 2122 4712 evan-

174 4727 311 4809 gelii
352 4732 710 4811 sinceram,
757 4734 812 4797 si
856 4732 968 4815 qui
1014 4752 1225 4814 nuper
1260 4732 1344 4796 ad
1387 4734 1827 4798 ministerium
1861 4754 2123 4799 sacrum
2212 4755 2219 4761 ·

172 4816 368 4881 vocati
429 4826 615 4882 sunt.
716 4818 958 4884 Postea
1026 4817 1290 4882 disserit
1352 4820 1749 4902 praecipuus
1813 4818 2123 4884 ecclesiae

170 4899 460 4966 minister
517 4902 606 4967 de
657 4902 954 4969 doctrina
1010 4912 1078 4969 et
1134 4903 1271 4968 vita
1330 4905 1777 4990 episcoporum
1820 4906 1963 4972 sive
2006 4905 2125 4969 mi·

172 4985 540 5067 nistrorum,
592 4988 805 5071 qualis
850 5011 995 5056 esse
1032 4987 1280 5055 debeat.
1350 4990 1696 5070 Hortatur,
1743 4993 2015 5075 quisque
2050 4991 2123 5054 in

173 5073 506 5139 censendis
542 5074 862 5142 fratribus
896 5075 1210 5141 iudicium
1247 5086 1576 5159 sequatur,
1621 5097 1758 5143 non
1793 5078 2122 5157 affectum,

174 5156 547 5243 primusque
594 5161 892 5227 omnium
936 5159 1276 5246 egreditur
1317 5163 1504 5228 finito
1548 5184 1866 5230 sermone.
1973 5161 2127 5244 Quo

174 5260 420 5325 egresso
458 5266 625 5310 mox
660 5247 1033 5329 praesidum
1070 5268 1248 5313 unus
1292 5249 1539 5316 vicinos
1574 5252 1939 5335 interrogat
1963 5249 2125 5333 quid

176 5329 382 5396 norint
424 5332 499 5396 in
546 5331 754 5398 fratre
798 5333 969 5417 quod
1014 5331 1307 5400 offendat
1350 5343 1465 5400 aut
1508 5335 1684 5401 unde
1729 5333 2128 5420 impediatur

2242 609 2608 677 aedificatio
2651 607 3008 677 ecclesiae?
3072 608 3207 678 Hic
3240 631 3277 676 e
3431 610 3569 675 vita
3610 617 3679 676 et
3711 609 4011 678 doctrina
4051 611 4194 679 eius

2243 694 2610 764 discutitur.
2716 694 2910 778 Quod
2963 696 3021 762 si
3070 694 3265 762 laude
3279 630 3595 781 ¹{lignum
3659 695 3905 780 aliquid
3970 700 4191 783 gessit,

2241 789 2595 849 revocatur
2636 789 2706 847 et
2742 783 3101 868 instigatur
3143 789 3222 847 ut
3255 791 3503 866 pergat.
3590 779 3713 848 Sin
3771 783 4068 866 peccavit
4121 786 4194 849 in

2243 866 2480 951 aliquo,
2525 867 2793 933 auditur
2835 889 2920 933 an
2963 878 3303 953 peccatum
3339 878 3666 952 agnoscat,
3711 868 4033 952 quomodo
4076 891 4191 936 ex·-
4235 909 4240 916 ·

2242 961 2457 1031 cuset,
2528 964 2643 1019 aut
2702 952 2860 1037 quid
2917 953 3324 1037 respondeat.
3440 953 3704 1019 Deinde
3760 955 4191 1036 consultatur,

2241 1038 2469 1105 audita
2500 1039 2680 1105 illius
2713 1041 3154 1123 responsione,
3190 1039 3432 1123 illoque
3465 1060 3696 1105 rursus
3715 1061 3995 1123 egressO,
4033 1040 4196 1124 quid

2240 1123 2341 1188 illi
2384 1126 2653 1191 nomine
2696 1136 2917 1192 coetus
2958 1125 3364 1209 iniungatur.
3451 1125 3559 1190 Ita
3600 1126 3678 1189 fit
3719 1126 4051 1209 inquisitio
4092 1127 4193 1192 vi-

2238 1210 2421 1274 ritim
2468 1219 2587 1276 etc.
2677 1212 2881 1277 Hunc
2923 1232 3173 1278 morem
3219 1210 3451 1276 habuit
3485 1210 3756 1277 ecclesia
3794 1221 4019 1277 nostra
4058 1213 4193 1277 iam

2240 1295 2471 1361 multis
2528 1296 2610 1362 ab
2668 1298 2896 1376 annis,
2952 1297 3225 1363 suffulta
3277 1296 3352 1361 in
3405 1296 3529 1363 hoc
3581 1297 3776 1363 certis
3830 1299 4193 1381 scripturae

2236 1381 2400 1447 locis
2444 1388 2512 1447 et
2555 1390 2852 1449 veterum
2894 1383 3231 1466 exemplis.
3319 1382 3402 1447 In
3438 1403 3565 1447 usu
3601 1384 3776 1447 enim
3813 1393 3966 1449 ante
4009 1383 4191 1450 mille

2239 1487 2449 1534 annos
2490 1468 2694 1535 fuisse
2717 1477 2939 1535 coetus
2961 1467 3337 1534 huiusmodi
3372 1487 3590 1534 sacros
3625 1478 3692 1533 et
3723 1488 4037 1535 censuras
4070 1469 4195 1534 mi-

2237 1553 2603 1619 nistrorum
2634 1554 3104 1621 ecclesiasticas
3146 1555 3289 1638 ipsa
3324 1555 3479 1619 satis
3515 1563 3804 1638 arguunt
3836 1555 4193 1621 Iustiniani

2240 1636 2543 1706 Caesaris
2602 1641 2864 1723 scripta,
2923 1650 2998 1706 ut
3055 1639 3222 1704 nihil
3288 1639 3464 1706 aliud
3522 1639 3829 1706 dicamus.
3929 1638 4066 1707 Sed
4123 1648 4192 1706 et

2235 1724 2489 1791 fructus
2544 1732 2613 1791 et
2666 1726 2968 1793 utilitatis
3024 1725 3178 1791 inde
3233 1725 3591 1809 plurimum
3634 1723 3930 1791 dimanat
3985 1735 4051 1792 et
4109 1725 4194 1792 ad

2235 1810 2575 1876 ecclesiam
2636 1819 2929 1878 nostram
2948 1864 2963 1891 ,
3031 1819 3109 1875 ut
3161 1832 3295 1876 non
3351 1808 3724 1882 dubitemus
3767 1810 3977 1876 Deum
4037 1812 4193 1879 huic

2234 1895 2539 1962 instituto
2582 1905 2810 1964 nostro
2854 1896 3135 1981 benigne
3178 1898 3419 1975 favere,
3465 1917 3540 1963 ac
3587 1897 3759 1981 quod
3802 1898 4048 1963 bonum
4092 1905 4194 1965 est

2236 2003 2277 2047 a
2320 1983 2503 2048 fonte
2548 1984 2764 2049 omnis
2809 1983 2964 2049 boni
3006 2004 3293 2048 manare.

2405 2069 2641 2135 Bonus
2676 2069 2793 2135 ille
2827 2070 3033 2134 frater
3066 2069 3178 2151 qui
3211 2067 3664 2134 conclusiones
3687 2067 3951 2151 collegit
3982 2068 4194 2134 multa

2237 2153 2317 2219 de
2377 2156 2650 2221 caritate
2707 2155 2985 2222 disserit.
3089 2154 3356 2220 Efficiat
3413 2175 3569 2238 ergo
3624 2162 3702 2218 ut
3757 2153 3976 2220 valeat
4018 2154 4191 2239 apud

2234 2240 2452 2323 ipsum
2509 2242 2768 2319 caritas,
2825 2250 2895 2307 et
2947 2242 3268 2306 hactenus
3323 2258 3465 2304 sese
3520 2239 3829 2305 fratribus
3871 2240 4191 2320 omnibus,

2235 2325 2545 2392 censendi
2589 2328 2856 2393 modum
2891 2327 2963 2392 in
2999 2327 3302 2391 omnibus
3338 2324 3627 2391 ecclesiis
3662 2325 4191 2409 approbantibus,

2232 2412 2578 2495 impendat
2620 2415 2956 2497 ipsiusque
3001 2433 3320 2480 censurae
3365 2411 3716 2477 subiaceat.
3807 2409 3883 2477 Si
3927 2431 4193 2477 causam

2233 2497 2435 2564 habet
2469 2499 2728 2576 bonam,
2763 2498 3024 2565 laudem
3058 2499 3225 2563 feret
3266 2517 3307 2562 a
3349 2497 3678 2562 fratribus.
3769 2494 3892 2563 Sin
3928 2496 4191 2576 malam,

2235 2584 2516 2651 amicam
2574 2584 2798 2650 audiat
2851 2583 3361 2649 admonitionem
3405 2590 3473 2647 et
3514 2582 3876 2648 fraternam
3930 2603 4190 2667 correp·
4308 2587 4316 2596 '

2236 2671 2502 2735 tionem.
2569 2670 2675 2736 De
2710 2691 2840 2754 qua
2873 2671 3151 2753 sapiens,
3197 2669 3490 2747 vulnera,
3535 2668 3766 2751 inquit,
3813 2668 4008 2734 amici
4042 2689 4190 2734 sua-

2234 2756 2422 2820 viora
2488 2763 2647 2821 suut
2718 2756 2957 2823 osculis
3015 2755 3417 2840 hypocritae.
3531 2752 3854 2819 Videmus
3910 2754 4191 2838 optimos

2236 2862 2525 2924 quosque
2570 2863 2705 2907 non
2747 2862 2899 2907 raro
2942 2841 3074 2908 iuri
3116 2861 3234 2906 suo
3279 2839 3570 2918 cessisse,
3634 2839 3866 2905 saltem
3927 2848 4004 2904 ut
4047 2859 4192 2905 sese

2233 2926 2694 3010 impenderent
2745 2928 3055 2994 fratribus
3111 2927 3318 3010 iisque
3371 2926 3786 2991 inservirent.
3874 2926 4058 3011 Ergo
4116 2933 4194 2990 ut

2236 3013 2553 3080 donemus
2594 3013 2785 3079 illum
2826 3014 2933 3080 ius
2975 3012 3217 3078 habere
3261 3012 3366 3078 sui
3403 3011 3679 3091 consilii,
3726 3011 3926 3077 talem
3971 3021 4193 3076 tamen

2233 3121 2304 3164 se
2347 3099 2660 3166 exhibeat
2702 3101 2888 3166 nobis
2921 3099 3245 3177 omnibus,
3290 3097 3516 3182 quales
3550 3119 3693 3164 sese
3729 3097 4044 3164 fratribus
4080 3097 4195 3163 de-

2233 3185 2407 3251 disse
2452 3186 2899 3252 sanctissimos
2955 3186 3235 3270 legimus
3290 3186 3491 3251 viros.
3579 3183 3724 3249 Imo
3768 3204 4032 3249 oramus
4075 3183 4189 3249 bo·

2230 3291 2396 3335 num
2439 3271 2627 3339 illum
2683 3272 2990 3349 fratrem,
3059 3292 3143 3335 ne
3211 3269 3427 3335 valeat
3480 3267 3656 3353 apud
3708 3269 3899 3335 illum
3963 3280 4191 3335 nostra

2232 3356 2593 3422 admonitio
2635 3365 2703 3423 et
2744 3357 3094 3441 postulatio
3137 3354 3370 3421 fidelis.
3439 3354 3683 3421 Omnia
3716 3356 3892 3420 inter
3926 3365 4189 3422 sanctos

2228 3442 2314 3506 ad
2356 3443 2876 3510 aedificationem
2919 3441 3147 3508 ordine
3193 3443 3359 3507 fiunt
3394 3441 3567 3506 iusto
3612 3449 3677 3506 et
3720 3439 3974 3508 decoro.

2400 3528 2959 3595 Commendamus
3002 3548 3123 3593 nos
3181 3536 3250 3593 et
3290 3536 3552 3594 nostras
3590 3526 3895 3594 ecclesias
3949 3526 4190 3593 vestris

2226 3613 2355 3697 piis
2398 3616 2718 3697 precibus,
2765 3622 2832 3681 et
2874 3634 3138 3680 oramus
3180 3621 3256 3679 ut
3288 3633 3548 3696 semper
3587 3634 3706 3678 nos
3743 3614 4019 3679 caritate
4055 3612 4189 3678 sin-

2226 3719 2379 3765 cera
2421 3701 2762 3784 complecti
2805 3699 3115 3786 pergatis.
3206 3699 3379 3764 Nam
3436 3698 3768 3783 diligimus
3822 3720 3937 3765 vos
3990 3697 4189 3764 dilec-

2226 3785 2407 3850 tione
2451 3807 2612 3852 vera
2655 3794 2722 3852 et
2757 3807 2843 3852 ex
2887 3786 3127 3852 anime.
3195 3785 3525 3851 Dominus
3559 3784 3747 3851 Iesus
3781 3794 4008 3851 servet
4049 3805 4188 3851 vos.

2225 3871 2612 3938 Adiecimus
2677 3873 2786 3938 his
2840 3892 3007 3957 quae
3073 3870 3446 3955 praeteritis
3512 3869 3739 3937 diebus
3805 3869 4190 3954 scripsimus

2222 3966 2456 4024 contra
2498 3957 2763 4024 Luthem'
2822 3957 3274 4035 contumelias,
3337 3956 3721 4034 calumnias,
3786 3955 4082 4023 convicia
4124 3961 4191 4020 et

2222 4042 2857 4111 condemnationem.
2928 4041 3331 4110 Germanice
3361 4042 3762 4126 scripsimus,
3804 4041 4192 4108 Gualtherus

2221 4128 2377 4194 fecit
2446 4129 2655 4195 latina
2681 4131 2750 4214 ¹).
2863 4128 3101 4196 Valete
3119 4181 3134 4207 ,
3204 4126 3445 4193 fratres
3499 4126 3720 4192 dilecti
3785 4137 3852 4192 et
3915 4124 4187 4194 colendi.

2219 4215 2479 4299 'fig-urii
2512 4215 2676 4283 XII.
2718 4215 2949 4282 Martii
2995 4216 3180 4280 1645.

3204 4315 3435 4381 Vestri
3477 4336 3562 4380 ex
3605 4315 3826 4380 animo

2825 4409 3145 4487 pastores,
3189 4402 3469 4467 lectores
3513 4420 3590 4466 ac
3630 4399 3919 4465 ministri
3961 4418 4188 4464 omnes

3131 4487 3492 4572 Tigurinae
3549 4484 3876 4553 ecclesiae.

2259 4781 2404 4836 622.
2443 4782 2505 4848 1)
2540 4780 2618 4834 ad
2663 4780 2795 4835 haec
2838 4780 2907 4846 cf.
2946 4777 3024 4834 N.
3058 4777 3161 4831 609
3209 4778 3392 4833 Porro
3439 4777 3597 4845 Hes-5,
3646 4775 3935 4844 Minya·
3981 4773 4030 4829 Ι.
4065 4770 4187 4827 445.

2231 4850 2543 4907 Postulozzi
2566 4864 2627 4919 p.
2666 4847 2767 4902 229
2802 4862 2874 4902 ss.
