4825 6175
605 359 730 425 203

775 540 1174 608 Doctissimo
1216 547 1286 604 et
1325 539 1646 605 fidissimo
1687 539 1936 622 pastori
1979 538 2291 606 ecclesiae
2335 536 2557 604 Gene-

604 630 829 698 vensis
863 626 956 694 Io.
983 624 1265 693 Calvino
1307 625 1496 691 fratri
1537 632 1605 690 et
1646 624 1937 709 collegae
1980 646 2173 708 quam
2219 623 2560 690 carissimo

1915 729 2248 795 Genevae.

778 898 849 966 S.
938 897 1157 965 Hodie
1235 905 1507 963 octavus
1586 898 1806 982 agitur
1871 896 2010 963 dies
2076 896 2246 979 quod
2310 896 2562 982 collega

603 1008 793 1055 meus
821 985 867 1072 ¹)
913 985 997 1050 ad
1028 983 1387 1051 Dominum
1426 983 1757 1068 migravit,
1802 983 1927 1050 sub
1971 983 2199 1048 horam
2238 980 2561 1048 decimam

605 1075 849 1141 noctis:
912 1069 1026 1137 sed
1082 1070 1175 1135 im
1224 1070 1443 1135 ensius
1499 1071 1761 1153 rogavit
1819 1088 2048 1134 omnes
2089 1070 2325 1134 fratres
2369 1079 2444 1133 ut
2487 1089 2562 1134 se

603 1160 1058 1226 inviseremus.
1148 1092 1340 1237 (guod
1398 1156 1668 1220 fecimus
1722 1156 1836 1238 qui
1889 1165 2047 1220 tunc
2103 1175 2365 1219 eramus
2406 1175 2560 1220 con-

606 1244 883 1333 gregati.
926 1241 1291 1308 Ecclesiam
1325 1241 1631 1306 omnibus
1672 1240 2022 1324 diligenter
2055 1239 2557 1318 commendavit,

606 1339 684 1397 ιιι
735 1350 993 1396 summo
1050 1326 1266 1394 studio
1323 1328 1392 1391 in
1446 1346 1526 1391 ea
1579 1326 2051 1405 laboraremus,
2108 1327 2428 1409 iussitque
2485 1334 2563 1390 ut

607 1418 729 1484 hos
772 1415 885 1498 qui
922 1416 992 1478 in
1041 1414 1164 1479 hac
1207 1422 1558 1479 censentur
1601 1414 1872 1478 ecclesia
1915 1410 1999 1475 ad
2035 1432 2259 1494 pacem
2305 1424 2373 1476 ot
2405 1433 2559 1478 con-

608 1501 898 1570 cordiam
952 1499 1419 1577 invitaremus,
1481 1507 1550 1563 et
1592 1519 1710 1563 suo
1755 1500 1955 1564 etiam
2000 1500 2261 1562 nomine
2305 1517 2418 1562 eos
2454 1518 2561 1562 ro·

606 1607 913 1673 garemus
955 1592 1030 1650 ut
1070 1582 1453 1651 concordiae
1495 1593 1563 1649 et
1605 1585 1748 1666 paci
1803 1584 2151 1649 studerent
2192 1593 2261 1649 et
2302 1583 2562 1649 sublata

607 1674 916 1741 ecclesiae
958 1673 1395 1736 restituerent.
1457 1670 1662 1735 Petiit
1701 1670 1966 1735 veniam
2003 1692 2043 1734 a
2076 1669 2392 1734 fratribus
2429 1691 2561 1733 non

607 1759 751 1826 sine
795 1756 1055 1841 magnis
1097 1756 1415 1839 suspiriis.
1512 1756 1872 1823 Ludovicus
1887 1758 1943 1829 2)
2006 1753 2317 1821 diaconus
2372 1755 2561 1820 nobis

610 1844 838 1910 retulit
894 1841 1065 1927 quod
1119 1841 1388 1908 iusserit
1444 1842 1726 1907 flammis
1787 1840 1960 1906 tradi
2018 1862 2096 1905 ea
2154 1861 2319 1923 quae
2375 1840 2450 1904 in
2495 1850 2562 1904 te

607 1932 986 2013 scripserat,
1054 1936 1121 1992 et
1187 1927 1267 1993 de
1332 1926 1636 2010 operibus
1680 1927 2071 2011 Augustini,
2136 1947 2301 2008 quae
2366 1945 2564 1990 causa

606 2017 869 2082 fuerant
935 2011 1206 2094 dissidii,
1273 2014 1482 2077 voluit
1543 2022 1658 2078 tuo
1723 2012 1994 2078 arbitrio
2058 2013 2201 2077 fieri
2258 2010 2431 2095 quod
2490 2021 2561 2075 tu

609 2121 929 2170 censeres
1019 2100 1166 2183 Ego
1211 2098 1403 2182 paulo
1448 2108 1800 2182 antequam
1846 2100 2160 2182 migraret
2202 2096 2287 2163 ad
2329 2096 2562 2161 Domi·

609 2207 765 2254 num
812 2185 1007 2252 avelli
1052 2206 1183 2250 non
1227 2193 1521 2268 poteram
1566 2206 1688 2250 nec
1729 2185 1928 2249 finem
1972 2183 2283 2268 loquendi
2332 2182 2561 2249 facere.

610 2272 943 2357 Operatus
1008 2272 1224 2336 fuerat
1285 2269 1613 2335 Dominus
1678 2270 1845 2334 mire
1910 2271 1977 2334 in
2046 2290 2122 2334 eo
2188 2290 2230 2333 a
2284 2289 2565 2336 censura

608 2379 806 2442 quam
849 2355 1097 2421 tamdiu
1138 2356 1487 2440 refugerat.
1577 2353 1714 2422 Sed
1754 2355 1837 2420 ab
1875 2376 1953 2421 ea
1993 2355 2168 2421 facta
2207 2376 2420 2421 novus
2464 2363 2564 2420 est

607 2446 850 2523 factus,
919 2454 988 2506 et
1044 2452 1177 2505 tam
1240 2442 1544 2523 frequens
1603 2440 1778 2524 apud
1832 2461 1973 2519 me,
2029 2450 2107 2506 ut
2149 2463 2282 2505 non
2328 2461 2560 2523 parum

609 2527 850 2596 studiis
904 2528 1068 2592 meis
1122 2547 1598 2609 nonnunquam
1655 2526 2184 2603 incommodarit‚
2242 2540 2308 2591 et
2349 2527 2562 2591 indies

609 2614 777 2680 mihi
830 2614 1041 2697 magis
1096 2611 1617 2696 coniungebatur
1659 2621 1727 2678 et
1770 2610 2095 2677 cordatius
2136 2613 2448 2695 pergebat
2490 2612 2561 2675 in

609 2719 807 2785 opere
848 2699 1134 2763 Domini.
1216 2699 1349 2764 Hic
1392 2697 1698 2763 Christus
1739 2698 1986 2763 mirum
2030 2698 2217 2762 nobis
2261 2695 2565 2781 praebuit

610 2784 988 2868 exemplum
1046 2784 1562 2865 misericordiae,
1627 2792 1695 2848 et
1748 2784 2104 2867 patientiae
2147 2804 2222 2848 ac
2260 2784 2562 2867 longani-

607 2873 858 2938 mitatis
913 2870 1261 2954 insigniter
1319 2870 1427 2935 hic
1482 2870 1695 2936 voluit
1736 2890 1858 2934 nos
1900 2868 2285 2934 admonitos.
2370 2869 2563 2932 Nunc

608 2977 808 3040 super
843 2955 1091 3040 collega
1126 2954 1596 3039 dispiciendum
1632 2964 1749 3020 cst.
1794 2955 1865 3020 Is
1902 2964 2169 3039 rogatus
2192 2975 2231 3018 a
2253 2953 2564 3019 fratribus

616 3043 971 3109 Tossanum
990 3046 1045 3123 8)
1093 3043 1473 3108 nominavit.
1532 3041 1770 3108 Nescio
1804 3062 1887 3106 an
1925 3041 2115 3106 toties
2155 3041 2486 3125 expetitus
2524 3060 2565 3105 a

607 3130 794 3195 nobis
850 3127 1113 3193 tandem
1176 3130 1409 3193 veniet.
1501 3128 1809 3194 Christus
1853 3150 1972 3193 sua
2011 3127 2263 3212 ingenti
2310 3127 2564 3192 miseri-

609 3213 832 3281 cordia
895 3215 1083 3279 nobis
1149 3211 1336 3279 adsit.
1425 3213 1531 3297 De
1585 3215 1788 3279 fratre
1845 3234 1988 3279 meo
2005 3216 2063 3291 ⁴)
2122 3213 2292 3277 nihil
2347 3212 2559 3278 audio.

612 3297 999 3374 Claudius&
1044 3300 1388 3365 Ambianis
1433 3307 1575 3365 erat
1617 3302 1831 3383 prima
1863 3298 2062 3364 huius
2101 3299 2364 3363 mensis.
2426 3296 2562 3363 Sed

609 3394 769 3452 tunc
810 3387 1097 3469 primum
1142 3385 1503 3470 appulerat.
1559 3387 1664 3451 De
1708 3386 2166 3468 Bunsuytiensi
2180 3389 2237 3467 ⁶)
2282 3397 2563 3468 tyranno

611 3472 917 3538 existimo
962 3481 1029 3536 te
1072 3481 1298 3537 tenere
1342 3483 1417 3536 ut
1460 3469 1776 3536 ditionem
1817 3470 2149 3555 perditam
2183 3471 2459 3535 intravit
2495 3477 2564 3534 et

609 3557 954 3639 occupavit
994 3565 1254 3640 praeter
1295 3578 1495 3623 arces.
1554 3556 1690 3623 Sed
1725 3557 2131 3640 Lanyravius
2174 3577 2325 3623 cum
2370 3577 2560 3621 exer-

608 3642 745 3708 citu
787 3642 861 3706 in
905 3651 1263 3725 tyrannum
1307 3642 1656 3708 contendit.
1737 3643 2045 3708 Pontifex
2090 3662 2366 3706 uxorem
2411 3641 2562 3705 Del-

596 3727 793 3810 paim·
836 3730 1126 3811 spuriam
1161 3729 1637 3812 pronunciavit.
1699 3728 1843 3794 Hoc
1876 3727 2252 3810 impellente
2292 3725 2564 3795 Caesare

608 3813 857 3879 factum
901 3821 1137 3895 putant
1178 3825 1254 3878 ut
1295 3814 1502 3878 filiam
1544 3813 1713 3880 locet
1748 3813 2079 3894 Delphina.
2142 3812 2256 3880 sio
2288 3813 2559 3878 luditur.

607 3899 873 3983 Dignus
917 3907 1016 3964 est
1061 3900 1253 3977 orbis,
1297 3921 1497 3982 quum
1534 3921 1766 3964 verum
1798 3900 2017 3964 Deum
2064 3920 2196 3963 non
2230 3907 2561 3983 agnoscat,

608 3983 789 4051 hisce
844 3985 1049 4048 larvis
1110 3996 1182 4050 ut
1237 3997 1593 4068 prematur.
1678 3985 1949 4049 Fratres
1992 3995 2059 4049 te
2103 3984 2361 4050 salvum
2419 4005 2561 4049 esse

609 4070 861 4136 iubent.
966 4069 1239 4136 Salvam
1313 4071 1513 4135 etiam
1583 4070 1882 4152 cupimus
1947 4080 2129 4136 tuam
2195 4073 2559 4154 coniugem,

615 4154 908 4238 Comum,
940 4156 1295 4235 Gala-sium,
1320 4156 1605 4231 Abdum,
1641 4164 1710 4220 et
1744 4178 1973 4221 omnes
2008 4158 2116 4239 qui
2155 4157 2557 4233 ministrant,

611 4365 1021 4374 .-—----—-—...—-

634 4497 780 4552 720.
820 4497 879 4562 1)
921 4496 1270 4563 capunmaus
1314 4498 1446 4552 obiit
1482 4497 1534 4552 α.
1568 4497 1653 4551 22.
1696 4497 1875 4554 catos.
1949 4497 2038 4551 De
2072 4498 2229 4552 cuius
2263 4505 2390 4553 ante
2423 4481 2568 4550 mor-'

607 4574 711 4622 tem
743 4567 899 4634 facta
932 4581 1057 4619 eum
1089 4565 1257 4619 classi
1290 4583 1394 4620 sua
1425 4566 1865 4622 reconciliatione
1896 4567 2023 4620 vide
2055 4567 2212 4633 infra
2248 4567 2323 4620 N.
2363 4566 2480 4620 737.

814 4633 877 4764 ἓξ
915 4632 1291 4771 ἕιιεῗπὸδραιιίο
1323 4711 1444 4771 post
1464 4703 1968 4772 Monsbelyardiam
2004 4703 2232 4757 rediisse
2254 4705 2368 4758 iam
2390 4720 2562 4771 supra

608 4771 866 4854 diximus.
939 4771 1029 4825 De
1074 4775 1401 4826 successoris
1443 4773 1691 4827 electione
1738 4773 1837 4826 diu
1883 4770 2239 4841 disceptatum
2253 4816 2266 4841 ,
2313 4780 2374 4827 ut
2410 4774 2564 4838 infra

814 4907 878 4971 4)
919 4908 1252 4973 Gachm-io,
1299 4910 1398 4978 qui
1437 4911 1548 4962 iam
1594 4910 1893 4964 libertatem
1925 4915 2344 4977 recuperaverat
2356 4950 2370 4978 ,
2415 4910 2564 4979 quod

609 4982 792 5032 tamen
828 4976 1091 5031 Neocomi
1121 4986 1173 5031 et
1210 4976 1458 5031 Genevae
1490 4980 1732 5031 nondum
1765 4979 2093 5032 innotuerat.

817 5046 878 5112 5)
920 5044 1187 5098 Claudius
1223 5045 1419 5112 Farel‚
1475 5045 1734 5101 Guilelmi
1777 5047 1915 5100 alter
1955 5048 2148 5113 frater,
2194 5048 2294 5116 qui
2335 5063 2385 5099 a.
2425 5044 2563 5099 1554

608 5114 883 5168 castellum
922 5113 1272 5168 Senarelense
1302 5132 1474 5182 prope
1504 5113 1708 5170 Orbem
1733 5115 1839 5170 eibi
1858 5115 2036 5170 soluta
2067 5115 2301 5183 pecunia
2336 5116 2561 5169 redemit

610 5181 807 5248 (Mem.
843 5182 912 5236 de
947 5182 1271 5248 Pierrefleur
1297 5200 1355 5252 p.
1394 5184 1542 5251 322).

813 5251 872 5316 6)
910 5252 1024 5307 eie!
1079 5251 1172 5306 De
1201 5253 1335 5307 bello
1372 5254 1771 5308 Brunsvicenei
1799 5252 1924 5308 vide
1959 5268 2145 5321 supra.

2150 346 2680 416 EPISTOLAE
2726 348 3064 412 720—723
3172 391 3181 400 .

4468 346 4560 411 204

2662 542 2730 602 et
2763 545 3050 602 caeteros
3085 536 3246 620 pios,
3280 555 3365 600 ne
3398 533 3673 601 fratrem
3708 543 4117 618 praeteream
4151 555 4306 602 cum
4332 533 4566 602 Nicoloo.

2662 622 2975 688 Neocomi
3014 625 3115 687 29.
3148 620 3454 690 Octobris
3501 624 3685 685 154⁵.

3698 740 4002 806 Farellus
4046 751 4201 806 tuus
4244 748 4435 807 totus.

3570 1185 3717 1257 721.

3192 1339 3665 1408 OALVINUS
3708 1340 4081 1409 VIRETO.

2839 1511 3004 1577 Petit
3037 1516 3108 1576 ut
3139 1531 3367 1577 causae
3397 1513 3627 1577 viduae
3667 1514 3907 1578 Gurini
3935 1470 4313 1600 prospiciat,
4358 1536 4595 1601 eumque

2664 1598 2750 1662 ad
2790 1599 3050 1678 nuptias
3090 1598 3334 1663 invitat.

2664 1769 2774 1835 (Ex
2819 1768 3157 1838 autographo
3207 1767 3337 1821 Ood.
3375 1768 3578 1823 Genev.
3615 1768 3741 1834 106,
3789 1770 3880 1824 fol.
3917 1769 4002 1824 86.
4038 1801 4107 1811 —
4146 1773 4193 1826 A
4372 1774 4480 1844 pha
4523 1790 4602 1827 ex·

2664 1843 2814 1891 stant
2847 1837 3129 1892 Ionvillaei
3164 1836 3291 1892 Cod.
3331 1838 3502 1903 111⁸,
3537 1839 3626 1891 fol.
3662 1837 3759 1900 30;
3795 1840 4069 1894 Turi-atini
4106 1789 4269 1895 008⁰
4300 1842 4382 1908 ll,
4410 1844 4500 1898 fol.
4520 1841 4603 1911 703

2919 1907 3198 1960 Bet-nense
3234 1907 3374 1976 Epp.
3412 1907 3536 1962 VII.
3574 1924 3626 1977 p.
3661 1905 3793 1976 465;
3832 1908 4052 1963 Simleri
4096 1911 4212 1965 Vol.
4250 1909 4367 1978 52.)

2666 2076 2936 2162 Optimo
2982 2078 3167 2142 fratri
3203 2100 3347 2143 meo
3382 2086 3449 2144 et
3482 2077 3664 2145 fideli
3699 2100 3888 2146 servo
3917 2079 4191 2146 Domini
4224 2081 4379 2150 Iesu
4414 2086 4610 2151 Petro

2710 2232 2733 2247 ⁴
2834 2164 3068 2229 Vireto
3113 2165 3605 2231 Lausannensis
3649 2166 3957 2232 ecclesiae
4001 2169 4265 2251 pastori.

2837 2301 3129 2386 Rogavit
3182 2321 3289 2364 me
3332 2301 3624 2366 Amadea
3684 2300 3924 2368 G-urini
3984 2302 4208 2383 vidua,
4240 2308 4291 2388 ¹)
4336 2314 4404 2372 et
4451 2309 4612 2373 serio

2665 2410 2705 2452 a
2741 2409 2847 2452 me
2889 2385 3258 2464 contendit,
3304 2386 3437 2451 imo
3481 2395 3722 2469 quanto
3768 2389 4056 2453 maximo
4100 2392 4315 2471 potuit
4357 2394 4613 2471 affectu,

2666 2482 2743 2538 ut
2785 2483 2851 2538 te
2894 2493 3015 2537 suo
3061 2473 3328 2536 nomine
3372 2473 3815 2550 obsecrarem,
3872 2494 3955 2538 ne
3998 2477 4295 2558 graveris
4334 2480 4618 2544 arbitros

2663 2560 3038 2624 Beruenses
3095 2579 3213 2623 sua
3278 2579 3475 2624 causa
3527 2558 3885 2641 appellare,
3946 2580 4185 2645 eosque
4241 2584 4481 2648 rogare
4540 2584 4617 2629 ne

2665 2645 3000 2727 patiantur
3042 2643 3303 2707 mulieri
3346 2644 3491 2726 piae
3526 2653 3595 2709 et
3628 2645 3884 2727 quietae
3927 2647 4232 2731 omnique
4276 2648 4620 2716 hominum

2665 2729 2988 2812 praesidio
3034 2728 3383 2794 destitutae
3441 2729 3806 2795 molestiam
3852 2732 3934 2796 ab
3977 2732 4241 2798 homine
4284 2744 4511 2802 astuto
4557 2743 4621 2800 et

2662 2816 2959 2898 improbo
2995 2814 3075 2879 de
3110 2824 3289 2879 certa
3324 2816 3728 2897 possessione
3772 2816 4084 2884 exhiberi.
4142 2819 4431 2887 Causam
4482 2822 4622 2888 eius

2666 2901 2907 2984 partim
2964 2901 3165 2973 nosti,
3222 2902 3461 2983 partim
3522 2922 3605 2966 ex
3651 2901 3827 2984 Rufo
3882 2904 4023 2970 eius
4079 2925 4324 2990 genero
4382 2908 4622 2974 melius

2643 2987 3007 3071 intelliges.
3055 2985 3237 3051 Nihil
3268 3006 3425 3052 sane
3460 2986 3639 3052 aliud
3678 2988 3870 3053 video
3906 3009 4101 3072 quam
4135 2992 4307 3075 quod
4342 2992 4627 3060 adversa

2663 3094 2816 3156 pars
2859 3071 3281 3156 impudenter
3322 3074 3530 3156 ipsam
3566 3073 3904 3159 fatigando
3941 3076 4188 3160 aliquid
4224 3077 4339 3143 tali
4374 3081 4625 3164 impro-

2666 3159 2867 3225 bitate
2912 3160 3055 3225 vult
3097 3159 3179 3225 ab
3222 3178 3301 3224 ea
3342 3170 3749 3243 extorquere.
3810 3160 3888 3227 Si
3923 3163 4069 3246 quis
4110 3164 4234 3230 tibi
4273 3165 4500 3233 aditus
4544 3164 4630 3232 ad

2665 3245 2911 3311 iudices
2958 3253 3196 3329 pateat,
3242 3252 3394 3329 peto
3439 3244 3555 3311 abs
3601 3255 3685 3323 te,
3731 3248 3901 3330 quod
3947 3257 4171 3315 tamen
4214 3261 4453 3334 sponte
4486 3253 4631 3318 fao-

2662 3340 2888 3396 turum
2934 3339 3001 3395 te
3045 3332 3203 3411 scio,
3263 3340 3339 3395 ut
3380 3332 3527 3414 piae
3581 3341 3647 3397 et
3690 3333 4001 3398 honestae
4053 3336 4317 3401 mulieri
4375 3336 4632 3421 aliquid

2663 3417 3019 3482 levamenti
3061 3417 3297 3480 afferre
3341 3415 3620 3482 studeas.
3678 3416 3878 3482 Diem
3910 3420 4041 3483 iam
4090 3420 4206 3486 tibi
4251 3423 4522 3489 condixi
4563 3430 4631 3490 et

2664 3501 2922 3568 Farello
2940 3553 2955 3580 ,
3012 3523 3138 3585 quo
3194 3511 3546 3584 utrumque
3599 3501 3707 3568 hic
3750 3525 3892 3570 esse
3936 3514 4270 3589 oporteat,
4332 3508 4392 3574 si
4438 3509 4631 3594 digni

2661 3587 2848 3653 vobis
2911 3587 3246 3666 videmur,
3327 3589 3440 3671 qui
3507 3590 3770 3670 nuptias
3844 3602 4103 3657 nostras
4119 3591 4176 3678 2)
4242 3595 4632 3676 praesentia

2666 3683 2883 3738 vestra
2926 3673 3276 3739 honoretis.
3356 3673 3528 3739 Vale
3571 3695 3721 3740 cum
3764 3675 4014 3741 familia
4055 3685 4123 3744 et
4164 3679 4414 3746 amicis.
4484 3682 4630 3748 Do·

2661 3760 2880 3825 minus
2925 3779 3040 3825 vos
3083 3770 3440 3826 conservet.
3460 3758 3516 3845 ⁸)

3585 3881 3868 3948 Ioannes
3904 3882 4223 3951 Calvinus
4268 3891 4440 3951 tuus.

2696 4117 2831 4172 721„
2874 4119 2928 4184 l)
2967 4118 3040 4171 N.
3076 4117 3194 4185 713,
3228 4124 3338 4172 not.
3377 4118 3436 4182 9;
3479 4119 3550 4172 N.
3588 4118 3704 4187 715,
3742 4127 3850 4174 not.
3888 4119 3937 4175 5.

2868 4186 2929 4250 2)
2974 4186 3127 4255 Quae
3162 4189 3385 4254 nuptiae
3418 4188 3686 4243 instantes
3719 4190 3870 4244 dicat
3901 4191 4059 4244 nobie
4093 4206 4205 4246 mm
4240 4197 4464 4247 cortem.
4540 4192 4639 4249 De

2661 4257 2875 4324 nuptiis
2908 4256 3038 4310 Am.
3079 4255 3297 4310 Caluini
3339 4257 3428 4323 (ut
3460 4257 3650 4311 volunt
3681 4261 3780 4327 qui
3820 4259 3978 4324 infra
4012 4260 4336 4328 laudantur)
4381 4263 4637 4332 coyfiari

2662 4343 2776 4381 non
2804 4340 2967 4394 posse
3037 4341 3141 4378 uae
3174 4326 3284 4378 iam
3320 4342 3371 4379 a.
3401 4322 3538 4378 1542
3575 4326 3870 4382 celebratae
3898 4327 4143 4399 fuerant,
4174 4331 4561 4385 emissionum.

2867 4391 2904 4445 3
2909 4404 2928 4457 )
3029 4409 3134 4448 ane
3177 4393 3459 4462 epistolam
3512 4394 3627 4447 Viri
3672 4395 3819 4451 docti
3861 4395 4184 4451 Turretinue
4227 4400 4289 4453 in
4341 4398 4470 4454 Ood.
4520 4398 4629 4453 111

2664 4468 2715 4517 et
2754 4461 3012 4515 Simlerue
3045 4461 3122 4516 ad
3154 4479 3205 4515 a.
3245 4460 3382 4515 1542
3429 4464 3674 4528 referunt
3715 4471 3767 4520 et
3799 4465 4017 4535 quidem
4052 4481 4283 4521 mensem
4323 4466 4634 4535 Octobrem,

2666 4547 2837 4653 {325⁶
2852 4529 3981 4667 mx.“”z.33²·t{..:.222“2.:5.....‘·
3928 4535 4137 4657 Vm
4170 4550 4369 4659 aa
4369 4535 4637 4673 βάκ

2580 4673 2591 4684 “
2664 4669 2913 4739 quisquis
2953 4668 3152 4736 fuerit,
3201 4669 3381 4723 adhuc
3423 4670 3486 4723 in
3532 4671 3672 4723 vivis
3717 4677 3838 4724 erat
3870 4687 3976 4741 quo
4010 4677 4244 4742 tempore
4294 4674 4384 4727 aze
4422 4673 4635 4728 Metius

2657 4738 3103 4806 proficiscebatur
3139 4738 3243 4804 (N.
3277 4736 3436 4802 419),
3481 4738 3619 4807 quid
3649 4739 3796 4808 quod
3829 4742 4139 4807 nuperrime
4171 4743 4368 4798 obiisse
4399 4741 4633 4798 videtur

2667 4806 2762 4870 (N.
2799 4804 2901 4859 713
2934 4808 2967 4860 l.
2998 4806 3061 4870 l.)
3100 4809 3180 4859 ita
3215 4813 3277 4860 ut
3310 4807 3509 4860 viduae
3540 4822 3630 4861 ree
3662 4810 3776 4861 iam
3802 4808 4058 4875 pluribus
4091 4811 4193 4865 hoc
4226 4811 4345 4879 ipso
4382 4817 4635 4878 tempore

2666 4877 2902 4929 tractari
2933 4875 3229 4929 ‹lebna-int.
3304 4876 3393 4929 Ne
3528 4878 3707 4930 serius
3739 4877 3873 4931 haee
3906 4879 4116 4945 ser-ipta
4145 4879 4272 4947 fuit,
4305 4895 4471 4949 quam
4505 4895 4632 4949 quo

2665 4950 2896 5011 tempore
2930 4959 3047 4997 eam
3084 4953 3367 4998 exaratam
3442 4947 3492 4998 ic
3525 4946 3870 5006 eoniicimus,
3995 4964 4081 4999 um
4127 4963 4187 5003 eo
4222 4949 4343 5015 ipso
4378 4954 4631 5016 tenpore

2663 5014 2857 5066 mulier
2901 5012 3000 5066 illa
3039 5012 3184 5081 Copo
3238 5014 3567 5082 desponsata
3605 5014 3777 5078 fuerit
3813 4963 3990 5078 (713⁴
4018 5018 4127 5070 imo
4169 5018 4356 5084 potius
4396 5021 4632 5071 ineunte

2660 5082 2760 5135 hoe
2796 5096 2987 5134 mense.
3062 5082 3128 5134 Si
3158 5082 3294 5151 quid
3326 5083 3572 5136 videmus
3604 5085 3830 5150 nuptiae
3862 5084 3990 5138 illae
4028 5085 4165 5153 Gopi
4190 5087 4420 5154 fuerunt
4450 5085 4629 5140 adeo-

2662 5166 2764 5220 que
2798 5151 2930 5205 haee
2964 5167 3045 5218 ep.
3080 5159 3209 5205 ante
3243 5151 3341 5204 711
3375 5151 3650 5219 ponenda.
