4825 6175
621 457 760 522 ’581

1540 635 1689 708 913.

1169 789 1642 862 OALVINUS
1686 785 2058 855 VIRETO.

629 969 911 1141 smDe
953 967 1296 1052 disciplina
1336 964 1598 1030 vestium
1652 962 1721 1025 in
1774 963 1997 1026 senatu
2042 960 2263 1033 actm,
2306 972 2415 1018 nec
2456 951 2595 1018 sine

664 1228 749 1281 Ex
785 1224 1123 1294 autographo
1156 1220 1440 1277 CoaGen.
1473 1216 1590 1284 106,
1623 1217 1716 1270 fol.
1758 1214 1860 1268 190
1893 1213 2015 1268 coll.
2055 1211 2185 1266 Cod.
2228 1209 2367 1262 111⁸.
2397 1207 2520 1262 f.11
2541 1225 2593 1263 v,

634 1229 700 1351 ln
758 1294 988 1349 caeteris
1035 1310 1067 1345 a
1107 1291 1361 1360 ographis
1413 1287 1772 1340 desideratur.
1866 1282 1968 1337 Ed.
2015 1283 2160 1335 Beza
2224 1278 2355 1333 Gen.
2448 1317 2460 1329 .
2509 1275 2576 1329 ⁷2

635 1363 800 1418 Laus.
834 1379 886 1432 p.
925 1359 1043 1429 148,
1067 1310 1294 1414 ffiauov.
1330 1375 1383 1427 p.
1416 1355 1539 1437 166,
1588 1354 1800 1435 Obouet
1833 1369 1888 1421 p.
1925 1350 2018 1414 96,
2067 1351 2246 1429 Amet.
2282 1363 2335 1416 p.
2370 1295 2457 1411 ὅ,
2497 1319 2594 1399 sed

638 1432 840 1502 passim
875 1435 1199 1483 truncatam.
1274 1428 1463 1478 Versio
1499 1425 1710 1492 anglica
1732 1422 1802 1557 {L
1844 1419 1943 1473 102
1978 1419 2345 1472 authentlcum
2380 1421 2594 1469 textum

1458 1492 1730 1562 exprimit.

635 1688 901 1755 Eximio
945 1683 1217 1751 Domini
1258 1681 1470 1747 nostri
1512 1680 1668 1745 Iesu
1704 1676 1958 1745 Christi
2002 1695 2191 1741 servo
2233 1675 2434 1740 Petro
2468 1670 2590 1736 Vi-

637 1784 779 1841 rete
801 1769 1295 1839 Lausannensis
1322 1771 1370 1837 Ι)
1415 1766 1722 1866 ecclesiae
1766 1764 2010 1846 pastori
2052 1761 2241 1827 fratri
2282 1768 2348 1825 et
2382 1758 2590 1823 amico

1377 1871 1835 1918 sincerissimo.

809 1993 881 2060 S.
919 1993 1244 2059 Zerkintes
1269 1991 1376 2055 hic
1406 1991 1547 2053 fuit.
1570 1991 1628 2060 ²)
1693 1987 2052 2069 Postquam
2096 1984 2354 2048 morbos
2389 2001 2590 2063 expo·

638 2082 761 2161 sui,
784 2082 842 2157 ⁸)
887 2078 1249 2144 remedium
1293 2076 1487 2140 simul
1542 2072 1704 2137 illud
1762 2072 2062 2156 suggessi
2119 2069 2199 2134 de
2243 2089 2371 2151 quo
2414 2068 2591 2131 inter

638 2188 758 2234 nos
802 2165 1055 2248 loquuti
1110 2182 1388 2228 eramus.
1479 2157 1824 2224 Probabat.
1916 2154 2050 2222 Sed
2094 2163 2285 2238 putat
2323 2151 2590 2217 difficile

639 2274 782 2319 esse
844 2252 1218 2335 impetratu.
1321 2244 1399 2311 Si
1460 2261 1676 2309 tamen
1748 2246 1817 2307 in
1876 2253 2168 2324 tempore
2223 2240 2511 2305 Bernam
2530 2239 2587 2316 ⁴)

637 2339 926 2415 venerit,
976 2334 1338 2419 periculum
1394 2333 1603 2397 faciet.
1707 2330 1987 2393 Fatetur
2043 2327 2221 2392 enim
2277 2326 2345 2389 in
2403 2333 2590 2388 tanta

639 2423 1027 2490 necessitate
1071 2420 1294 2485 omnia
1336 2439 1478 2482 esse
1512 2415 1844 2480 tentanda.
1915 2415 2060 2497 Ego
2097 2421 2318 2477 autem
2354 2429 2591 2475 vereor

636 2532 722 2575 ne
782 2508 964 2592 prius
1035 2506 1415 2579 mittantur,
1483 2503 1592 2584 qui
1667 2521 1784 2566 suo
1851 2521 2033 2564 more
2099 2508 2244 2580 post
2309 2495 2588 2560 multam

636 2596 1142 2660 ostentationem
1201 2589 1368 2653 nihil
1427 2599 1646 2671 agant.
1736 2586 1843 2651 Ita
1901 2608 2004 2649 res
2064 2585 2174 2647 diu
2222 2581 2590 2646 desiderata

635 2681 833 2745 nimis
891 2679 1019 2744 cito
1076 2675 1355 2742 dabitur.
1380 2680 1438 2746 ὁ)
1542 2674 1795 2736 Verum
1869 2672 1992 2737 hoc
2051 2681 2126 2733 ut
2182 2668 2313 2734 alia
2367 2667 2591 2731 omnia

635 2766 965 2831 Dominus
1013 2761 1261 2826 viderit,
1355 2759 1458 2823 De
1513 2758 1740 2842 caligis
1784 2756 2081 2822 dissectis
2103 2759 2160 2837 θ)
2218 2755 2346 2819 fuit
2403 2752 2590 2816 nobis

635 2852 743 2917 hic
801 2871 1011 2933 nuper
1068 2846 1313 2929 aliquid
1377 2845 1706 2927 negotioli.
1795 2843 1928 2908 Hic
1991 2853 2134 2906 erat
2190 2846 2584 2923 praetextus.

635 2936 771 3003 Sed
807 2938 938 3000 iam
976 2953 1317 3015 erumpere
1352 2938 1701 3012 coeperant
1741 2931 1812 2993 in
1846 2929 2200 2992 maximam
2236 2925 2587 2991 licentiam.

635 3022 862 3105 Quum
908 3019 1172 3084 ducenti
1211 3037 1434 3081 eorum
1491 3024 1726 3100 rogatu
1780 3015 1992 3079 vocati
2056 3022 2303 3091 essent,
2360 3029 2590 3074 omnes

635 3109 992 3174 adfuimus:
1061 3126 1182 3188 ego
1225 3103 1586 3170 orationem
1632 3101 1829 3165 habui
1876 3121 2041 3184 quae
2084 3099 2215 3164 illis
2254 3101 2590 3161 momento

637 3193 916 3260 extorsit
991 3190 1163 3274 quod
1240 3200 1423 3255 certa
1486 3209 1604 3270 spe
1681 3186 2177 3252 devoraverant.
2286 3181 2590 3248 Disserui

636 3281 814 3345 enim
869 3278 950 3343 de
1009 3276 1309 3341 omnibus
1364 3271 1749 3355 corruptelis
1805 3273 1876 3336 in
1934 3292 2206 3355 genere,
2260 3268 2591 3351 praefatus

637 3387 743 3430 me
795 3363 963 3429 nihil
1017 3361 1263 3426 morari
1317 3358 1466 3424 illas
1519 3379 1747 3442 nugas.
1773 3362 1829 3441 ⁷)
1930 3358 2106 3437 Quia
2165 3375 2299 3419 nou
2346 3352 2592 3418 audent

632 3451 856 3534 palam
890 3448 1243 3527 clamitare,
1287 3446 1576 3510 fremunt
1607 3464 1682 3510 ac
1704 3442 2018 3508 frendunt
2040 3439 2365 3506 dentibus.
2440 3438 2592 3504 Uno

672 3705 807 3759 918.
844 3702 902 3765 1)
941 3702 1254 3771 Scripserat
1282 3703 1548 3769 primum:
1590 3699 1856 3753 Guilelmo
1893 3699 2107 3752 Farello
2142 3697 2544 3752 Neocomensis.

841 3770 904 3839 2)
939 3770 1085 3826 Ede.
1125 3771 1313 3839 Nuper
1347 3770 1434 3822 hic
1471 3770 1571 3821 suit
1590 3767 1742 3822 N.—
1777 3768 1907 3823 Nic.
1927 3767 2248 3824 Zurkinden
2283 3767 2590 3835 praefectus

645 3840 1048 3907 Neodunensis‚
1078 3847 1271 3907 postea
1307 3841 1825 3906 arclu'yrammateus
1861 3837 2177 3889 Beruenses.

845 3909 901 3978 3)
940 3908 1089 3962 Ede.
1136 3908 1396 3976 expressi.
1459 3935 1516 3944 —
1578 3906 1855 3960 Caeterum
1907 3906 2040 3958 haec
2090 3905 2374 3959 obscurius
2424 3903 2587 3959 dicta.

639 3977 822 4100 guum
859 3980 924 4030 de
957 3994 1063 4046 quo
1099 3979 1282 4030 morbo
1318 3977 1464 4029 dicat
1500 3975 1830 4040 nesciamus,
1877 3990 2046 4043 neque
2099 3975 2235 4043 quid
2279 3972 2510 4026 remedii
2552 3988 2589 4026 a

695 4047 1013 4100 mensibus
1047 4045 1439 4113 suppeditandi
1472 4043 1796 4111 exspectarit
1831 4044 2186 4112 assequimur.

844 4112 904 4180 4)
943 4116 1180 4167 Beruam
1217 4130 1316 4165 om.
1362 4112 1508 4165 Edd.

845 4181 905 4247 5)
945 4185 1193 4236 elabetur
1231 4181 1377 4234 Edd.
1417 4180 1528 4232 will
1564 4181 1632 4233 be
1666 4179 1897 4249 granted
1931 4184 2024 4232 too
2058 4179 2169 4232 late
2207 4181 2306 4242 (?).

845 4252 904 4317 6)
943 4252 1100 4305 Haec
1130 4251 1407 4305 illustrari
1443 4254 1675 4316 possunt
1703 4263 1770 4300 ex
1803 4249 2203 4302 commentariis
2241 4246 2478 4302 Senatus
2515 4247 2590 4302 ad

638 4320 724 4374 25.
779 4321 948 4387 Mai,
1000 4322 1096 4374 ubi
1145 4321 1332 4382 ayitur
1377 4319 1443 4371 de
1488 4318 1740 4370 chausses
1787 4316 2107 4385 chappelees
2154 4322 2210 4369 et
2254 4317 2590 4372 affenestees.

657 4391 775 4444 Voc.
797 4389 1050 4457 chapeler
1068 4386 1251 4442 Littre'
1283 4387 1676 4454 interpretatur
1694 4384 1888 4448 tailler,
1923 4400 2124 4453 couper
2154 4402 2254 4454 par
2284 4402 2589 4439 morceaux.

639 4458 716 4513 In
760 4460 996 4512 comitiis
1040 4459 1128 4510 Aa
1208 4459 1380 4510 status
1425 4472 1475 4508 a.
1533 4452 1669 4507 1530
1716 4452 2115 4521 promulqatum
2168 4454 2280 4519 fuit
2331 4455 2590 4509 edictum.-

642 4527 907 4596 Orduung
954 4525 1065 4579 vud
1164 4525 1481 4578 eformation
1530 4529 1691 4591 guter
1734 4522 1953 4590 Polizey
2002 4522 2075 4575 im
2121 4521 2175 4579 h.
2219 4526 2352 4577 rom.
2403 4523 2590 4589 Reich‚

638 4596 737 4649 ubi
769 4597 912 4649 inter
946 4596 1061 4649 alia
1107 4594 1372 4647 decretum
1418 4593 1527 4655 fuit
1573 4592 1697 4644 dass
1745 4591 1834 4644 die
1868 4591 2149 4659 gemeineu
2185 4592 2396 4661 Burger
2431 4594 2590 4647 keiue

676 4665 972 4733 estickteu,
1034 4663 1468 4717 zerschuitteueu
1532 4661 1664 4714 oder
1716 4660 2063 4712 verbramten
2119 4661 2330 4714 kleider
2381 4671 2588 4731 tragen.

637 4682 839 4787 &urici
871 4750 923 4785 a.
961 4730 1097 4785 1532
1131 4732 1398 4785 decretum
1435 4734 1541 4782 est.-
1600 4745 1659 4782 es
1694 4729 1796 4781 soll
1842 4729 2092 4782 uiemand
2139 4729 2264 4783 keiu
2301 4730 2590 4784 zerhoweu

638 4802 806 4855 hosen
855 4801 1094 4855 macheu.
1168 4800 1285 4853 Ioh.
1336 4798 1637 4865 Stampfias
1690 4798 1751 4850 in
1815 4796 2080 4851 Chronico
2132 4799 2210 4852 ad
2253 4816 2305 4852 a.
2351 4797 2491 4852 1548
2524 4799 2592 4853 de

637 4886 784 4925 more
817 4885 853 4923 a
889 4871 1150 4923 militibus
1193 4885 1259 4921 ex
1306 4866 1504 4921 alienis
1539 4868 1701 4919 terris
1734 4868 1798 4919 in
1832 4865 2132 4920 Helvetium
2164 4876 2473 4937 propagato
2506 4868 2590 4922 ds·-

639 4954 765 4993 cens
810 4942 955 4993 inter
999 4939 1113 4991 alia
1158 4942 1318 4991 etiam
1365 4941 1538 4990 vestes
1581 4934 1845 4988 discissae
1891 4940 2141 4989 recenset.
2213 4936 2391 4989 Andr.
2432 4936 2589 4990 Mus·

635 5009 807 5073 culus,
843 5008 979 5060 Vom
1015 5006 1332 5058 zuluderten
1379 5004 1540 5057 zucht
1576 5004 1686 5057 und
1721 5003 1822 5056 ehr
1856 5020 2175 5072 erwegeueu
2249 5004 2591 5059 ludericbteu

636 5075 1008 5130 hoseuteuffcl.
1084 5074 1185 5127 Fr.
1234 5090 1286 5127 a.
1339 5073 1402 5128 0.
1447 5069 1595 5125 1556.
1674 5071 1756 5138 Cf.
1799 5070 2045 5140 Spieker‚
2097 5075 2188 5126 An
2229 5113 2239 5125 .
2282 5073 2590 5143 Masculus,

637 5143 791 5209 1858,
823 5161 880 5211 p.
919 5141 1031 5196 165.
1117 5141 1305 5208 Weiss,
1343 5141 1762 5195 Kostilmkande
1796 5139 1867 5193 ΙΙ.
1905 5139 2022 5194 605.
2057 5139 2179 5196 639.

845 5209 902 5279 7)
939 5212 1096 5265 Haec
1152 5211 1323 5265 obiter
1377 5218 1590 5265 tantam
1638 5212 1987 5276 attinquntar
2036 5211 2097 5263 in
2150 5213 2290 5266 actis
2331 5211 2585 5280 publicis.

638 5279 947 5335 latera-'eta
997 5285 1126 5334 sant
1207 5296 1312 5333 uae
1359 5279 1693 5334 vocabantur
1728 5279 1980 5333 chausses
2017 5280 2326 5351 chapelees,
2372 5286 2590 5336 coutra-

633 5348 847 5404 dicente
883 5348 1116 5403 Petrina
1152 5351 1176 5414 (
1240 5354 1373 5419 ορατ,
1411 5348 1497 5403 11.
1533 5346 1682 5415 275).

2197 437 2724 508 EPISTOLAE
2768 442 3110 505 913—914

4494 444 4594 507 532

2693 636 2916 694 tamen
2951 626 3398 711 experimento
3433 624 3819 704 didicerunt,
3856 623 4029 708 quod
4063 648 4194 692 non
4232 635 4603 712 putaverant,

2692 714 3009 797 populum
3050 732 3196 779 esse
3229 719 3546 778 nostrum.
3633 710 3881 779 ansar
3920 712 4288 797 tragicus&
4332 713 4606 798 postridie

2693 801 2822 865 iter
2856 801 3150 883 arripuit,
3194 820 3280 863 ne
3313 817 3591 882 pompae
3625 798 4001 868 interesset,
4045 818 4242 882 quam
4272 810 4608 884 ⁸conventus

2696 884 2807 950 ille
2848 885 3170 951 ludicram
3229 891 3297 950 et
3347 883 3668 967 puerilem
3725 881 4042 962 reddidit,
4105 906 4305 969 quum
4349 895 4612 968 speraret

2695 972 2835 1037 fore
2886 971 3147 1055 imperii
3203 969 3546 1036 cuiusdam
3599 969 3859 1054 pignus.
3949 969 4121 1036 Cum
4166 970 4511 1037 Romonello
4554 973 4611 1037 in

2697 1057 2979 1141 gratiam
3022 1057 3324 1137 redierat,
3367 1064 3445 1121 ut
3478 1054 3659 1121 nullo
3693 1056 4124 1123 intercessore
4168 1067 4373 1123 totam
4414 1058 4614 1124 urbem

2697 1152 3087 1210 concuteret.
3113 1145 3168 1221 ⁹)
3232 1143 3370 1208 Nos
3414 1150 3635 1208 autem
3660 1143 3743 1223 ¹⁰)
3784 1141 3884 1206 illi
3930 1164 4010 1208 ex
4050 1145 4383 1227 insperato
4423 1144 4617 1209 omnia

2699 1251 2820 1295 sua
2864 1229 3136 1295 consilia
3172 1228 3613 1295 discussimus.
3680 1227 3788 1292 Ita
3811 1228 3995 1294 Deus
4035 1228 4206 1294 ludit
4246 1230 4407 1296 istos
4439 1230 4619 1295 Thra·

2697 1336 2906 1382 sones.
2971 1313 3161 1394 Vale,
3205 1315 3408 1380 frater
3450 1325 3518 1379 et
3561 1314 3768 1380 amice
3809 1314 4254 1399 integerrime.
4323 1315 4618 1381 Dominus

2696 1402 2817 1468 tibi
2859 1401 3032 1467 adsit
3074 1409 3406 1484 perpetuo,
3449 1409 3517 1465 et
3550 1400 3794 1465 sanctis
3838 1400 3973 1466 tuis
4016 1399 4350 1468 laboribus
4392 1400 4621 1467 benedi-

2696 1495 2819 1553 cat.
2908 1486 3189 1571 Reliqua
3229 1484 3452 1551 audies
3496 1506 3578 1549 ex
3627 1484 3880 1550 Ribiao.
3908 1488 3996 1562 ¹¹)
4084 1484 4320 1553 Saluta
4375 1506 4620 1553 uxorem

2695 1583 2878 1639 tuam
2921 1594 3066 1638 meo
3106 1582 3173 1637 et
3216 1592 3402 1638 meae
3425 1574 3507 1646 12)
3552 1573 3833 1636 nomine.
3925 1570 4274 1652 Genevae,
4337 1577 4437 1638 28.
4482 1571 4621 1638 Maii

3614 1742 3897 1809 Ioannes
3941 1742 4264 1811 Calvinus
4304 1753 4482 1811 tuus.

3594 2154 3741 2224 914.

2737 2294 3180 2446 ΜΕέαοΙΒΕ
3227 2308 3410 2374 Dus
3455 2307 3963 2376 munerans
4008 2311 4136 2376 DE
4184 2295 4586 2376 GENEVE.

2871 2480 3091 2546 Contre
3132 2481 3221 2546 les
3275 2482 3647 2581 infractions
3707 2481 3756 2581 a·
3802 2481 3867 2546 la
3908 2481 4239 2582 discipline
4280 2482 4634 2549 ecclesiasti-

2691 2588 2971 2718 geaeCJZce
3008 2587 3074 2631 se
3104 2572 3536 2649 per-medatem
3568 2571 3834 2632 cercams
3865 2573 4184 2633 mtmstres
4226 2568 4314 2634 da
4356 2568 4636 2651 bailliaye

2695 2823 2887 2946 gOopie
2925 2823 3279 2905 authentique
3315 2840 3444 2878 avec
3487 2825 3793 2905 signatures
3838 2825 4201 2907 autographes
4236 2844 4344 2879 aux
4383 2826 4638 2880 Archiven

2734 2909 2764 2946 e
2816 2894 2870 2945 la
2923 2893 3224 2946 Venerable
3279 2891 3647 3032 (lompagznfzi5
3681 2893 3845 3031 gite..)
3883 2899 3945 2947 A.
3999 2897 4214 2949 Auuees
4264 2892 4637 2956 iste—1563,

2694 3151 3015 3216 Memoire
3058 3172 3222 3234 pour
3264 3150 3360 3215 les
3404 3152 3607 3217 freres
3644 3173 3814 3236 quon
3851 3173 4148 3253 envoyra
4181 3176 4267 3219 au
4302 3156 4638 3239 chappitre

2866 3236 3078 3318 lequel
3138 3257 3209 3302 se
3268 3234 3403 3302 doit
3455 3237 3617 3302 seire
3671 3259 3756 3303 au
3810 3238 4149 3322 chappltre
4206 3238 4288 3306 de
4333 3239 4490 3308 Gex
4534 3262 4641 3324 par

2866 3321 2961 3387 les
3025 3323 3627 3388 commandements
3685 3324 3766 3389 de
3823 3325 4180 3390 Messieurs
4236 3324 4319 3391 de
4379 3327 4639 3392 Geneve

2860 3407 2927 3472 le
2968 3408 3142 3473 ieudi
3191 3413 3257 3472 9ο
3299 3410 3441 3474 iour
3480 3408 3545 3475 le
3586 3411 3787 3494 iuing.
3818 3412 3869 3494 ¹)

2866 3545 3296 3611 Remonstrer
3345 3568 3470 3630 que
3524 3567 3597 3612 ce
3652 3555 3799 3612 nest
3861 3567 3978 3631 pas
4043 3570 4199 3616 sans
4262 3569 4465 3618 cause
4529 3570 4640 3635 que

2694 3653 2861 3697 nous
2903 3632 3219 3696 envoions
3261 3630 3328 3697 la
3377 3653 3542 3716 pour
3599 3632 3893 3699 advertir
3947 3634 4141 3700 ceulx
4184 3638 4296 3720 qui
4341 3648 4497 3703 sont
4540 3636 4639 3702 de·

2692 3725 2887 3802 putez
2932 3737 3050 3800 par
3091 3716 3359 3782 Messrs.
3406 3717 3488 3783 de
3531 3719 3803 3785 Geneve
3840 3726 3961 3785 etc.

2865 3803 3391 3869 Premierement
3446 3802 3721 3870 dautant
3777 3827 3904 3890 que
3958 3827 4123 3873 nous
4168 3827 4462 3873 sommes
4504 3818 4639 3873 tous

2693 3889 3022 3955 membres
3064 3887 3238 3954 dune
3282 3909 3528 3956 mesme
3583 3890 3784 3975 eglise
3844 3891 3924 3956 de
3968 3892 4141 3958 Dieu
4185 3914 4356 3959 nous
4403 3892 4639 3959 devons

2691 3976 2876 4042 avoir
2909 3975 3452 4042 communication
3498 3976 3845 4043 ensemble.

2861 4060 3033 4126 Item
3077 4082 3202 4143 que
3243 4062 3307 4127 le
3349 4062 3684 4147 voisinage
3736 4069 3922 4145 porte
3977 4061 4119 4130 cela
4161 4064 4301 4146 quil
4348 4088 4445 4151 ny
4493 4072 4639 4148 peut

2771 4387 2783 4399 ⁶
2897 4316 2959 4381 8)
2996 4317 3127 4440 ,15⁸⁶
3174 4316 3472 4399 Per-rippas,
3516 4332 3668 4399 quem
3716 4318 3852 4373 alibi
3896 4320 4118 4400 saepias
4163 4322 4431 4375 comicum
4476 4326 4637 4377 vocat.

2696 4387 2967 4467 Heca-qo
3091 4384 3174 4440 26.
3214 4384 3368 4468 Man·
3404 4386 3656 4439 Parnasos
3688 4386 3838 4441 abent.
3923 4386 4057 4441 Vnde
4105 4404 4187 4457 ep.
4220 4390 4637 4457 praecedente-⁸.

2698 4455 2973 4509 Mater-em
3035 4454 3203 4510 lucem
3265 4455 3394 4509 hanc
3455 4454 3569 4509 loco
3636 4456 3865 4526 aliisque
3927 4455 3994 4510 de
4055 4457 4291 4512 Peru-ino
4360 4459 4637 4529 aquatus

2694 4525 3339 4657 neeesse
3366 4522 3571 4648 sae.
3586 4522 4201 4664 ...arm
4221 4594 4360 4664 ....
4378 4596 4496 4651 ...-
4524 4594 4637 4649 ....

2869 4728 2956 4794 10)
2992 4736 3171 4783 autem
3206 4744 3307 4783 om.
3341 4727 3461 4783 edd.

2868 4798 2960 4931 {33
2996 4797 3361 4920 ffirgoehaoe'g
3379 4812 3568 4921 peadaica
3603 4798 3767 4853 verba
3800 4802 4102 4867 suppressit
4137 4799 4206 4853 B.

2726 4936 2962 5002 9141)
3016 4907 4018 5004 amatunam-ma.
4075 4935 4375 5004 Boo-„aet

2692 5004 2905 5059 u’avao't
2934 5004 3057 5059 rien
3090 5006 3129 5059 a
3159 5021 3200 5074 y
3232 5004 3368 5059 coir.
3444 5002 3756 5071 Oepeudant
3776 5003 3826 5057 le
3856 5006 4147 5074 musiacas
4170 5006 4453 5061 mediat
4487 5006 4554 5061 de
4582 5020 4635 5061 σε

2694 5074 2948 5142 baiuiaqe
3005 5079 3057 5127 et
3100 5079 3314 5128 martana
3374 5072 3431 5127 la
3577 5087 3730 5129 mee
3776 5072 3843 5126 de
3895 5072 4174 5141 passima
4217 5076 4503 5130 minium
4544 5090 4633 5146 qu·

2693 5141 3393 5211 avaientdaquo'ttoelet
3574 5139 4633 5214 ‘edeam-‘aeonauiteetqu

2697 5210 2882 5265 Ber-ne
2914 5210 3071 5265 avait
3114 5209 3414 5277 ame-vie,
3458 5226 3658 5265 comme
3696 5208 4092 5279 OEampmaa,
4135 5212 4204 5267 de
4235 5213 4293 5267 la
4330 5212 4498 5268 Mare
4526 5218 4630 5276 de„

2693 5282 3057 5403 arm}
3080 5278 3395 5403 ’ΨΜ
3218 5277 3726 5416 ...exsuffla
3740 5278 4302 5406 mmm
4320 5287 4628 5405 rw*
