4825 6175
593 437 721 503 855

642 623 873 689 1161616
909 622 1284 699 volontiers,
1329 623 1385 687 si
1421 641 1590 688 vous
1625 642 1708 687 en
1745 624 1929 688 aviez
1964 642 2236 707 marque
2270 642 2404 687 une
2441 642 2562 705 par

591 643 747 775 {ela
787 709 897 791 qni
954 728 1121 773 vous
1175 709 1426 773 sembla
1478 725 1719 791 propre
1777 727 1948 791 pour
2004 708 2152 794 luy,
2208 709 2349 791 quil
2392 729 2560 775 vous

595 794 816 879 pleust
858 793 920 859 16
963 814 1069 858 166
1111 793 1423 877 signifier.
1514 794 1588 858 Ie
1631 815 1715 859 66
1759 815 1865 858 166
1910 795 2047 860 6616
2089 794 2292 860 voulu
2336 794 2559 861 adres-

596 900 708 947 ser
749 887 792 945 a
835 879 1047 946 aultre
1088 900 1219 962 qua
1263 900 1459 957 vous,
1516 899 1759 962 pource
1820 900 1946 963 que
2001 888 2150 946 tous
2213 888 2380 948 nont
2439 901 2559 963 pas

598 966 665 1032 la
707 964 1037 1048 prudence
1072 965 1186 1049 qui
1229 977 1329 1030 est
1378 966 1485 1049 icy
1523 966 1794 1048 requise.
1882 965 2070 1031 Vous
2107 988 2212 1032 me
2255 966 2558 1049 pourriez

598 1051 893 1135 alleguer
936 1069 1063 1132 que
1126 1051 1194 1135 iy
1250 1071 1333 1116 66
1393 1053 1712 1135 congnois
1763 1072 1930 1135 pour
1984 1051 2045 1116 le
2100 1052 2316 1116 moins
2374 1052 2560 1135 quel-

595 1157 724 1221 que
747 1157 908 1202 une:
951 1134 1121 1200 mais
1163 1136 1227 1201 ie
1261 1157 1491 1202 nosero
1539 1157 1576 1202 e
1618 1156 1861 1202 sonner
1902 1146 2057 1214 mot,
2100 1136 2343 1203 devant
2384 1160 2557 1221 quen

594 1222 783 1288 avoir
824 1230 1050 1287 vostre
1089 1223 1443 1307 ingement,
1513 1222 1703 1305 equel
1745 1243 1915 1289 vous
1957 1244 2234 1307 pourrez
2278 1222 2557 1289 mander

596 1329 683 1375 en
726 1329 818 1372 116
877 1317 1047 1384 1661,
1102 1328 1215 1373 661
1256 1307 1319 1372 16
1362 1305 1668 1393 tiendray
1716 1317 1933 1374 vostre
1969 1309 2212 1375 silence
2255 1331 2424 1393 pour
2464 1332 2557 1375 un

594 1414 720 1459 non
757 1394 979 1474 placet.
999 1395 1058 1471 ⁴)
1168 1393 1243 1458 Ie
1288 1414 1420 1477 665Γ
1461 1394 1647 1475 point
1699 1394 1859 1460 faict
1916 1394 2231 1461 difficulte
2297 1395 2378 1461 de
2422 1417 2558 1460 ma·

594 1478 856 1545 dresser
899 1500 939 1544 a
981 1500 1142 1544 vous
1185 1477 1558 1561 privement
1601 1500 1685 1544 en
1729 1500 1915 1566 cecy,
1968 1482 2264 1548 combien
2310 1503 2439 1564 que
2480 1502 2554 1547 ce

596 1565 723 1631 soit
757 1565 1029 1629 matiere
1065 1564 1502 1647 scrupuleuse‚
1548 1585 1660 1629 car
1695 1566 1757 1631 la
1790 1566 2109 1632 necessite
2143 1587 2550 1644 mexcusera,

595 1671 831 1716 encore
866 1670 991 1731 que
1012 1650 1073 1714 ie
1108 1648 1321 1715 feusse
1354 1650 1708 1732 importun‚
1755 1672 1921 1734 pour
1960 1672 2034 1717 ce
2069 1652 2207 1735 quil
2240 1674 2334 1737 ny
2372 1654 2552 1717 avoit

597 1735 718 1800 nul
764 1734 976 1800 aultre
1019 1736 1254 1817 auquel
1308 1735 1355 1800 il
1410 1756 1517 1800 me
1575 1737 1890 1802 semblast
1944 1738 2078 1804 bon
2136 1738 2217 1803 de
2259 1759 2367 1803 me
2410 1740 2550 1818 fier,

598 1830 667 1886 et
708 1821 770 1885 ie
816 1841 973 1904 scay
1016 1820 1167 1886 bien
1211 1842 1337 1904 que
1381 1820 1461 1886 de
1504 1829 1731 1887 vostre
1790 1830 1969 1889 coste
2012 1824 2329 1890 scachant
2371 1844 2550 1890 com-

596 1904 749 1971 bien
816 1906 877 1972 le
955 1907 1244 1992 mariage
1322 1905 1454 1971 dun
1520 1906 1613 1972 tel
1693 1908 1955 1973 homme
2018 1921 2316 1994 emporte
2380 1930 2553 1995 pour

593 1991 849 2076 lEglise
906 1989 986 2056 de
1029 1990 1234 2070 Dion,
1289 2014 1455 2059 vous
1499 2015 1590 2079 ny
1648 1990 1983 2059 vouldriez
2040 2015 2158 2078 pas
2216 2005 2390 2060 estre
2447 2015 2550 2062 es-

592 2098 862 2162 pargne.
932 2076 1245 2143 Combien
1282 2099 1407 2161 que
1454 2078 1515 2143 ie
1554 2099 1641 2143 ne
1675 2078 2010 2145 vonldrois
2050 2103 2170 2165 pas
2213 2102 2375 2147 vous
2412 2102 2549 2145 em-

592 2162 872 2248 pescher
915 2185 954 2227 a
997 2183 1309 2246 procurer
1340 2184 1509 2246 pour
1543 2164 1679 2249 luy,
1725 2185 1834 2230 666
1870 2165 2223 2245 advenam,
2269 2188 2395 2250 que
2429 2188 2546 2232 son

592 2251 769 2333 parti
813 2269 883 2313 se
926 2258 1231 2314 trouvast
1272 2249 1356 2314 16.
1444 2250 1621 2316 Μ616
1663 2259 1869 2333 611661
1912 2274 1952 2317 6
1997 2250 2351 2318 demandet
2390 2272 2546 2318 666-

588 2335 729 2414 6611,
773 2335 885 2419 iay
931 2355 1128 2417 pense
1170 2355 1296 2417 que
1330 2355 1498 2400 vous
1546 2355 1653 2400 me
1688 2336 2036 2403 donneriez
2071 2346 2246 2404 ceste
2288 2338 2544 2404 liberte.

760 2419 897 2486 Sur
930 2440 1022 2496 oe,
1058 2421 1547 2505 Monseigneur,
1585 2442 1776 2504 apres
1811 2430 2052 2488 mestre
2089 2424 2546 2489 recommande

587 2526 628 2570 a
669 2515 896 2571 vostre
953 2505 1169 2574 bonne
1230 2528 1423 2590 grace
1477 2506 1560 2571 de
1619 2506 1773 2573 telle
1826 2509 2130 2575 affection
2187 2531 2439 2576 comme
2482 2510 2545 2575 ie

585 2609 753 2657 vous
799 2612 1010 2676 aymo,
1055 2592 1115 2656 ie
1160 2591 1440 2678 supplye
1475 2599 1697 2660 nostre
1732 2593 1861 2658 bon
1883 2595 2058 2660 Dieu
2094 2594 2325 2662 davoir
2363 2604 2545 2661 tous-

587 2677 768 2742 iours
811 2676 873 2741 16
918 2677 1111 2761 soing
1167 2676 1249 2743 de
1294 2699 1488 2756 vous,
1549 2700 1631 2743 66
1688 2699 1854 2744 vous
1911 2680 2302 2747 conduisant
2354 2681 2543 2748 telle-

586 2770 773 2828 ment
813 2784 939 2845 que
987 2782 1147 2828 vous
1204 2763 1454 2828 serviez
1511 2762 1592 2829 de
1647 2764 1798 2846 plus
1852 2785 1937 2831 en
1989 2766 2140 2850 plus
2197 2788 2273 2833 sa
2315 2768 2541 2852 gleire.

586 2848 695 2914 De
739 2847 1054 2923 Genefve,
1100 2869 1172 2913 66
1216 2853 1277 2913 4.
1323 2847 1403 2913 (16
1446 2848 1758 2927 16111665)

672 2986 913 3052 Vostre
952 2984 1292 3064 serviteur,
1337 2983 1607 3050 humble
1648 2986 1818 3054 frere
1862 2996 1929 3055 et
1970 2987 2184 3056 entier
2226 3011 2402 3074 amy,

1939 3110 2151 3176 Iehan
2196 3110 2454 3179 Calvin.

1359 3419 1766 3430 Ἦ-

1485 3654 1641 3726 8⁰7.

1074 3806 1546 3878 OALVINUS
1589 3811 2056 3879 PARELLO.

765 3978 1015 4045 Narrat
1077 3979 1237 4062 quid
1299 3983 1567 4047 evenerit
1628 3983 1797 4047 circa
1858 3984 2241 4050 comoediam
2297 3986 2550 4067 pubuoe

671 4064 916 4163 endam,
961 4070 1018 4131 et
1065 4064 1175 4132 hoo
1215 4066 1355 4147 ipso
1396 4067 1501 4132 die
1540 4072 1757 4133 actam.
1850 4067 2246 4136 Commendat
2289 4071 2545 4138 Heliam

650 4169 1005 4216 emokum.

589 4337 776 4401 (Manu
811 4338 1017 4409 scripta
1062 4355 1171 4393 non
1217 4343 1414 4393 exstat.
1496 4340 1686 4394 Edidit
1719 4343 1866 4396 Beaa
1900 4342 2032 4398 Gen.
2113 4386 2125 4399 .
2162 4342 2245 4412 72,
2296 4346 2456 4402 Laus.
2493 4364 2546 4416 p.

590 4406 708 4473 140,
745 4407 957 4462 Hanov.
994 4425 1049 4478 p.
1088 4406 1220 4478 157,
1266 4408 1476 4463 Chouet
1510 4427 1563 4480 p.
1599 4408 1685 4475 95,
1722 4413 1895 4466 Amet.
1932 4431 1985 4484 p.
2161 4442 2226 4453 —
2262 4414 2547 4486 Anglicam

933 4477 1245 4532 versionem
1279 4479 1510 4547 praebet
1545 4478 1714 4533 editio
1750 4480 1948 4565 Edinb.
1985 4482 2059 4537 11.
2095 4482 2204 4548 47.)

763 4647 1013 4712 Parum
1056 4648 1265 4714 abfuit
1317 4649 1474 4733 quin
1518 4648 1658 4716 ludi
1702 4653 1914 4717 nostri
1957 4654 2134 4719 versi
2179 4654 2433 4721 fuerint
2473 4657 2546 4722 in

590 4732 1012 4815 tragoediam.
1045 4735 1094 4817 ¹)
1140 4734 1364 4815 Quum
1407 4756 1625 4802 meam
1669 4738 2069 4804 sententiam
2113 4750 2412 4826 rogasset
2445 4765 2547 4809 se-

586 4826 814 4895 natus,
873 4820 1117 4903 negavi
1177 4840 1283 4883 me
1341 4841 1814 4903 responsurum
1879 4825 2012 4890 nisi
2077 4826 2159 4893 de
2212 4831 2547 4895 communi

585 4902 872 4971 fratrum
914 4904 1202 4972 consilio.
1269 4905 1538 4972 Auditis
1570 4907 1906 4990 fratribus,
1950 4913 2261 4996 respondi
2302 4916 2548 4980 multas

797 5141 859 5210 4)
898 5142 981 5198 M.
1029 5143 1249 5199 Bonnct
1304 5148 1568 5202 entrevoic
1624 5149 1702 5203 ici
1732 5164 1841 5205 une
1883 5150 2123 5207 allusion
2158 5154 2197 5208 ἀ
2245 5168 2353 5209 une
2386 5169 2547 5210 som

589 5210 661 5268 de
698 5211 781 5266 Μ.
822 5213 890 5267 de
928 5212 1141 5282 Falco,
1176 5228 1235 5267 ee
1268 5216 1367 5285 qui
1397 5231 1538 5272 noas
1569 5218 1764 5286 paruit
1795 5220 1909 5286 fort
1944 5219 2200 5276 douteuae.

796 5280 858 5343 5)
895 5282 990 5335 Aa
1024 5281 1150 5336 dos:
1183 5284 1365 5338 Reoeu
1398 5286 1452 5340 le
1486 5284 1571 5340 22.
1599 5287 1778 5357 juliet.

610 5348 757 5405 80⁷.
796 5349 856 5420 1)
890 5350 968 5406 N.
1004 5349 1124 5421 800,
1155 5358 1265 5409 not.
1300 5351 1352 5409 2.
1416 5354 1499 5422 Of.
1543 5354 1734 5427 Roqet,
1766 5356 1890 5413 hist.
1927 5354 1996 5413 de
2033 5357 2245 5415 Geneve
2277 5357 2345 5413 11.
2380 5357 2502 5415 238.

2131 429 2659 500 EPISTOLAE
2703 435 3045 499 806-808

4490 432 4579 497 356

2661 621 2743 687 61)
2788 641 3021 686 666666
3075 619 3262 685 nobis
3305 640 3437 684 666
3487 616 3693 683 videri
3747 617 4055 702 expedire
4112 623 4192 682 ut
4242 624 4582 701 agerentur,

2661 714 2727 772 et
2762 706 2957 772 simul
2994 726 3227 773 causas
3258 705 3560 787 exposui:
3598 725 3719 770 nos
3755 713 3974 769 tamen
3998 702 4175 768 nolle
4197 701 4581 782 contendere,

2662 793 2717 857 si
2760 801 3027 857 senatus
3071 788 3512 855 contenderet.
3533 792 3593 865 ²)
3661 787 3886 871 Quum
3929 791 4212 855 instaret
4254 787 4413 866 dies,
4459 788 4584 867 N.⁸)

2660 897 2780 960 pro
2825 879 3132 944 concione
3176 877 3415 941 iterum
3457 877 3760 942 invectus
3816 886 3919 942 est
3975 876 4046 940 in
4090 883 4341 941 actores
4386 876 4585 956 (semel

2660 964 2837 1028 66161
2878 963 2947 1028 id
2991 962 3261 1045 fecerat)
3306 983 3540 1027 verum
3594 961 3719 1027 hac
3772 960 4058 1029 secunda
4101 960 4435 1026 invectiva
4477 971 4586 1026 tam

2659 1047 2788 1114 fuit
2822 1050 3206 1124 vehomenS‚
3265 1057 3343 1112 ut
3383 1049 3682 1131 protinus
3725 1068 4080 1115 concursus
4123 1044 4206 1110 ad
4247 1067 4357 1111 me
4400 1046 4587 1113 factus

2658 1135 2874 1216 fuerit,
2915 1135 3141 1219 magni
3186 1133 3520 1211 clamores,
3565 1133 3804 1213 minae,
3849 1144 3918 1199 et
3958 1130 4117 1216 quid
4151 1130 4335 1198 non?
4419 1130 4587 1212 Quod

2659 1221 2784 1286 nisi
2832 1220 3302 1308 “intemperiem
3355 1218 3769 1302 quorundam
3834 1219 4130 1305 graviter
4184 1221 4590 1301 compescuis-

2658 1327 2828 1382 sem,
2887 1328 3090 1371 manu
3148 1308 3507 1390 pugnaturi
3566 1315 3772 1370 erant.
3864 1305 4156 1371 conatus
4208 1324 4355 1368 sum
4397 1305 4472 1369 in
4507 1326 4588 1370 se-

2657 1392 2873 1458 cunda
2916 1393 3226 1458 concione
3269 1391 3522 1457 mollire
3574 1392 3779 1457 iratos
3823 1392 4077 1457 animos
4094 1442 4108 1468 ,
4166 1389 4592 1457 moderatione

2656 1477 2979 1544 adhibita:
3051 1498 3206 1542 nam
3263 1475 3751 1560 imprudentem
3812 1476 4014 1543 fuisse
4071 1476 4447 1542 indicabam
4499 1477 4592 1560 661

2656 1574 2844 1629 extra
2887 1573 3145 1647 tempus
3197 1563 3310 1627 tali
3357 1562 3827 1629 declamatione
3874 1583 4038 1628 usus
4081 1563 4266 1628 foret.
4356 1562 4593 1627 Verum

2655 1651 2867 1735 magis
2911 1649 3297 1732 displicebat
3340 1670 3663 1726 excessus,
3709 1648 3893 1714 nullo
3929 1650 4105 1714 enim
4142 1647 4335 1714 modo
4378 1668 4594 1731 appro-

2653 1734 2808 1801 bare
2851 1749 3144 1818 poteram
3204 1733 3379 1817 quod
3432 1731 3727 1800 dixerat..
3794 1733 3920 1800 Ille
3976 1755 4210 1799 verum
4265 1754 4412 1799 6666
4469 1744 4594 1799 tue-

2654 1821 2864 1899 batur,
2910 1842 3032 1904 ego
3076 1829 3456 1886 constanter
3500 1820 3840 1901 negabam.
3909 1821 4129 1887 Erant
4170 1841 4254 1885 ex
4292 1818 4596 1885 fratribus

2652 1907 2765 1990 qui
2801 1907 3089 1973 hominis
3124 1906 3631 1972 obstinationem
3665 1904 3991 1972 fovebant.
4052 1905 4335 1972 Girciter
4368 1926 4598 1971 nonam

2651 1994 3094 2075 vespertinam
3139 1991 3301 2055 mihi
3343 1993 3801 2057 renunciatum
3861 2004 3963 2058 est
4014 2002 4277 2058 centum
4323 2001 4445 2056 ant
4486 1993 4597 2059 cir-

2651 2078 2815 2145 citer
2869 2077 3187 2162 postridie
3245 2087 3683 2144 conventuros
3737 2078 3811 2143 in
3869 2079 4138 2145 curiam.
4248 2077 4598 2161 Extemplo

2650 2164 2886 2230 fratres
2953 2165 3212 2229 vocavi:
3281 2162 3692 2229 decrevimus
3756 2164 4049 2229 eundum
4112 2186 4255 2230 esse
4312 2185 4467 2231 cum
4526 2163 4597 2229 N.

2649 2248 2791 2314 Vix
2833 2250 2929 2314 illi
2973 2248 3099 2315 fuit
3140 2250 3529 2332 permissum
3576 2258 3652 2314 ut
3696 2271 3951 2316 mecum
3996 2249 4454 2335 egrederetur:
4499 2250 4599 2314 de-

2650 2335 2816 2402 duco
2850 2335 3058 2414 illum,
3105 2335 3266 2400 alios
3322 2336 3564 2402 accersi
3610 2336 3862 2402 interea
3895 2335 4105 2402 iubeo.
4170 2338 4602 2404 Accusatores

2649 2430 2939 2487 renuunt
2980 2422 3168 2487 nobis
3213 2421 3666 2504 praesentibus
3710 2442 3780 2487 se
3823 2422 4098 2487 verbum
4133 2423 4444 2500 facturos,
4490 2420 4602 2486 sibi

2650 2509 2826 2573 enim
2860 2508 3027 2572 nihil
3066 2529 3207 2573 esse
3242 2527 3498 2573 mecum
3537 2509 3802 2592 negotii,
3845 2509 3974 2573 nisi
4009 2507 4182 2592 quod
4227 2522 4605 2574 reverenter

2649 2592 2731 2658 de
2784 2614 2891 2658 mc
2944 2593 3297 2668 sentirent,
3369 2593 3644 2676 ideoque
3699 2592 3953 2660 nollent
4009 2611 4268 2660 mecum
4327 2594 4601 2679 litigare.

2648 2680 2794 2763 Ego
2841 2679 3079 2744 acriter
3122 2680 3352 2745 insisto
3397 2700 3813 2745 communem
3858 2700 4001 2745 esse
4045 2700 4339 2759 causam,
4402 2681 4604 2746 donec

2648 2772 2980 2847 appareat,
3025 2764 3106 2829 N.
3154 2766 3224 2828 in
3268 2765 3482 2830 officio
3538 2785 3867 2847 peccasse:
3935 2766 4237 2832 iubemur
4293 2767 4604 2850 utrinque

2645 2849 2964 2915 secedere.
3054 2851 3160 2916 Ab
3205 2850 3485 2916 adversa
3525 2858 3714 2934 parte
3755 2851 4046 2918 seditiosi
4087 2852 4440 2918 clamores:
4486 2851 4607 2915 mi·

2647 2946 2895 3001 uantur
2938 2958 3008 3002 se
3048 2935 3251 3001 fuisse
3295 2936 3375 3001 N.
3423 2937 3766 3015 occisuros,
3811 2938 3940 3003 nisi
3983 2958 4092 3003 me
4135 2938 4415 3003 reveriti
4450 2938 4606 3003 fuis·

2647 3029 2812 3089 sent.
2900 3021 3008 3087 Ad
3065 3022 3501 3089 cohibendum
3556 3024 3918 3089 tumultum
3983 3022 4288 3091 detentus
4353 3026 4487 3091 fuit
4541 3023 4611 3089 16

2647 3109 2860 3187 66116,
2926 3107 3041 3175 sed
3102 3109 3477 3176 honorifice.
3580 3107 3885 3176 Secundo
3943 3109 4049 3177 die
4104 3130 4334 3177 omnes
4380 3112 4609 3177 turbas

2646 3193 2921 3260 Domini
2969 3195 3276 3279 auspiciis
3333 3197 3836 3278 composuimus.
3938 3196 4100 3262 Abel
4155 3197 4336 3262 enim
4391 3196 4613 3282 gratia

2646 3279 2928 3359 valebat,
2973 3302 3094 3366 ego
3139 3283 3487 3347 autoritate
3533 3281 3708 3365 apud
3752 3290 4023 3348 actores.
4113 3281 4403 3350 Senatus
4456 3302 4611 3348 vero

2648 3377 2790 3432 erat
2841 3376 3085 3432 666161.
3185 3366 3334 3432 Η66
3386 3376 3642 3432 16611116
3698 3368 3874 3433 16616
3929 3390 4036 3435 166
4091 3367 4377 3434 habebat
4439 3366 4611 3454 quod

2647 3473 2779 3518 666
2824 3462 2998 3519 66661
3040 3452 3275 3518 fortior
3317 3462 3384 3518 et
3426 3454 3807 3520 animosior:
3864 3475 4019 3520 nam
4072 3475 4192 3538 pro
4250 3476 4439 3520 more
4498 3475 4613 3520 suo

2647 3538 2929 3603 nimium
2993 3537 3224 3604 timide
3281 3561 3351 3605 se
3417 3539 3636 3623 gessit.
3727 3539 3858 3605 Hic
3922 3541 4093 3606 finis.
4206 3541 4403 3609 Nunc
4476 3539 4611 3607 ludi

2648 3632 2964 3709 aguntur:
2981 3622 3038 3710 ⁴)
3097 3623 3281 3691 adest
3339 3624 3589 3690 Viretus
3644 3633 4005 3708 spectator,
4062 3626 4174 3709 qui
4217 3647 4301 3691 ex
4346 3647 4612 3710 compo-

2648 3711 2776 3777 sito
2832 3712 3075 3776 iterum
3129 3710 3351 3789 rediit,
3413 3721 3484 3775 ut
3526 3711 3848 3778 furiosum
3893 3720 4195 3779 nostrum
4240 3712 4329 3778 a'd
4374 3732 4611 3779 sanam

2646 3805 2938 3863 mentem
2981 3796 3269 3863 reducat.

2819 3883 2924 3949 De
2964 3883 3277 3948 fratribus
3311 3884 3443 3948 tuis
3486 3882 3653 3947 nihil
3687 3904 3957 3967 prorsus
3994 3882 4205 3950 audio.
4274 3886 4402 3951 Est
4439 3882 4614 3968 apud

2648 3990 2769 4034 vos
2814 3968 3044 4034 Helias
3081 3968 3447 4034 Lemovious
3484 3971 3889 4053 cognomine,
3936 3970 4202 4037 natione
4245 3970 4614 4055 Rupellen-

2651 4054 2757 4128 sis.
2803 4056 2917 4138 qui
2960 4075 3068 4119 me
3112 4054 3325 4119 tertiis
3367 4055 3503 4120 iam
3545 4055 3755 4122 literis
3799 4057 4078 4141 rogavit,
4134 4066 4214 4121 ut
4257 4056 4447 4123 vobis
4485 4072 4612 4123 tes-

2651 4147 2830 4205 tarer
2871 4139 3028 4223 quid
3074 4139 3153 4205 de
3197 4140 3530 4222 superiore
3575 4142 3714 4208 eius
3758 4143 3900 4207 vita
3942 4141 4411 4208 intellexerim.
4508 4142 4611 4208 Pii

2651 4227 2762 4308 qui
2806 4226 2990 4292 illinc
3031 4226 3322 4304 veniunt,
3368 4237 3672 4292 asserunt
3713 4228 3997 4312 probum
4038 4229 4242 4295 fuisse
4286 4228 4516 4295 virum
4551 4240 4615 4294 et

2650 4311 2964 4377 honestae
3006 4312 3214 4392 vitae,
3270 4320 3464 4396 atque
3519 4314 3715 4378 etiam
3759 4314 4070 4381 caelibem
4117 4314 4348 4392 fuisse,
4405 4334 4615 4399 quum

2649 4396 2831 4464 illinc
2873 4398 3189 4482 migraret
3227 4396 3312 4463 ad
3360 4420 3497 4465 nos.
3586 4398 3819 4482 Itaque
3877 4421 4014 4467 non
4065 4409 4168 4467 est
4210 4400 4383 4485 quod
4451 4401 4615 4466 haec

2650 4483 2930 4566 suspicio
2972 4483 3521 4566 impedimentum
3558 4485 3857 4571 coniugio
3901 4487 4154 4552 afferat.
4243 4485 4619 4553 Excusabis

2652 4569 2823 4654 quod
2877 4570 2974 4634 illi
3032 4591 3164 4635 666
3217 4570 3702 4654 responderim:
3770 4580 3969 4656 atque
4025 4573 4225 4639 etiam
4269 4572 4449 4657 quod
4496 4571 4615 4638 tibi

2652 4653 2813 4721 adeo
2856 4652 3146 4721 breviter
3198 4655 3732 4739 perstrinxerim,
3789 4658 3964 4741 quod
4018 4659 4387 4743 longiorem
4444 4658 4616 4724 forte

2651 4740 3012 4807 orationem
3056 4742 3451 4825 postulabat.
3541 4743 3731 4819 Vale,
3791 4745 3996 4810 frater
4035 4745 4107 4809 in
4166 4744 4462 4811 Domino
4508 4764 4616 4810 ca-

2854 5014 2916 5079 2)
2952 5017 3034 5071 aio
3064 5016 3187 5071 edd.
3273 5017 3410 5072 Vide
3444 5034 3522 5071 cm
3554 5017 3866 5087 levandum.-
3899 5018 4239 5074 concederet.

2650 5153 2692 5207 Ι
2779 5153 2813 5165 ..
2843 5084 2914 5208 ἐξ)
2930 5084 3194 5207 frictae:
3231 5085 3278 5141 o
3343 5126 3359 5154 ,
3382 5085 4120 5212 -fifflffiommss‘ff
4148 5093 4369 5212 qenatffig
4406 5086 4494 5141 aa
4526 5084 4610 5138 2⁷.

2648 5168 2829 5278 :xv-⁹⁸⁸2·
2861 5169 3222 5346 ,1ῗῖοέγῖξᾶἕῖ
3294 5171 3607 5294 οοῖιιρῖῗεῗεα
3642 5155 3910 5348 egem-‘0³
3937 5231 4132 5295 postea
4162 5226 4335 5292 mee
4362 5195 4611 5279 ziam.

2854 5359 2917 5427 4)
2953 5332 3089 5430 ipso
3121 5292 3455 5432 ιιῖἶοςιιοὲἷιῖ
3470 5294 3770 5419 wlff.
