4825 6175
633 449 758 514 639

630 634 1000 720 petionibus
1043 634 1273 699 teneri.
1362 634 1455 699 Et
1494 632 1793 700 obstabat
1834 631 2041 697 altera
2083 632 2270 709 ratio,
2318 653 2402 696 ne
2437 630 2583 712 quis

632 720 718 787 ad
781 730 994 786 arctos
1017 722 1066 801 ¹)
1146 718 1468 786 adventus
1535 721 1632 782 tui
1710 720 1908 783 flatus
1973 738 2127 782 mox
2191 716 2581 800 perveniret.

630 807 827 874 Nunc
870 807 1024 889 quia
1072 804 1219 889 plus
1275 803 1476 870 habes
1523 803 1912 882 laxamenti,
1977 810 2051 867 ut
2094 823 2304 886 spero,
2347 823 2584 885 operae

630 893 915 978 pretium
961 890 1228 969 faceres,
1274 892 1328 956 si
1374 890 1588 974 primo
1644 911 1897 974 quoque
1956 888 2060 954 die
2105 896 2171 952 te
2213 889 2586 971 accingeres

631 978 717 1045 ad
758 977 1246 1061 profectionem.
1270 981 1326 1052 2)
1415 978 1559 1061 Ego
1604 974 1759 1060 quid
1813 974 2076 1040 tandem
2116 973 2414 1041 facturus
2460 974 2586 1038 sim

632 1063 922 1130 nondum
969 1063 1310 1140 constitui,
1368 1062 1492 1128 nisi
1550 1061 1718 1145 quod
1779 1060 2060 1145 amplius
2116 1060 2289 1125 ferre
2332 1080 2584 1142 nequeo

630 1149 830 1217 huius
874 1150 1091 1234 gentis
1133 1169 1365 1227 mores,
1413 1148 1615 1212 etiam
1659 1148 1718 1213 si
1751 1167 1933 1213 meos
1976 1148 2159 1212 ferat.
2228 1146 2319 1210 Et
2362 1155 2585 1211 tamen

631 1257 765 1302 non
829 1235 1123 1319 intelligo
1202 1256 1317 1300 cur
1381 1253 1595 1298 meam
1674 1233 2090 1316 asperitatem
2170 1239 2494 1299 accusent.
2526 1234 2582 1310 ⁸)

635 1321 1029 1403 Quanquam
1066 1340 1198 1385 non
1229 1319 1388 1385 adeo
1423 1319 1697 1384 moleste
1730 1319 1988 1397 ferrem,
2026 1317 2133 1383 vel
2170 1318 2356 1381 nulla
2388 1337 2585 1382 causa

632 1428 740 1473 me
762 1407 892 1472 illis
928 1405 1287 1489 displicere,
1333 1405 1461 1470 nisi
1498 1426 1724 1471 eorum
1760 1404 1974 1483 malis,
2019 1410 2095 1470 ut
2130 1425 2249 1486 par
2284 1411 2402 1481 est,
2438 1401 2582 1467 affi-

635 1512 834 1558 cerer.
908 1490 1318 1573 Quantulum
1366 1491 1541 1555 enim
1587 1493 1758 1556 vitae
1801 1498 2023 1568 restat,
2069 1498 2147 1555 ut
2189 1489 2271 1554 de
2312 1509 2419 1554 me
2457 1489 2584 1554 sol·

635 1579 855 1645 licitus
913 1599 1053 1644 esse
1106 1576 1423 1643 debeam?
1527 1574 1660 1643 Sed
1721 1577 1988 1660 ineptus
2047 1597 2196 1640 sum
2252 1575 2363 1658 qui
2420 1575 2584 1640 haec

633 1671 851 1731 tecum
905 1664 1114 1729 literis
1171 1670 1415 1740 tracto,
1472 1684 1669 1746 quum
1728 1683 1884 1728 mox
1942 1661 2261 1729 confidam
2323 1659 2584 1725 adfutu-

632 1771 801 1818 rum.
908 1749 1095 1829 Vale,
1167 1748 1371 1815 frater
1426 1757 1493 1814 et
1550 1750 1755 1815 amice
1808 1748 2158 1814 carissime.
2255 1747 2585 1812 Dominus

633 1834 820 1902 Iesus
871 1833 984 1987 ξε]
1031 1856 1161 1901 una
1217 1855 1366 1900 cum
1422 1854 1625 1900 uxore
1678 1842 1943 1917 totaque
1994 1833 2244 1899 familia
2297 1840 2580 1897 tueatur.

635 1920 871 1988 Saluta
914 1922 971 1986 is
1013 1942 1157 1988 meo
1199 1931 1265 1986 et
1317 1921 1592 1986 fratrum
1653 1920 1919 1985 nomine
1977 1932 2373 2005 symmystas
2416 1928 2582 1984 tuos.

636 2007 948 2074 Genevae
985 2011 1085 2074 26.
1133 2002 1442 2073 Decemb.
1503 2010 1759 2081 1547.⁴)

1561 2144 1843 2208 Ioannes
1887 2140 2205 2225 Calvinus
2249 2152 2418 2207 tuus.

1405 2436 1808 2444 *-

1532 2655 1687 2725 982.

1164 2808 1570 2877 VIRETUS
1615 2807 2051 2875 CALVINO.

807 2983 897 3049 Et
937 2983 1037 3049 hic
1068 2987 1457 3064 praesentem
1499 3002 1713 3048 rerum
1754 2986 1985 3047 statam
2026 2981 2256 3062 deflens
2314 2982 2585 3048 amiotm

633 3070 983 3139 consolatur
1023 3075 1081 3135 et
1122 3071 1354 3152 firmat.

910 3242 1019 3309 (Ex
1053 3243 1388 3312 autographo
1423 3240 1550 3295 cod.
1589 3240 1791 3295 Genev.
1833 3238 1997 3304 111⁸,
2035 3238 2127 3293 fol.
2167 3236 2309 3308 164.)

806 3429 1192 3496 Clarissimo
1238 3429 1379 3493 viro
1422 3428 1655 3493 Ioanni
1700 3426 1979 3492 Calvino
2024 3427 2436 3494 Genevensis
2479 3449 2583 3494 ec-

632 3517 868 3615 clesiae
912 3515 1158 3598 pastori
1192 3514 1570 3580 fidelissimo
1606 3513 1796 3577 fratri
1835 3521 1905 3578 et
1945 3526 2350 3599 symmystae
2386 3535 2583 3597 quam

634 3621 992 3669 carissimo.

1942 3684 2273 3751 Genevae.

806 3822 877 3889 S.
924 3822 1072 3903 Quo
1116 3822 1328 3907 magis
1370 3821 1452 3887 de
1497 3829 1753 3886 vestrae
1788 3821 2098 3889 ecclesiae
2127 3827 2173 3894 ¹)
2220 3830 2397 3888 statu
2434 3843 2581 3887 sum

634 3909 967 3985 sollicitus,
1013 3929 1089 3973 eo
1131 3910 1381 3973 maiore
1421 3916 1651 3972 teneor
1692 3906 2013 3974 desiderio
2057 3917 2324 3973 tuarum
2362 3908 2584 3973 litera-

632 3997 879 4074 m,²)
923 3993 1159 4077 quibus
1206 3992 1284 4058 de
1329 4014 1405 4058 eo
1463 3993 1701 4057 certior
1743 3995 1931 4060 fiam:
1992 3995 2144 4076 quia
2189 3993 2388 4059 variis
2432 4015 2586 4077 quo-

632 4080 794 4146 tidie
853 4079 1324 4147 discruciamur
1367 4079 1768 4157 rumoribus,
1828 4079 2062 4163 quibus
2106 4079 2405 4163 quamvis
2451 4103 2581 4145 non

669 4337 803 4394 081.
842 4336 894 4402 1)
1001 4351 1176 4397 κτους,
1214 4350 1376 4390 arsos
1407 4336 1448 4392 i.
1485 4351 1528 4390 e.
1568 4334 1886 4390 Beruenses.
1959 4335 2201 4405 Anytus.-
2245 4336 2341 4390 the
2378 4337 2579 4392 Arctoi.

839 4406 894 4468 2)
987 4406 1066 4460 oti
1097 4420 1314 4474 compos
1331 4406 1524 4475 saeuas
1554 4410 1636 4459 est
1665 4420 1845 4459 mense
1879 4405 2167 4460 Ianuario.

838 4473 897 4543 3)
931 4473 1392 4529 Adur-sanorum
1419 4474 1598 4529 animi
1627 4489 1689 4528 eo
1722 4475 2057 4529 acrimoniae
2088 4481 2352 4529 merant
2382 4480 2446 4530 ut
2460 4490 2581 4598 &ro

639 4543 868 4600 Calvino
908 4540 1142 4599 Geinum
1177 4543 1355 4598 dicere
1396 4542 1652 4598 nonnulli
1692 4543 2069 4599 consueverint
2100 4541 2340 4612 (Galiffe
2365 4560 2427 4612 p.
2533 4546 2576 4609 ).

630 4613 826 4668 Altera
857 4627 924 4666 ω
953 4617 1117 4681 parte
1131 4611 1438 4681 Poapinas,
1471 4614 1709 4666 omnium
1733 4613 2109 4667 ministrorum
2141 4613 2579 4681 violentissimus,

634 4680 861 4736 Pern'ni
890 4682 1060 4736 matri
1091 4697 1257 4736 coena
1290 4680 1668 4746 intes-diverat,
1702 4697 1816 4750 qno
1849 4680 1916 4736 de
1948 4696 2010 4735 re
2042 4681 2105 4735 in
2139 4689 2333 4737 senatu
2366 4688 2418 4737 et
2452 4698 2578 4738 con·

630 4751 857 4807 detor-io
889 4750 1186 4806 acerrivnae
1218 4750 1632 4804 contestationes
1666 4755 1884 4804 exortae
1917 4756 2047 4805 sant
2079 4751 2236 4817 (ibid.
2264 4768 2326 4819 p.
2359 4751 2475 4819 60).

839 4816 901 4884 4)
938 4817 1222 4888 Ambiqere
1244 4832 1440 4886 posses
1466 4817 1534 4872 de
1565 4832 1715 4871 anno
1798 4834 1926 4872 uani
1971 4834 2032 4873 eo
2068 4825 2301 4887 tempore
2334 4821 2424 4874 die
2458 4820 2578 4874 Na-

630 4888 868 4945 tiuitatis
900 4902 1096 4942 novun·
1130 4886 1447 4955 inciperent,
1479 4887 1562 4939 ita
1596 4893 1659 4942 at
1690 4887 1741 4941 h.
1786 4926 1800 4941 .
1837 4886 1914 4941 ad
1948 4885 2084 4941 1546
2116 4902 2184 4942 eae
2218 4895 2405 4943 nostro
2440 4904 2578 4942 eom-

625 4955 877 5028 putandi
903 4970 1051 5009 more
1082 4955 1424 5022 referendam
1468 4953 1728 5010 crederes.
1812 4956 2005 5010 Veram
2041 4973 2094 5011 a.
2133 4954 2267 5010 1546
2318 4957 2581 5012 Galam

633 5026 753 5096 ipse
783 5029 1005 5080 ineunte
1022 5022 1313 5080 Decembre
1330 5024 1672 5078 Laasannae
1702 5025 1903 5092 fuerat,
1938 5033 1987 5079 et
2020 5042 2160 5096 quae
2191 5026 2261 5081 de
2291 5031 2440 5082 statu
2473 5027 2578 5081 rei-

778 5094 792 5107 ·
914 5093 1003 5149 Me
1034 5092 1170 5149 dicit
1204 5094 1424 5148 omnino
1455 5108 1570 5147 rem
1790 5095 1800 5106 ”
1900 5131 1912 5145 .

670 5161 816 5218 082.
852 5162 881 5216 1
939 5162 1049 5217 iuno
1081 5162 1440 5232 reipublicae5
1470 5161 1694 5217 eeclesia
1726 5163 2045 5218 colondano
2077 5178 2141 5219 eo
2171 5168 2383 5218 mnan·
2411 5169 2580 5232 paeto

747 5232 828 5245 “
1089 5229 2582 5303 quioGaloinuspolitieapartiansstadiainoaate

631 5316 757 5361 mm
787 5300 1069 5432 regs’qionis
1098 5299 1789 5438 mmm

2195 438 2731 511 EPISTOLAE'
2768 440 3106 507 9822-983

4513 446 4620 509 640

2684 630 2873 696 facile
2918 633 3381 710 assentiamur,
3442 652 3575 696 non
3632 651 3983 714 possumus
4041 636 4263 696 tamen
4323 630 4453 696 illis
4508 652 4621 697 non

2687 717 2968 796 moveri,
3023 715 3228 784 donec
3281 718 3523 783 certius
3577 716 3692 783 abs
3750 727 3814 782 te
3870 715 4114 800 aliquid
4183 717 4618 800 acceperimus.

2688 803 2842 883 Qua
2882 804 2954 868 in
2999 824 3070 868 re
3114 801 3277 869 illud
3335 813 3565 885 poetae
3620 824 3779 869 vere
3823 803 4161 885 experior:
4235 802 4495 885 Quando
4532 823 4622 887 eqo

2686 910 2810 953 non
2860 889 3045 953 timui
3085 889 3388 973 yraviora
3431 888 3726 971 pericula
3783 889 4001 954 veris?
4090 887 4219 953 Res
4261 894 4353 955 est
4393 887 4623 955 solliciti

2675 974 2870 1057 plena
2905 975 3146 1041 timoris
3189 994 3387 1040 amor.
3411 977 3468 1049 ⁸)
3557 975 3652 1040 'Pe
3708 974 3912 1059 igitur
3964 994 4205 1057 quaeso
4252 982 4342 1052 ut,
4389 975 4622 1056 quoties

2687 1060 2910 1127 licebit
2967 1080 3085 1142 per
3126 1061 3616 1144 occupationes,
3672 1080 3805 1126 uno
3860 1081 3983 1125 noe
4028 1060 4229 1126 verbo
4288 1059 4623 1126 admoneas

2689 1144 2772 1211 de
2815 1154 3034 1212 vestro
3077 1156 3268 1212 statu.
3358 1145 3624 1211 Interea
3666 1147 3720 1213 si
3767 1144 3924 1229 quid
3959 1153 4151 1229 putes
4196 1166 4409 1211 meam
4456 1145 4625 1212 vobis

2687 1252 2949 1315 operam
2994 1234 3286 1298 conferre
3329 1253 3536 1315 posse,
3582 1230 3649 1296 id
3686 1252 3768 1296 no
3802 1252 3908 1298 me
3952 1232 4268 1297 celaveris
4311 1251 4437 1296 nec
4478 1231 4625 1297 mihi

2687 1317 3071 1402 peperceris.
3183 1316 3336 1385 Scio
3402 1339 3595 1401 quam
3677 1316 3765 1383 sit
3825 1316 4223 1384 invidiosum
4306 1317 4625 1401 negotium

2686 1403 2856 1487 quod
2902 1424 3019 1470 vos
3062 1404 3303 1483 turbat,
3348 1425 3674 1488 quamque
3716 1403 3882 1468 mihi
3917 1404 4005 1470 sit
4042 1402 4360 1468 invidiam
4396 1404 4626 1468 confla·

2689 1501 2932 1555 turum.
3023 1488 3158 1556 Sed
3203 1490 3258 1555 si
3303 1490 3451 1573 plus
3486 1511 3570 1555 ex
3612 1489 3729 1555 illa
3769 1491 3840 1554 in
3884 1510 3992 1555 me
4029 1489 4287 1556 invidia
4329 1488 4625 1555 ecclesiae

2686 1575 2955 1641 utilitati
2998 1595 3414 1642 accessurum
3457 1596 3651 1659 quam
3695 1574 4114 1641 decessurum
4152 1594 4397 1659 speras,
4444 1574 4629 1640 eccle-

2686 1662 2822 1727 siae
2876 1662 3092 1743 potius
3148 1682 3345 1744 quam
3396 1662 3525 1726 mei
3580 1662 3897 1727 rationem
3956 1661 4213 1726 habeto.
4301 1661 4405 1725 'Pu
4465 1681 4626 1739 vero,

2686 1747 3003 1830 quidquid
3059 1746 3397 1825 acciderit,
3463 1748 3740 1831 persiste
3793 1747 4026 1812 firmus
4082 1755 4149 1813 et
4204 1758 4515 1812 constans
4566 1746 4629 1811 in

2687 1844 2805 1899 tua
2862 1832 3162 1898 statione.
3276 1833 3451 1898 Nam
3521 1833 3632 1917 qui
3691 1833 3809 1898 tibi
3865 1832 4186 1898 hactenus
4253 1832 4629 1898 mirabiliter

2687 1920 2892 1998 affuit,
2939 1939 3071 1984 non
3115 1919 3323 1985 deerit
3377 1917 3711 2001 deinceps,
3773 1916 3944 2001 quod
3990 1929 4063 1982 tu
4108 1916 4489 2002 quotidiano
4531 1938 4631 1982 ex-

2684 2006 3050 2089 perimento
3079 2003 3489 2088 comprobas.
3567 2002 3770 2071 Vides
3814 2004 3989 2069 enim
4036 2001 4191 2087 quid
4236 2025 4355 2086 per
4399 2012 4466 2068 te
4499 2001 4629 2068 Do-

2689 2091 2908 2157 minus
2949 2091 3218 2168 efficiat,
3280 2103 3347 2156 et
3388 2090 3624 2174 quibus
3670 2090 4057 2157 testimoniis
4118 2097 4187 2154 et
4240 2087 4630 2155 facinoribus

2685 2186 2874 2242 tuum
2918 2185 3107 2242 ornet
3146 2176 3607 2256 ministerium,
3653 2186 3719 2241 et
3762 2177 3903 2241 eius
3940 2177 4359 2241 autoritatem
4403 2182 4631 2258 augeat

2686 2273 2752 2328 et
2794 2263 3151 2329 confirmet.
3221 2261 3390 2327 Vide
3432 2263 3685 2328 interea
3720 2272 3793 2327 ut
3826 2260 4164 2327 moderato
4199 2263 4423 2326 animo
4471 2260 4631 2325 feras

2687 2369 2900 2415 mores
2946 2358 3012 2413 et
3053 2346 3599 2433 ingratitudinem
3659 2369 3884 2414 eorum
3940 2348 4052 2431 qui
4098 2360 4209 2412 tuo
4252 2346 4633 2430 obstrepunt

2686 2434 3084 2512 minister-ic,
3156 2442 3224 2499 et
3280 2434 3587 2500 affectum
3644 2432 3881 2500 induas
3938 2455 4160 2499 eorum
4224 2454 4385 2516 quos
4451 2432 4631 2497 nobis

2686 2521 2872 2586 velut
2915 2520 3319 2605 exemplaria
3361 2522 3432 2584 in
3478 2519 3803 2587 consimili
3847 2540 4041 2586 causa
4084 2520 4393 2602 proponit
4436 2519 4633 2600 scrip-

2686 2618 2852 2671 tura.
2943 2606 3079 2671 Nos
3122 2627 3444 2672 memores
3503 2627 3646 2672 esse
3689 2614 3951 2689 oportet
3992 2605 4435 2689 lacrymarum
4481 2622 4635 2687 quas

2688 2692 3013 2768 Christus,
3058 2692 3298 2772 Moses,
3344 2693 3595 2758 Paulus
3652 2700 3719 2757 et
3773 2692 4012 2774 reliqui
4057 2691 4232 2757 servi
4277 2692 4406 2756 Dei
4454 2688 4635 2754 fude-

2686 2786 2846 2843 runt
2888 2779 3087 2842 etiam
3129 2798 3249 2861 pro
3290 2777 3789 2861 improbissimis
3823 2787 3892 2842 et
3924 2777 4392 2861 ingratissimis
4437 2784 4508 2842 et
4538 2777 4631 2840 in-

2686 2863 3075 2931 fensissimis
3139 2864 3455 2930 hostibus.
3558 2864 3691 2929 Eos
3756 2863 4162 2943 studeamus,
4228 2861 4442 2945 quoad
4500 2861 4635 2926 eius

2688 2950 2831 3015 fieri
2876 2950 3131 3033 poterit,
3178 2950 3449 3015 lenit-ate
3492 2958 3561 3014 et
3601 2948 3922 3015 modestia
3965 2969 4393 3032 compescere,
4440 2956 4513 3012 et
4548 2948 4636 3011 ita

2687 3036 2866 3102 incre
2914 3036 3163 3102 ationes
3197 3043 3580 3119 temperare,
3617 3043 3692 3101 ut
3726 3055 3845 3101 nos
3880 3036 4093 3121 magis
4128 3043 4403 3119 paterno
4440 3053 4633 3117 quam

2690 3057 2913 3187 hostili
2957 3122 3177 3187 animo
3212 3143 3593 3189 succensere
3628 3129 3697 3188 et
3729 3122 3925 3187 irasci
3959 3121 4353 3206 intelligant,
4403 3120 4635 3187 saltem

2689 3208 2799 3290 qui
2843 3208 3062 3273 animo
3105 3218 3262 3274 sunt
3303 3208 3695 3291 simpliciore
3738 3216 3808 3274 et
3848 3209 4189 3275 sanctiore.
4255 3206 4434 3271 Nam
4470 3205 4634 3271 diffi-

2689 3294 3005 3361 cillimum
3077 3303 3179 3359 est
3242 3296 3311 3359 in
3374 3294 3749 3360 huiusmodi
3816 3294 4027 3360 turbis
4097 3295 4392 3377 effugere
4451 3290 4633 3355 nobis

2689 3380 2823 3445 odii
2880 3389 2947 3444 et
3026 3378 3352 3446 vindictae
3410 3381 3875 3463 suspicionem,
3939 3379 4297 3463 quamlibet
4362 3376 4632 3444 sinceris

2692 3467 2929 3531 animis
2973 3467 3194 3531 omnia
3237 3465 3533 3531 dicamus
3577 3475 3646 3530 et
3688 3467 4021 3532 faciamus.
4120 3466 4481 3531 Praeterea
4523 3483 4631 3527 no-

2691 3554 2789 3617 bis
2834 3552 3003 3618 serio
3075 3551 3444 3617 cavendum
3512 3560 3615 3617 est
3683 3572 3767 3616 ne
3834 3571 4057 3616 rerum
4115 3550 4481 3635 indignitas
4537 3549 4632 3612 in·

2690 3635 2947 3702 terdum
3027 3658 3145 3702 nos
3211 3638 3486 3702 nimium
3543 3637 3856 3721 abripiat,
3915 3650 3977 3702 et
4034 3659 4118 3703 ne
4174 3639 4453 3701 vulnera
4520 3634 4631 3699 du-

2687 3724 2825 3789 rius
2905 3723 3368 3789 contrectando
3448 3724 3798 3789 violentius
3888 3723 4358 3789 exulceramus.
4490 3720 4629 3785 Non

2687 3811 2849 3875 haec
2893 3810 3104 3874 scribo
3148 3810 3317 3893 quod
3366 3809 3446 3874 de
3482 3820 3596 3874 tua
3630 3807 3917 3875 dubitem
3955 3808 4304 3892 prudentia
4336 3815 4406 3873 et
4439 3808 4633 3872 animi

2686 3895 3157 3974 moderatione,
3210 3895 3324 3961 sed
3370 3895 3521 3979 quia
3579 3896 3737 3960 haec
3791 3896 3859 3959 in
3917 3916 4022 3959 me
4080 3917 4223 3959 sum
4283 3915 4482 3977 saepe
4525 3913 4631 3956 ex-

2685 3991 2930 4064 pertus,
2967 3978 3288 4063 didicique
3309 3982 3453 4063 ipso
3488 3982 3958 4063 experimento,
3992 3992 4310 4063 quantum
4344 3979 4627 4045 habeant

2686 4067 3000 4132 momenti
3043 4066 3389 4134 familiaria
3432 4066 3783 4150 colloquia,
3843 4073 3910 4132 et
3964 4087 4262 4132 seorsum
4318 4083 4387 4129 ct
4438 4081 4625 4146 saepo

2685 4163 2752 4218 et
2813 4152 3225 4218 familiariter
3288 4152 3707 4237 compellare,
3785 4152 4123 4218 obsecrare
4182 4160 4253 4217 et
4317 4149 4623 4217 obtestari

2684 4259 2849 4322 quos
2891 4238 3191 4322 cupimus
3236 4240 3302 4303 in
3347 4239 3604 4323 frugem
3649 4237 3985 4303 meliorem
4029 4247 4390 4304 revocatos.
4462 4236 4623 4301 Pau·

2682 4325 2789 4389 lus
2832 4324 3036 4389 animi
3080 4326 3183 4389 sui
3226 4324 3664 4389 humilitatem
3718 4331 3786 4388 et
3828 4345 3978 4391 cum
4028 4323 4342 4407 lacrymis
4386 4320 4625 4387 monitu

2683 4408 2861 4492 apud
2884 4410 3208 4494 Ephesios
3251 4409 3669 4495 presbyteros
3708 4429 3840 4476 non
3885 4410 4002 4476 abs
4036 4432 4109 4475 re
4144 4417 4621 4475 commemorat.

2682 4497 2868 4563 Haec
2911 4504 3068 4562 sunt
3109 4516 3293 4560 arma
3332 4506 3559 4562 nostra
3598 4496 3929 4579 lacrymae
3972 4504 4040 4561 et
4079 4516 4324 4579 preces.
4411 4494 4541 4558 His
4573 4490 4623 4556 si

2683 4603 2817 4647 non
2881 4582 3230 4647 domantur
3290 4582 3542 4662 hostes,
3602 4582 3789 4647 nobis
3843 4581 4226 4648 conciliatur
4283 4579 4621 4654 Dominus,

2682 4670 2967 4735 hostium
3025 4675 3404 4734 nostrorum
3458 4665 3741 4733 domitor
3797 4675 3865 4733 et
3921 4668 4096 4734 ultor
4114 4718 4129 4744 ,
4198 4664 4377 4748 apud
4436 4682 4620 4748 quem

2682 4776 2835 4822 cum
2888 4755 3074 4820 Mose
3131 4761 3391 4819 nostras
3446 4752 3743 4836 querelas
3801 4773 3921 4819 nos
3977 4753 4309 4836 deponere
4364 4769 4623 4816 necesse

2681 4851 2808 4907 est:
2854 4861 3016 4923 quas
3060 4837 3234 4905 haud
3281 4838 3477 4904 dubie
3509 4839 3650 4923 ipse
3684 4837 3991 4905 exaudiet
4033 4843 4102 4903 et
4124 4836 4436 4903 Choritas
4477 4855 4620 4901 cum

2682 4927 2870 4993 sociis
2913 4946 3152 5010 magno
3195 4947 3418 4991 eorum
3464 4925 3636 4990 malo
3680 4937 4041 5009 cognoscet.

2850 5010 2916 5076 N
2917 5012 3272 5077 unciarunt
3313 5009 3581 5096 quidam
3621 5018 3687 5078 te
3729 5031 3880 5078 cum
3935 5010 4202 5096 collegis
4249 5008 4620 5075 missionem

2680 5095 2948 5182 petiisse
3001 5118 3042 5163 a
3084 5105 3333 5166 senatu.
3439 5097 3630 5181 Quae
3686 5119 3792 5163 res
3848 5120 3980 5164 non
4039 5098 4117 5163 fit
4172 5095 4339 5160 mihi
4395 5092 4622 5160 verisi-

2887 5371 2950 5442 3)
2989 5372 3150 5429 ovid.
3184 5373 3413 5428 Heroid.
3449 5374 3493 5426 Ι.
3531 5370 3615 5424 11.
