4825 6175
697 427 827 490 427

605 665 612 674 .
698 605 1195 701 cogitationibus
1234 610 1306 671 et
1343 600 1652 669 consiliis.
1721 598 2181 666 Desertionem
2220 598 2400 665 enim
2442 597 2639 663 officii

697 694 935 765 suadet
983 691 1345 777 periculum
1400 707 1709 772 praesens
1725 736 1742 762 ,
1797 685 2178 769 inquietudo
2232 685 2398 750 citra
2453 704 2639 767 spem

696 782 877 867 pacis
920 785 1250 863 perpetua,
1294 775 1418 841 hoc
1458 772 1642 839 nobis
1682 771 1903 836 iuncto
1944 770 2222 854 collega,
2278 790 2474 854 quem
2515 768 2640 835 hoc

698 866 943 934 morari
979 867 1196 930 minus
1229 869 1299 927 et
1319 856 1625 926 scandala
1646 868 1713 922 et
1746 857 2008 921 ruinam
2042 856 2352 922 ecclesiae
2384 865 2640 921 certum

700 960 822 1031 est,
866 971 995 1036 quo
1037 950 1256 1014 minus
1296 944 1522 1012 iudicii
1562 942 1931 1025 frontisque
1972 940 2190 1007 habet.
2258 940 2642 1005 Monuimus

699 1046 850 1124 post
891 1034 1340 1102 acerbissimas
1381 1031 1721 1097 conciones
1778 1049 1863 1094 ex
1915 1026 2125 1092 officio
2182 1027 2472 1091 fraterne
2526 1024 2642 1090 ho-

700 1123 951 1190 minem
1026 1141 1113 1186 ne
1189 1127 1328 1184 tam
1386 1114 1747 1200 procaciter
1810 1112 2178 1178 traduceret
2239 1112 2641 1190 innocentes,

703 1209 1197 1287 doctrinamque
1270 1209 1637 1267 anteactam
1715 1198 2085 1283 sugillaret,
2167 1196 2644 1279 suspicionibus

703 1294 1086 1361 vulneraret
1116 1290 1366 1355 animos
1407 1285 1863 1369 impleretque:
1911 1290 2072 1362 tum,
2116 1283 2171 1348 si
2214 1282 2368 1364 quid
2411 1282 2485 1346 in
2528 1302 2644 1346 no-

704 1380 811 1446 bis
850 1375 1374 1462 professioneque
1416 1370 1831 1445 desideraret,
1876 1388 2096 1434 coram
2136 1369 2414 1433 fratrum
2459 1376 2644 1432 coetu

707 1472 825 1531 aut
864 1464 1064 1528 etiam
1105 1460 1379 1527 seorsim
1421 1457 1628 1523 amice
1685 1461 2062 1538 exponeret.
2153 1452 2257 1517 Ad
2315 1452 2479 1518 haec
2534 1452 2647 1516 ille

705 1550 932 1634 paucis
973 1546 1381 1628 strictimque
1432 1543 1526 1608 sic
1579 1539 1942 1625 respondit:
2010 1537 2104 1605 Se
2159 1540 2287 1604 huc
2343 1559 2476 1603 non
2528 1556 2648 1602 sua

708 1641 962 1719 sponte,
1021 1631 1133 1699 sed
1178 1640 1483 1696 vocatum
1540 1646 1661 1710 per
1717 1626 2177 1709 magistratum
2233 1624 2522 1690 venisse:
2590 1623 2646 1687 si

710 1719 868 1804 quid
906 1720 974 1784 in
1015 1714 1302 1782 moribus
1344 1721 1462 1778 aut
1494 1710 1793 1776 doctrina
1830 1710 2291 1787 desideremus,
2334 1706 2418 1772 ad
2460 1727 2648 1772 sena-

707 1813 819 1871 tus
856 1804 1214 1871 referamus
1257 1797 1574 1864 tribunal:
1617 1797 1712 1862 ibi
1753 1797 1929 1863 enim
1964 1817 2034 1861 se
2075 1806 2143 1860 et
2184 1814 2651 1876 responsurum

709 1898 781 1957 et
819 1889 1129 1956 iudicium
1171 1884 1569 1952 subiturum:
1615 1903 1733 1966 per
1766 1889 2023 1948 caetera
2065 1879 2148 1945 ad
2182 1878 2653 1963 disputandum

709 1985 940 2043 contra
996 1995 1115 2039 nos
1175 1993 1247 2037 se
1310 1991 1444 2035 non
1500 1968 2058 2043 intromissurum,
2126 1986 2328 2050 quum
2385 1964 2474 2029 sit
2525 1963 2652 2029 sibi

711 2062 984 2144 aliisque
1038 2060 1106 2124 in
1161 2058 1389 2123 habita
1442 2054 1885 2137 disputatione
1937 2051 2263 2117 Beruensi
2280 2052 2335 2132 ²)
2395 2048 2653 2114 abunde

711 2145 1137 2223 satisfactum,
1204 2143 1389 2209 cuius
1454 2139 1694 2252 placita
1756 2138 1984 2220 probet
2001 2188 2016 2215 ,
2091 2136 2524 2235 amplectatur
2588 2146 2654 2201 et

711 2231 1006 2317 profiteri
1048 2228 1415 2295 constituat.
1503 2225 1568 2290 N
1568 2246 1640 2290 os
1682 2231 1910 2290 contra
1952 2222 2162 2287 multa
2194 2241 2401 2286 amice
2445 2220 2651 2285 1ncul-

711 2315 938 2395 cando,
983 2336 1100 2399 per
1144 2312 1483 2379 Christum
1540 2309 2005 2391 ecclesiamque
2061 2307 2386 2391 rogando,
2443 2305 2653 2371 multo

710 2404 985 2469 fecimus
1026 2399 1368 2464 mitiorem.
1458 2395 1636 2477 Quin
1679 2404 1745 2458 et
1787 2393 1867 2457 de
1907 2393 2152 2458 iniuria
2190 2392 2491 2475 quiritari
2531 2390 2653 2455 ho·

712 2489 959 2554 minem
1020 2483 1212 2550 audio
1234 2534 1248 2560 ,
1307 2481 1482 2566 quod
1539 2479 1720 2563 pacis
1775 2479 2100 2560 officiique
2156 2477 2509 2543 admonere
2552 2496 2652 2540 se-

713 2594 886 2648 nem,
928 2570 1099 2655 quod
1142 2568 1473 2651 requirere
1513 2566 1584 2630 in
1638 2566 1777 2647 ipso
1827 2561 2072 2646 aliquid
2128 2563 2270 2628 ausi
2320 2562 2649 2627 fuerimus.

712 2658 1038 2742 Intelligis
1080 2675 1253 2739 erge,
1290 2654 1382 2717 mi
1419 2653 1639 2728 frater,
1683 2647 2017 2713 αὐθάδειαν
2048 2648 2199 2733 plus
2234 2668 2430 2731 quam
2451 2648 2653 2712 Eras-

713 2744 969 2809 micam.
1068 2742 1335 2806 Interea
1387 2737 1586 2801 nimis
1637 2736 1897 2799 intensa
1949 2741 2218 2799 senatus
2265 2733 2650 2817 indignatio,

712 2828 870 2894 Post
912 2828 1272 2908 Grynaeum
1312 2843 1466 2887 mox
1507 2821 1579 2884 in
1626 2820 1974 2902 discipulos
2016 2818 2353 2896 desaeviit,
2374 2821 2434 2895 ⁸)
2479 2818 2652 2901 quod

713 2912 1172 2997 disputationis
1214 2908 1632 2974 autoritatem
1674 2905 1849 2970 inter
1890 2927 1960 2971 se
1995 2903 2385 2988 disputando
2428 2906 2497 2969 in
2533 2901 2652 2967 du-

711 2999 916 3075 bium,
960 3018 1077 3064 ceu
1114 3016 1244 3061 non
1287 2992 1684 3068 authentica,
1728 2996 2091 3070 vocassent,
2145 2989 2410 3072 quidam
2455 2989 2653 3054 etiam

713 3106 799 3152 ex
831 3082 989 3168 ipsis
1023 3082 1393 3150 cantionem
1427 3085 1652 3146 contra
1678 3076 1993 3143 fanaticos
2027 3077 2454 3160 compositam
2487 3075 2653 3140 forte

712 3170 1118 3238 cecinissent.
1205 3164 1285 3231 Id
1337 3185 1494 3231 vero
1558 3185 1676 3231 ceu
1730 3163 1965 3247 ingens
2032 3161 2244 3229 scelus
2301 3160 2384 3226 ad
2440 3159 2652 3227 diaco·

712 3255 842 3323 sios
884 3253 1172 3319 delatum
1216 3258 1333 3316 est.
1420 3249 1705 3315 Iuvenes
1747 3247 2091 3327 tredecim,
2147 3245 2394 3312 cordati
2447 3254 2515 3311 et
2571 3244 2656 3309 ad

710 3359 1001 3425 unguem
1043 3337 1224 3415 facti,
1280 3337 1354 3402 in
1406 3355 1732 3401 carcerem
1790 3332 2123 3417 publicum
2178 3332 2264 3397 ad
2318 3336 2401 3395 24
2461 3331 2655 3397 horas

711 3446 863 3494 cum
896 3422 1155 3491 scholae
1188 3441 1443 3487 summa
1475 3420 1717 3485 iniuria
1750 3418 2044 3498 coniecti,
2080 3439 2232 3485 cum
2265 3417 2462 3483 laude
2495 3437 2654 3482 vero

712 3509 1020 3576 dimissus
1062 3506 1358 3573 omnium
1400 3506 1741 3571 turbarum
1784 3513 2000 3583 autor,
2046 3525 2198 3571 cum
2240 3503 2495 3569 duobus
2539 3500 2654 3568 ad-

710 3594 1223 3678 stipulatoribus,
1268 3592 1408 3676 spei
1450 3589 2006 3674 deploratissimae
2046 3589 2300 3655 nebulo.
2390 3585 2528 3654 Sed
2568 3608 2655 3653 ne

755 3680 866 3746 uid
910 3679 1310 3757 obmittatur,
1352 3676 1682 3743 decretum
1718 3675 2036 3755 conditur,
2081 3681 2157 3740 ut
2189 3675 2478 3757 primum
2513 3694 2651 3751 nos,

710 3702 957 3832 &satus
997 3763 1323 3849 (inquam)
1367 3770 1435 3826 et
1477 3782 1630 3845 ege,
1684 3761 1837 3826 dein
1889 3780 2115 3826 omnes
2171 3760 2406 3842 reliqui
2451 3760 2652 3824 totius

712 3849 974 3917 ditionis
1048 3847 1336 3915 ministri
1412 3845 1497 3912 ad
1573 3845 1673 3913 dis
1721 3846 2033 3913 utationis
2110 3843 2653 3927 subscriptionem

711 3935 1082 4021 adigantur,
1127 3934 1564 4000 detractantes
1577 3933 1636 4015 ⁴)
1678 3929 1748 3997 id
1790 3932 2004 3998 facere
2047 3930 2410 3997 ministerio
2454 3928 2653 3994 desti-

710 4027 1001 4088 tuantur.
1067 4020 1170 4086 De
1215 4017 1468 4084 sublato
1509 4018 1669 4083 item
1710 4016 2130 4082 iureiurando
2174 4036 2295 4101 per
2336 4016 2483 4100 piae
2518 4037 2653 4080 me-

712 4107 959 4173 moriae
1015 4103 1102 4170 D.
1162 4102 1555 4171 Gonzaenum
1616 4122 1897 4187 magnae
1945 4100 2248 4185 querelae
2305 4112 2425 4167 etc.
2524 4101 2656 4165 Via

711 4192 918 4277 igitur
959 4189 1126 4255 mihi
1168 4187 1428 4272 quidem
1472 4199 1699 4270 aperta
1741 4188 1831 4253 sit
1886 4187 2089 4254 semel
2136 4186 2395 4253 abunde
2438 4186 2656 4268 ampla

711 4277 797 4343 ad
839 4275 1303 4342 excutiendum
1335 4274 1682 4339 molestum
1737 4283 1805 4339 et
1857 4272 2295 4356 periculosum
2340 4291 2529 4351 onus,
2586 4281 2656 4336 et

711 4362 941 4430 suadet
982 4360 1342 4427 discessum
1377 4358 1645 4425 occasio.
1735 4355 1872 4424 Sed
1923 4366 2153 4424 contra
2202 4358 2485 4422 miserae
2527 4356 2656 4422 dis-

709 4449 1085 4532 sipatasque
1106 4444 1413 4512 ecclesiae
1445 4443 2011 4511 commiseratione
2042 4451 2297 4528 tangor,
2332 4451 2403 4508 et
2436 4443 2655 4528 gregis

711 4856 834 4896 ram
870 4770 1012 4895 Coma)
1016 4765 1828 4903 mamaeawefflmm.
1828 4766 2226 4891 Boiu-mptum·
2174 4764 2347 4889 1²33.
2384 4766 2653 4889 gwcoezod

709 4908 960 4979 profiteri
988 4907 1166 4961 coacti
1196 4913 1353 4972 sunu,-
1393 4919 1461 4960 eae
1533 4904 1691 4958 uibus
1738 4910 1847 4958 tres
1891 4908 2102 4958 tunm
2145 4918 2226 4958 stc
2255 4903 2655 4972 responderunt

713 4983 775 5032 ue
808 4977 934 5032 istie
965 4975 1360 5042 satisfacerent.
1428 4975 1489 5054 (·
1517 4972 1740 5028 andech-
1772 4989 1827 5040 p.
1850 4970 2009 5055 209.)
2165 5041 2179 5054 ·

916 5042 978 5108 4)
1015 5044 1110 5098 sic.
1147 5071 1211 5083 -
1238 5040 1396 5112 Quod
1429 5042 1517 5096 luc
1550 5041 1616 5096 de
1650 5042 2042 5110 subscr-spuens
2070 5040 2266 5109 laquear
2298 5039 2654 5095 declarabunt

717 5113 941 5169 Ructat
972 5112 1035 5166 V.
1069 5110 1173 5166 302
1206 5117 1257 5167 et
1290 5110 1574 5165 Hamae-310.
1607 5126 1660 5178 p.
1697 5108 1815 5163 199.
1885 5109 2011 5164 Ιοιι
2044 5116 2173 5164 ante
2210 5108 2418 5164 Biturs·
2449 5109 2651 5164 οόᾱιιηι

714 5182 985 5263 decretup·
1012 5181 1199 5262 fuorqt
1229 5185 1292 5234 at
1323 5179 1537 5262 singuli·
1558 5176 1804 5260 mfnfetru·
1833 5183 1890 5260 sq
1917 5179 2171 5247 nauium
2199 5180 2373 5258 totius·
2396 5178 2652 5260 reipubli-

713 5267 1008 5375 aaa·
1034 5266 1091 5373 g.
1126 5316 1264 5372 1528
1296 5324 1345 5372 et
1379 5291 1682 5373 οαοῖοπῶικ
1722 5247 2017 5388 οῃκοᾱοζοῗ
2038 5246 2216 5370 ale&
2242 5246 2651 5372 ammom

2268 407 2794 479 EPIS'BOLAE
2839 412 3183 478 856—857

4536 412 4630 477 428

2739 594 2955 666 adhuc
2996 597 3231 680 reliqui
3271 602 3342 665 et
3380 597 3548 664 bene
3581 596 3726 664 sani
3759 596 4043 681 gemitus
4084 595 4387 679 querelae
4426 602 4497 663 et
4527 617 4641 680 pre-

2741 704 2849 750 ces
2891 683 3144 748 viscera
3192 690 3418 749 nostra
3473 689 3941 749 commovent?
3976 691 4118 748 tum
4172 690 4644 764 superventuras

2740 789 2900 833 mox
2941 767 3145 834 cladis
3177 767 3631 834 acerbissimae
3664 768 4248 850 exsultationisque
4284 766 4465 851 apud
4495 787 4644 851 quos·

2742 851 2896 918 dam
2939 853 3178 937 impiae
3220 854 3684 937 contemplatio
3717 862 3926 919 terret
3957 855 4212 919 animos
4245 860 4314 917 et
4356 851 4647 920 dissuadet

2745 938 3057 1015 animum,
3100 960 3186 1004 ne
3228 940 3581 1005 stationem
3622 947 3891 1022 occupet
3935 940 4150 1022 lupus,
4208 946 4277 1003 et
4318 938 4527 1004 omnis
4560 939 4647 1005 de-

2742 1024 2969 1107 inceps
3012 1044 3231 1089 rerum
3271 1026 3342 1089 in
3389 1025 3624 1090 melius
3656 1024 4262 1091 constituendarum
4294 1045 4448 1107 spes
4488 1025 4650 1091 facul·

2743 1118 2975 1194 tasque
3030 1108 3461 1193 praecidatur.
3547 1111 3733 1175 Inter
3785 1129 4045 1177 sacrum
4098 1131 4255 1193 ergo
4312 1130 4397 1175 ex
4453 1130 4651 1176 saxum

2749 1217 3086 1261 versamur
3128 1197 3613 1278 premimurque
3657 1195 3859 1272 anxii,
3905 1203 3972 1262 et
4013 1195 4358 1261 consilium
4400 1204 4575 1260 tuum
4602 1203 4654 1261 et

2746 1289 3263 1365 symmystarum
3305 1280 3766 1364 imploramus,
3810 1281 3927 1346 sed
3970 1282 4177 1347 citum
4222 1290 4290 1345 et
4330 1290 4651 1358 maturum,

2747 1388 2831 1433 ne
2863 1365 3284 1431 festinatione
3306 1386 3875 1449 praeoccupemur,
3912 1388 4080 1432 neve
4114 1366 4219 1431 vel
4252 1366 4322 1430 in
4358 1367 4657 1432 conscien-

2746 1453 2908 1517 tiam
2952 1452 3059 1517 vel
3096 1452 3166 1515 in
3209 1452 3545 1517 ecclesiam
3588 1451 3935 1536 indiguum
3990 1450 4344 1535 quidquam
4387 1452 4657 1517 admitta-

2748 1557 2915 1603 mus.
3003 1537 3232 1618 Neque
3285 1538 3462 1602 enim
3516 1538 3676 1603 satis
3731 1536 4078 1622 providere
4134 1558 4486 1619 possumus
4534 1536 4660 1620 quid
4784 1529 4792 1606 ἶ

2747 1623 2820 1687 in
2868 1623 2991 1687 hac
3034 1622 3530 1706 subscriptionis
3572 1623 4006 1707 postulatione
4047 1623 4473 1689 statuendum
4512 1624 4604 1688 sit
4618 1626 4660 1701 ὅ)

2750 1708 2925 1773 Nam
2966 1709 3024 1771 si
3067 1708 3287 1772 decem
3332 1717 3592 1772 tantum
3648 1709 4171 1775 conclusionibus
4226 1717 4514 1774 staturos
4568 1728 4662 1774 nos

2751 1795 3150 1876 profitemur,
3195 1805 3262 1857 et
3303 1793 3472 1857 nihil
3507 1803 3734 1860 contra
3763 1795 4071 1873 facturos,
4113 1794 4375 1859 videtur
4418 1815 4550 1859 non
4585 1794 4664 1858 in·

2752 1877 3105 1944 tolerabilis
3138 1878 3440 1956 conditi0,
3486 1891 3552 1944 et
3593 1880 3686 1944 sic
3727 1879 3890 1958 aliis,
3950 1881 4061 1962 qui
4102 1901 4331 1946 recens
4375 1880 4664 1946 hacteuus

2753 1963 2837 2029 ad
2880 1964 3317 2029 ministerium
3361 1964 3628 2030 admissi
3662 1975 3838 2044 sunt,
3884 1965 4161 2032 faciendi
4193 1975 4461 2031 autores
4499 1965 4666 2030 exsti·

2755 2050 2972 2115 timus.
3038 2048 3290 2114 Verum
3334 2049 3391 2114 si
3426 2051 3591 2115 citra
3629 2051 4084 2133 exceptionem
4126 2051 4430 2117 omnibus
4475 2073 4514 2116 a
4543 2070 4667 2116 nos-

2755 2143 2859 2200 tra
2900 2143 3087 2217 parte
3130 2135 3344 2200 allatis
3384 2137 3559 2201 inter
3600 2134 4063 2218 disputandum
4107 2136 4429 2203 subscribi
4476 2135 4670 2215 velint,

2754 2220 2826 2285 in
2892 2232 3073 2285 metu
3137 2241 3363 2285 sumus
3421 2242 3507 2286 ne
3566 2222 3640 2286 in
3702 2222 4169 2288 conscientiam
4217 2221 4669 2305 delinquamus.

2756 2306 2972 2371 Multa
3014 2306 3189 2370 enim
3233 2327 3273 2371 a
3318 2306 3623 2390 Zwinylio
3667 2314 3924 2384 tamen,
3982 2318 4050 2373 et
4098 2308 4589 2391 oecolampadio,
4624 2321 4675 2371 et

2756 2413 2796 2456 a
2838 2391 3106 2470 BuzerO,
3150 2399 3216 2455 et
3257 2392 3452 2457 nimis
3495 2392 3817 2457 violenter
3860 2392 4065 2472 dicta,
4126 2394 4447 2476 quaedam
4504 2394 4674 2459 etiam
4786 2407 4787 2416 ’

2756 2489 2980 2541 nostro
3024 2475 3261 2541 iudicio
3316 2477 3855 2561 interpretatione
3910 2487 4016 2552 (ut
4056 2480 4161 2556 fit)
4221 2478 4480 2543 detorta
4529 2487 4675 2545 sunt
4786 2521 4787 2534 η

2756 2561 2963 2628 Ouius
3006 2562 3264 2645 generis
3306 2562 3468 2628 illud
3518 2574 3620 2627 est
3662 2561 3834 2646 quod
3883 2564 4237 2647 Ztcinylius
4291 2565 4547 2629 nullam
4585 2563 4676 2627 ad·

2755 2647 2962 2712 mittit
3003 2648 3212 2713 nostri
3254 2666 3405 2712 cum
3448 2647 3714 2714 Christo
3755 2651 4298 2728 communionem,
4365 2651 4498 2716 nisi
4539 2668 4680 2733 quae

2756 2733 2844 2798 sit
2886 2735 3123 2797 mentis
3167 2741 3390 2797 nostra
3441 2754 3592 2799 cum
3638 2734 3874 2816 spiritu
3931 2735 4166 2816 ipsius:
4226 2746 4492 2800 nostrae
4546 2755 4679 2802 vero

2754 2817 3098 2900 carnisque
3139 2818 3791 2884 communicationem
3833 2820 4051 2903 palam
4094 2835 4441 2886 aversatur
4484 2829 4552 2886 et
4582 2819 4680 2884 tol·

2754 2904 2850 2969 lit.
2939 2905 3108 2968 Tum
3153 2903 3324 2986 quod
3382 2905 3770 2987 panegyrim
3822 2913 4081 2970 tantum
4141 2925 4414 2971 coenam
4473 2906 4681 2973 statuit

2756 2999 3315 3074 praeterpropter,
3370 2988 3451 3053 de
3510 2990 3703 3055 nudis
3757 2991 4074 3074 symbolis
4128 2994 4547 3075 maximeque
4587 2991 4678 3056 ab·

2756 3075 3052 3142 sentibus
3096 3097 3293 3141 carne
3347 3084 3412 3140 et
3465 3076 3788 3160 sanguine
3833 3075 4083 3144 Ohristi
4140 3078 4482 3157 naeniam,
4538 3096 4678 3161 quae

4788 3069 4789 3091 ⁴⁴
4766 2673 4782 2970 ιμ--ι-ιᾷ

2757 3162 2884 3228 scis
2928 3172 3006 3226 ut
3059 3160 3406 3227 immodica
3460 3160 3761 3227 libertate
3813 3161 3950 3230 illic
4009 3163 4412 3229 obtrudatur.
4518 3162 4677 3244 Quae
4780 3188 4787 3225 -1

2753 3268 2876 3313 nos
2919 3268 3119 3329 quum
3163 3267 3294 3311 non
3338 3267 3683 3329 possumus
3726 3246 4014 3314 docendo
4058 3250 4366 3331 profiteri,
4422 3248 4678 3315 subscri·
4788 3256 4789 3259 ’

2753 3331 2964 3398 bendo
3007 3332 3365 3415 approbare
3390 3332 3922 3431 qui-possumus?
3990 3332 4104 3401 Sic
4126 3349 4346 3400 autem
4375 3335 4580 3401 nostri
4603 3334 4676 3397 vi·
4788 3342 4789 3351 ’

2756 3418 2999 3483 dentur
3024 3415 3399 3483 induruisse
3419 3420 3674 3498 animis,
3718 3419 3965 3484 nullam
3987 3434 4060 3484 ut
4101 3419 4454 3486 videantur
4477 3440 4679 3505 quam·

2755 3505 2915 3569 libet
2958 3503 3199 3568 iustam
3244 3504 3325 3567 de
3358 3504 3658 3569 libertate
3699 3505 4083 3587 prophetiae
4127 3508 4555 3571 monitionem
4589 3501 4680 3568 vel

2757 3587 3097 3654 candidam
3141 3588 3211 3652 in
3256 3588 3434 3653 hisce
3468 3590 3664 3657 rebus
3698 3591 3901 3656 sacris
3934 3591 4543 3676 interpretationem
4586 3587 4681 3655 ad·

2755 3673 3044 3740 missuri.
3135 3671 3359 3754 Quare
3411 3674 3480 3739 id
3530 3696 3571 3740 a
3615 3683 3681 3741 te
3738 3695 3887 3741 cum
3969 3680 4245 3743 caeteris
4288 3678 4679 3760 potissimum
4786 3732 4793 3743 .

2755 3757 3231 3837 contendimus,
3275 3760 3374 3824 uti
3415 3762 3808 3827 conscientia
3849 3761 4005 3844 quid
4054 3764 4359 3828 incolumi
4415 3764 4615 3847 possit
4649 3779 4683 3822 a
4796 3810 4797 3831 ἦ

2755 3843 2942 3911 nobis
2984 3845 3304 3929 praestari
3347 3844 3595 3914 doceas.
3684 3845 3831 3912 Scis
3875 3850 4209 3931 negotium
4246 3848 4556 3914 ecclcsiae
4590 3846 4679 3910 hio

2757 3932 2928 4015 geri,
2994 3931 3182 3996 cuius
3244 3935 3358 4008 (ne
3401 3931 3568 3998 salvi
3617 3932 3850 4009 simus)
3906 3932 4340 3999 incolumitati
4404 3935 4680 3999 fortunas

2755 4016 3203 4083 valetudinem
3243 4024 3314 4082 et
3355 4017 3573 4082 studia
3628 4017 3909 4083 libenter
3954 4019 4434 4101 posthabemus.
4521 4019 4678 4085 Bur·

2756 4123 2903 4167 sum
2947 4104 3040 4167 sic
3082 4102 3385 4168 timemus
3431 4103 3788 4167 Dominum
3805 4154 3822 4182 ,
3881 4104 3975 4169 sic
4020 4107 4361 4170 veritatem
4404 4105 4678 4171 verbum·

2754 4208 2881 4270 que
2935 4206 3360 4265 veneremur,
3419 4197 3496 4252 ut
3550 4186 3617 4252 id
3672 4188 4028 4271 quamlibet
4080 4191 4337 4255 ardenti
4394 4189 4678 4256 ecclesiae
4792 4184 4795 4263 ἶ,

2752 4272 3132 4356 patriaeque
3174 4273 3389 4360 amori·
3421 4274 3881 4356 praeferamus.
3972 4273 4106 4341 Sed
4161 4276 4307 4342 vale
4362 4297 4510 4343 cum
4566 4272 4678 4337 tuis

2753 4359 3071 4424 omnibus.
3162 4356 3415 4441 Scripsi
3457 4359 3717 4424 Bernae
3776 4365 3875 4425 25.
3922 4361 4241 4426 Novemb.
4294 4383 4467 4426 anno
4520 4359 4678 4424 1546.

2754 4444 2859 4509 De
2901 4443 3153 4529 synodo
3194 4445 3383 4509 nobis
3438 4464 3586 4527 spes
3627 4454 3771 4511 erat
3812 4445 4047 4528 aliqua,
4103 4447 4216 4513 sed
4261 4448 4553 4530 praecisa
4592 4452 4679 4507 est

2756 4528 2941 4594 nobis
2983 4528 3153 4613 quod
3198 4530 3432 4594 fratres
3476 4528 3736 4610 decani,
3790 4552 3994 4615 quum
4052 4533 4183 4600 huc
4225 4533 4545 4611 venerint,
4587 4548 4677 4595 co·

2753 4635 2898 4680 ram
2940 4624 3350 4699 cognoscent.

4078 4705 4154 4769 Τ.
4200 4704 4526 4772 Sulcerus.

2957 4920 3018 4985 5)
3061 4922 3389 4977 Aaronem
3457 4924 4674 4993 ahauaatirotermipoumfflamuum
4792 4978 4793 4983 ,

2752 4990 2945 5060 leuatis
2977 4996 3203 5044 senaim
3232 5008 3300 5044 nt.
3391 4997 3483 5045 aio
3502 4993 3812 5063 insequenti
3841 4996 4286 5062 subeam-cptiones·-
4321 4994 4467 5048 alam
4501 5007 4569 5046 σε
4599 4990 4674 5042 de·

2753 5066 2896 5114 creto
2942 5059 3280 5127 super-iorum
3318 5062 3697 5128 proposuisse,
3752 5064 3860 5115 into
3918 5065 4251 5130 imposuisse.
4348 5061 4464 5117 Vide
4543 5060 4673 5113 bunc
4792 5034 4793 5093 Ψ

2752 5129 2914 5184 talen·
2947 5130 3126 5181 virum
3161 5127 3370 5183 Nostro
3401 5145 3516 5184 non
3547 5131 3813 5185 immerito
3862 5139 4163 5199 suspectum
4195 5134 4372 5198 fuisse
4401 5134 4424 5196 (
4490 5168 4504 5183 .
4537 5126 4673 5192 w).
4792 5120 4793 5137 ¹
