4825 6175
219 442 329 506 437

216 647 364 715 genz
405 624 695 706 darmez,
751 623 1040 708 Lequelz
1084 645 1158 691 ce
1197 625 1442 691 faisant
1484 645 1569 691 ne
1610 624 1992 707 pourroient
2036 644 2142 690 re·

216 711 455 783 couvrir
498 710 892 790 nullement‚
943 711 1036 795 316
1081 732 1166 777 66
1220 711 1432 776 661661
1475 732 1516 776 a
1556 710 1622 776 la
1656 711 1846 776 haste
1891 709 2146 776 totalle-

212 806 378 867 ment
417 796 875 880 gourmandez.
965 797 1152 863 Affin
1211 796 1502 879 donquez
1559 817 1685 880 que
1728 817 1896 879 pour
1937 815 2145 880 payer

210 893 272 952 et
307 883 661 949 entretenir
703 882 930 949 lesdits
964 882 1358 967 gendarmez
1391 882 1486 967 316
1527 903 1615 948 66
1649 884 1969 947 souffrent
2002 882 2144 946 aul-

209 991 362 1038 6666
402 969 603 1034 faulte
648 968 926 1053 dargent
968 976 1268 1046 content,
1328 969 1456 1035 bon
1514 968 1718 1034 661611
1771 989 1899 1052 (166
1941 967 2143 1033 16(1116

207 1055 351 1124 ville
402 1055 646 1120 allhors
702 1055 918 1120 auroit
985 1054 1261 1138 pouvoir
1313 1075 1480 1136 pour
1533 1054 1594 1119 le
1651 1065 2007 1138 payement
2061 1051 2143 1119 de

197 1141 408 1229 Jcellez
451 1161 615 1223 genz
671 1139 752 1205 de
805 1161 1045 1224 guerre
1101 1139 1183 1204 de
1239 1161 1348 1207 ces
1403 1148 1662 1224 quattre
1717 1141 1909 1223 vingt
1961 1139 2143 1206 mille

205 1250 396 1304 escuz,
441 1226 781 1310 employer
823 1237 890 1290 et
933 1225 1283 1309 dispendre
1318 1226 1595 1310 quelque
1638 1226 1853 1291 bonne
1895 1246 2143 1291 somme

206 1314 472 1396 dargent
533 1333 827 1396 pourveu
893 1334 1016 1394 que
1074 1311 1269 1396 jcelle
1334 1332 1583 1377 somme
1650 1333 1733 1376 ne
1775 1312 2143 1377 ’1666161611

202 1399 337 1484 11166
378 1398 566 1463 116611
608 1419 734 1480 (166
778 1420 818 1463 6
860 1397 974 1463 dix
1017 1397 1199 1461 mille
1234 1417 1439 1463 66666.
1527 1398 1620 1462 Et
1654 1417 1742 1462 au
1784 1416 1892 1462 cas
1930 1397 2141 1479 quelle

205 1507 282 1552 en
320 1483 775 1567 desponderoit
817 1484 899 1549 de
942 1484 1112 1566 plus,
1157 1482 1282 1547 elle
1326 1505 1409 1548 en
1465 1484 1667 1548 seroit
1707 1494 1907 1547 tenue
1954 1481 2036 1548 de
2077 1482 2140 1549 16

201 1571 548 1638 (1611661661
598 1570 679 1635 de
736 1591 856 1636 son
900 1577 1136 1652 argent
1177 1590 1410 1652 propre
1427 1619 1443 1646 ,
1487 1569 1833 1652 Avecques
1875 1589 1947 1634 ce
1989 1578 2142 1653 pact

200 1663 263 1723 et
300 1655 630 1723 condition
675 1677 802 1739 que
842 1677 916 1721 ce
960 1677 1084 1737 que
1141 1676 1182 1719 6
1238 1654 1570 1738 chaseung
1624 1675 1811 1738 moys
1871 1655 1996 1720 elle
2054 1676 2139 1720 en

199 1741 594 1825 despendera
667 1743 882 1807 moins
959 1763 1046 1806 ou
1117 1742 1483 1824 justement
1536 1742 1811 1824 jusques
1876 1739 2139 1805 alladite

198 1848 435 1894 somme
479 1826 561 1893 de
618 1825 731 1892 dix
782 1827 963 1892 mille
1017 1848 1234 1906 escuz,
1281 1827 1580 1891 Sofl'rant
1621 1825 2000 1910 toutteffoys
2041 1825 2137 1891 16-

195 1911 320 1979 dite
363 1913 522 1978 ville
567 1914 753 1978 audit
794 1913 946 1997 Roy
989 1911 1420 1978 'Prescristien
1454 1933 1539 1975 ou
1583 1931 1622 1975 a
1665 1932 1769 1976 666
1814 1911 2137 1976 0611111116-

195 2001 394 2066 661166
440 2020 483 2064 6
527 2020 600 2065 66
644 1998 919 2083 (16116166
962 2020 1083 2082 1161
1125 1999 1221 2063 166
1254 1997 1595 2081 Registres
1637 2007 1702 2061 et
1737 1998 2014 2079 escriptz
2050 1997 2138 2062 du

194 2085 441 2170 change
486 2082 569 2149 de
611 2084 849 2150 rendre
891 2093 1080 2150 conte
1116 2086 1295 2167 juste
1339 2094 1408 2149 et
1450 2082 1837 2160 raisonable‚
1884 2081 2011 2148 elle
2056 2104 2140 2148 ne

193 2170 311 2237 soit
351 2169 725 2236 nnllement
759 2179 960 2235 tenue
1002 2191 1088 2234 ou
1124 2170 1375 2253 obligee
1412 2168 1493 2234 de
1535 2169 1698 2233 faire
1731 2168 2141 2233 Restitution

191 2256 267 2324 de
307 2279 381 2323 66
428 2255 618 2322 audit
662 2256 814 2341 Roy
859 2255 1309 2323 Trescristien.

352 2342 562 2412 Aussi
605 2350 749 2407 tout
790 2363 864 2408 66
906 2341 1079 2423 (16116
1123 2340 1627 2426 nemployeront
1667 2360 1751 2406 611
1791 2348 2143 2425 payement

191 2426 435 2494 desditz
481 2427 786 2493 souldarz
831 2448 1080 2492 comme
1124 2426 1351 2492 dessus
1395 2435 1498 2492 est
1541 2425 1706 2504 (1161,
1763 2425 1849 2511 jlz
1903 2447 1985 2491 en
2045 2447 2142 2491 se-

59 2509 62 2520 “
185 2535 336 2579 rons
398 2512 593 2578 audit
647 2513 796 2600 Roy
855 2511 1286 2577 'Prescristien
1344 2533 1429 2577 611
1484 2532 1525 2576 6
1577 2533 1683 2577 666
1727 2531 2141 2580 66666666616

59 2645 62 2684 :
186 2619 370 2682 apres
414 2599 486 2664 la
530 2600 625 2664 fin
668 2598 749 2664 de
792 2599 859 2665 la
897 2619 1132 2682 guerre
1177 2597 1424 2664 dedans
1457 2598 1519 2663 16
1559 2607 1767 2663 terme
1810 2596 1991 2682 dung
2032 2618 2137 2677 an,

59 2689 62 2756 5
187 2683 262 2750 de
302 2705 521 2770 payer
563 2692 633 2750 61
684 2683 767 2750 (16
819 2684 1130 2750 166111661
1182 2683 1617 2749 entierement
1672 2704 1828 2749 sans
1886 2694 2140 2750 contra-

59 2797 60 2834 ;
185 2767 427 2838 diction
473 2769 775 2850 aulcune,
819 2769 1237 2836 totallement
1276 2777 1472 2835 16666
1516 2777 1583 2835 61
1624 2769 1892 2853 obligez.

1085 3299 1246 3371 860.

206 3455 650 3525 MINISTRI
691 3452 1625 3626 ΑΒΘΕΝΞῙΟέὖΔΒΤΕΝΒΕΒ
1671 3453 2107 3523 ΤΠΒΙΟΕΝ-

357 3732 537 3815 Quid
606 3751 748 3797 oum
822 3729 1151 3794 iuvenibus
1230 3729 1675 3795 Turiomsibus
1738 3728 2145 3813 Arymtorati

179 3819 412 3884 modiis
457 3837 717 3899 operam
755 3816 1132 3881 navantibus
1165 3816 1242 3881 de
1274 3835 1460 3880 coena
1492 3819 1548 3880 et
1575 3814 1729 3895 fidei
1748 3816 2144 3898 professione

181 3905 433 3988 offerint,
479 3907 795 3986 expommt
833 3906 894 3967 et
934 3900 1274 3966 vindicant.

182 4074 321 4142 (Duo
374 4077 605 4129 exstant
661 4073 993 4142 exemplaria
1043 4072 1099 4125 16
1147 4071 1402 4124 Archivis
1447 4071 1855 4139 ¹Pul-icensibus,
1907 4072 2141 4126 6116111111

180 4144 561 4198 authenticum
609 4158 731 4196 cum
776 4141 986 4195 66116611
1028 4141 1267 4193 tionibus
1313 4140 1665 4209 autographis
1696 4141 1842 4194 Plnt.
1879 4140 1978 4197 v1.
2013 4141 2141 4196 Vol.

182 4210 295 4273 105,
331 4214 471 4266 olim
508 4212 684 4266 861111.
719 4213 782 4265 Β.
821 4210 949 4266 Vol.
1011 4250 1023 4263 .
1071 4210 1163 4262 fol.
1210 4207 1340 4277 379,
1388 4209 1619 4262 alterum
1665 4228 1699 4261 6
1745 4209 2001 4278 Myconio
2050 4210 2142 4264 de·

179 4283 447 4350 6611111661
484 4279 618 4335 ibid.
659 4279 777 4335 Vol.
815 4277 935 4349 177,
970 4279 1099 4400 oux?
1123 4276 1265 4401 147(ξ2
1277 4278 1369 4332 fol.
1407 4275 1523 4331 169.
1573 4303 1641 4316 -
1676 4277 1939 4332 Simlerns
1974 4278 2143 4333 habet

1090 4364 1123 4402 o
1148 4384 1160 4396 ·
1267 4352 1306 4415 .)

181 4519 593 4590 Clarissimis
655 4519 823 4585 viris
885 4520 969 4585 D.
1037 4518 1330 4585 Hem-ico
1386 4517 1776 4602 Bullingero
1835 4517 2142 4586 Oonrado

348 4607 695 4675 Pellicano
739 4604 1083 4672 Theodoro
1128 4602 1510 4669 Bibliandro
1554 4624 1632 4669 ac
1673 4605 1947 4671 caeteris
1991 4626 2143 4688 pas-

350 4693 613 4761 toribus
671 4692 980 4760 ecclesiae
1033 4691 1392 4775 Tigurinae
1445 4690 1690 4756 nostris
1742 4691 1812 4754 in
1857 4691 2144 4757 Domino

349 4781 749 4867 symmystis
794 4788 862 4845 61
894 4777 1206 4844 fratribus
1240 4774 1662 4927 1666166111τῖῚί
1678 4787 1745 4841 61
1787 4777 2143 4876 carissimis

351 5001 673 5068 Gratiam
726 5007 794 5067 61
843 5021 1071 5085 pacem
1127 5001 1197 5065 in
1251 4998 1571 5079 Domino,
1629 4996 1888 5066 colendi
1930 5007 1998 5065 61
2040 5021 2143 5067 66-

179 5085 431 5153 11661161
478 5088 626 5155 viri.
714 5088 1039 5154 Dominus
1082 5084 1348 5170 quidem
1391 5106 1622 5168 passus
1678 5094 1780 5150 est
1821 5086 2140 5167 quasdam

181 5170 483 5240 insidere
527 5175 954 5257 quaestiones,
997 5172 1079 5238 de
1121 5172 1358 5255 quibus
1399 5192 1538 5237 666
1593 5170 1773 5237 dedit
1822 5170 2141 5240 hactonus

183 5260 372 5325 nobis
419 5263 739 5344 utrinque
779 5260 954 5325 idem
1000 5257 1222 5324 videre
1237 5310 1252 5337 ‚
1307 5266 1535 5323 tamen
1590 5256 1774 5325 dedit
1813 5265 1892 5323 ut
1932 5259 2144 5324 utrin-

183 5363 308 5428 que
352 5345 706 5413 credamus
749 5354 816 5412 et
857 5345 1201 5411 doceamus
1244 5343 1503 5410 divinas
1554 5345 1913 5428 scripturas
1968 5344 2143 5412 solas

1892 441 2055 501 1546
2100 435 2512 504 DEOEMB.

4078 449 4209 514 488

2250 645 2393 691 6666
2433 624 2508 690 16
2551 623 2887 711 religionis
2931 624 3231 694 doctrina
3270 628 3672 712 sequendas,
3731 631 3957 697 omnia
4010 634 4212 702 66616-

2249 710 2387 777 siae
2442 718 2673 777 vetera
2727 711 3028 797 symbola
3081 734 3225 779 esse
3281 714 3564 781 tenenda
3621 722 3690 781 61
3745 717 4206 802 praedicanda,

2249 804 2318 861 et
2354 797 2425 861 in
2470 817 2628 862 vera
2671 797 2952 881 vivaque
3006 796 3136 864 fide
3178 799 3453 866 Domini
3506 802 3718 867 nostri
3754 802 3909 869 Iesu
3952 803 4208 872 Christi

2246 881 2528 947 salutem
2571 883 2868 948 omnium
2909 882 3252 950 hominum
3289 884 3679 969 ponendam,
3723 896 3791 954 61
3832 888 4012 955 11666
4052 912 4208 975 (1116-

2247 988 2376 1051 (166
2419 968 2907 1051 agnoscendum
2952 968 3181 1036 adesse
3223 970 3393 1052 suis,
3451 980 3519 1037 et
3562 994 3705 1039 esse
3746 974 4078 1042 efficacem
4122 976 4207 1046 ad

2246 1053 2614 1137 augendam
2658 1054 2942 1120 salutem
2986 1075 3261 1121 66611116
3276 1103 3293 1134 ,
3350 1078 3555 1140 (16616
3611 1059 3685 1124 16
3740 1062 4006 1127 6616166
4063 1063 4206 1130 6166

2245 1140 2628 1224 congregati
2671 1149 3084 1207 sacramenta
3123 1141 3335 1226 ipsius
3390 1142 3684 1227 legitime
3740 1144 4206 1213 administrant

2246 1233 2440 1307 atque
2493 1225 2893 1310 percipiunt,
2955 1226 3051 1290 116
3113 1236 3194 1292 61
3254 1227 3328 1293 16
3385 1230 3789 1298 confessione
3848 1232 4203 1300 Basiliensi

2245 1311 2526 1377 confessi
2570 1311 2745 1377 estis.
2833 1311 2963 1377 His
3003 1312 3028 1377 i
3143 1334 3230 1378 ue
3283 1313 3366 1378 de
3419 1316 3636 1381 causis
3679 1318 4203 1386 existimavimus

2243 1398 2480 1462 merito
2523 1397 3051 1462 communionem
3156 1398 3350 1465 hristi
3406 1421 3549 1466 esse
3602 1401 3943 1467 colendam
3988 1404 4202 1472 vobis·

2245 1502 2412 1559 cum,
2458 1491 2658 1564 atque
2698 1482 2846 1548 ideo
2889 1483 3098 1549 amice
3141 1504 3402 1567 semper
3436 1486 3517 1550 de
3550 1485 3738 1552 vobis
3773 1489 4099 1556 sensimus
4133 1499 4204 1556 et

2241 1566 2501 1651 loquuti
2545 1589 2800 1648 sumus,
2856 1569 3263 1652 nostrisque,
3317 1591 3518 1653 quum
3573 1593 3682 1638 eos
3724 1572 4075 1658 aliquando
4116 1574 4203 1642 ad

2242 1673 2363 1717 vos
2385 1654 2706 1732 misimus,
2752 1666 2830 1719 ut
2849 1654 3024 1720 idem
3048 1656 3338 1722 facerent
3360 1656 3712 1741 diligenter
3735 1662 4200 1742 commisimus,

2242 1749 2755 1823 pergratumque
2813 1740 3195 1821 habuimus,
3264 1740 3435 1826 quod
3506 1752 3573 1807 et
3622 1753 3876 1812 vestros
3929 1747 4201 1814 misistis

2243 1823 2325 1888 ad
2371 1846 2517 1891 nos:
2576 1847 2737 1909 (1666
2778 1846 2907 1909 qua
2950 1826 3284 1909 potuimus
3341 1827 3751 1895 humanitate
3808 1840 3875 1895 et
3930 1833 4201 1899 caritate

2243 1910 2569 1993 complexi
2611 1933 2840 1977 sumus
2882 1918 2951 1977 et
2994 1913 3439 1979 tractavimus.
3542 1913 3823 1981 Interim
3893 1916 3980 1996 id,
4027 1918 4199 2001 quod

2244 1994 2326 2060 de
2360 1996 2775 2078 quorundam
2810 1997 3099 2063 locorum
3137 1998 3611 2081 scripturarum
3645 2001 4202 2085 interpretatione,

2245 2080 2327 2145 de
2370 2084 2565 2147 certis
2611 2083 2899 2148 ecclesiis
2941 2090 3012 2148 et
3055 2084 3411 2163 ministris,
3471 2106 3605 2151 non
3655 2085 3832 2152 idem
3876 2088 3965 2154 sit
4006 2089 4205 2156 utris-

2245 2187 2373 2248 que
2415 2166 2759 2246 iudicinm,
2815 2166 3106 2232 Domino
3158 2170 3793 2249 commendavimus,
3859 2182 4204 2255 precantes

2245 2260 2340 2351 ut·
2367 2262 2434 2318 et
2474 2253 2556 2317 de
2601 2253 2707 2319 his
2750 2252 3025 2319 eandem
3068 2262 3135 2319 et
3178 2275 3368 2320 snam
3425 2257 3612 2323 nobis
3668 2260 4062 2325 sententiam
4105 2261 4204 2325 in-

2244 2347 2468 2422 spiret.

2418 2423 2643 2505 Quum
2702 2444 2856 2489 vero
2914 2431 3050 2490 tres
3119 2424 3562 2493 adolescentes
3578 2477 3594 2505 ‚
3661 2427 3792 2492 duo
3860 2435 4202 2510 vestrates,

2244 2507 2629 2576 Ludovicus
2670 2511 3023 2576 Lavatems
3050 2510 3097 2595 ¹)
3141 2520 3211 2577 61
3250 2512 3529 2578 Iacobus
3556 2512 3889 2594 amerus,
3929 2521 3997 2581 et
4031 2537 4204 2582 unus

2246 2593 2819 2672 Schaffhusianus,
2865 2605 3086 2661 essent
3126 2598 3454 2664 commissi
3496 2597 3644 2664 fidei
3697 2608 4101 2685 symmystae
4138 2610 4207 2665 et

2245 2681 2468 2748 fratris
2504 2682 2715 2747 nostri
2756 2681 2843 2746 D.
2879 2681 3148 2748 Ioannis
3190 2682 3577 2765 Μαφαοῆἰί,
3618 2683 3855 2750 hab'uit
3886 2693 4061 2752 certe
4095 2687 4205 2756 hio

2243 2766 2389 2832 illos
2425 2767 2640 2833 instar
2671 2767 2976 2846 filiorum,
3011 2767 3301 2833 instituit
3335 2767 3420 2832 ad
3456 2770 3785 2851 pietatem,
3823 2769 4204 2855 adiuvitque

2244 2851 2469 2919 studia
2508 2853 2774 2919 illorum
2821 2852 3036 2937 quoad
3077 2854 3308 2937 potuit,
3353 2875 3478 2921 nec
3510 2875 3802 2939 unquam
3838 2878 3948 2923 eos
3983 2857 4202 2941 dispu-

2243 2939 2494 3004 tatione
2538 2936 2619 3004 de
2663 2939 3060 3005 eucharistia
3103 2938 3210 3006 vel
3252 2939 3382 3004 alia
3429 2941 3906 3023 scrupulosiore
3949 2942 4201 3028 discep-

2245 3026 2493 3091 tatione
2550 3025 2983 3109 perturbavit.
3070 3024 3328 3092 Verum
3385 3046 3593 3110 quum
3649 3026 3747 3092 illi
3793 3048 4022 3094 mensa
4065 3029 4200 3099 Do-

2243 3112 2409 3176 mini
2452 3111 2560 3178 hic
2605 3131 2943 3194 nunquam
2987 3112 3565 3190 communicarent,
3624 3112 3797 3195 qnod
3842 3116 4080 3180 caeteri
4124 3116 4202 3180 11-

2244 3197 2376 3263 1166
2420 3197 2827 3264 convictores
2862 3199 3100 3264 merito
3135 3196 3413 3264 subinde
3442 3198 3785 3278 faciebant,
3831 3208 3899 3265 et
3940 3209 4202 3285 tempus

2243 3284 2376 3348 iam
2435 3282 2713 3366 paschae
2770 3284 3074 3366 proxime
3129 3283 3559 3368 praeteritum
3617 3283 3999 3369 adpetisset,
4072 3307 4202 3371 quo

2245 3378 2452 3435 totam
2505 3368 2800 3434 scholam
2853 3369 2935 3434 ad
2994 3390 3046 3435 s.
3100 3370 3375 3435 Domini
3432 3372 3956 3437 communionem
4010 3371 4202 3438 insti·

2244 3462 2432 3521 tuere
2475 3461 2543 3521 61
2584 3455 2925 3521 exhorta-ri
2967 3454 3273 3535 solemus,
3332 3456 3739 3523 existimavit
3781 3455 4205 3541 Marpachius

2244 3541 2347 3607 sui
2391 3561 2537 3607 esse
2580 3540 2903 3620 muneris,
2958 3548 3025 3605 et
3079 3549 3158 3606 ut
3213 3543 3495 3625 pastoris
3535 3541 3819 3621 illorum,
3865 3552 3936 3609 et
3977 3550 4053 3609 ut
4096 3542 4205 3609 do-

2246 3627 2501 3693 mestici
2543 3625 2992 3704 moderatoris,
3036 3633 3113 3691 ut
3144 3625 3523 3693 hortaretur
3565 3648 3678 3694 eos
3710 3627 3796 3692 ad
3837 3630 4205 3695 communi·

2245 3712 2532 3779 candum
2574 3732 2805 3777 mensa
2845 3710 3119 3777 Domini
3160 3733 3310 3778 cum
3353 3714 3631 3780 caeteris
3673 3714 3814 3780 suis
3856 3713 4202 3781 contuber-

2246 3799 2506 3864 nalibus
2559 3818 2636 3864 ac
2688 3806 2829 3863 tota
2875 3797 3128 3864 Christi
3186 3798 3477 3864 ecclesia.
3565 3797 3646 3862 Id
3691 3820 3849 3883 ergo
3891 3799 4050 3867 fecit
4090 3800 4202 3865 ad-

2245 3884 2630 3966 monuitque
2683 3903 2795 3951 eos
2850 3894 2930 3948 ut
2981 3879 3110 3948 fide
3166 3883 3447 3966 simplici
3498 3883 3787 3949 instituti
3844 3894 3914 3950 et
3969 3887 4202 3952 verbo-

2245 3990 2394 4035 rum
2443 3968 2717 4036 Domini
2770 3969 3369 4048 communicarent,
3426 3990 3547 4035 nec
3605 3989 3676 4034 se
3728 3970 4205 4037 constituerent

2246 4055 2497 4123 iudices
2540 4055 3022 4122 controversiae
3076 4076 3242 4137 quae
3299 4053 3424 4120 hac
3479 4054 3561 4120 de
3615 4076 3688 4121 re
3731 4057 4039 4140 agitatur,
4084 4065 4204 4122 aut

2248 4142 2448 4207 etiam
2492 4140 2574 4207 de
2616 4140 2808 4207 modo
2842 4140 3286 4224 scrupulosius
3327 4140 3740 4224 inquirerent
3781 4161 3909 4223 quo
3930 4140 4201 4208 Ohristo

2247 4228 2838 4294 communicamus:
2878 4246 3083 4311 grave
3117 4246 3278 4304 esse,
3322 4247 3478 4293 eum
3512 4227 3625 4310 qui
3659 4225 3822 4293 velit
3853 4249 4025 4294 unus
4059 4249 4203 4295 esso

2247 4334 2398 4379 cum
2443 4313 2719 4379 caeteris
2761 4310 3066 4378 fidelibus
3107 4311 3327 4395 panis,
3386 4333 3596 4378 unum
3637 4333 3895 4398 corpus,
3954 4312 4201 4381 detrec-

2248 4411 2390 4465 tare
2434 4418 2584 4464 cum
2637 4399 2745 4464 his
2798 4419 2929 4463 uno
2981 4398 3181 4463 etiam
3240 4398 3507 4463 Domini
3561 4419 3732 4481 pane
3834 4400 4198 4481 articipare.

2247 4485 2388 4551 Ista
2429 4493 2709 4569 paterna
2751 4482 3193 4550 admonitione
3247 4481 3333 4548 ad
3387 4505 3500 4550 eos
3555 4486 3731 4550 facta
3826 4483 4200 4551 chafhusia—

2247 4593 2373 4637 nus
2416 4569 2945 4647 communicavit,
3002 4568 3209 4635 vestri
3252 4568 3384 4634 duo
3426 4590 3559 4635 non
3615 4570 4203 4637 communicarunt.

2246 4657 2432 4721 Tulit
2468 4656 2539 4722 id
2581 4657 2667 4722 D.
2714 4653 3137 4736 Mamachius
3178 4662 3248 4719 et
3289 4652 3745 4722 dissimulavit.
3811 4653 4036 4736 Quum
4079 4675 4199 4721 au-

2247 4749 2380 4807 tem
2429 4744 2558 4808 Dn.
2604 4742 2688 4807 D.
2740 4741 3094 4807 Ges-merus
3146 4741 3442 4806 venisset
3484 4741 3566 4806 ad
3611 4761 3730 4806 nos
3773 4741 3841 4804 in
3879 4740 4199 4806 nundinis

2247 4828 2494 4893 nost-ris
2509 4878 2527 4908 ,
2585 4826 2980 4892 contulimus
3038 4847 3189 4891 cum
3234 4824 3347 4891 illo
3392 4824 3473 4891 de
3516 4824 3640 4892 hac
3682 4847 3755 4890 re
3798 4834 3867 4891 et
3908 4825 4198 4892 ostendi-

2245 4934 2393 4979 mus
2438 4933 2634 4996 quam
2674 4912 2953 4995 simplici
2997 4919 3065 4978 et
3106 4910 3398 4997 generali
3438 4912 3844 4978 confessione
3888 4911 3969 4978 de
4012 4932 4200 4994 prae-

2243 5001 2461 5065 sentia
2501 5009 2569 5065 et
2610 4999 2898 5067 efficacia
2917 4997 3186 5063 Domini
3222 5000 3295 5064 in
3329 5017 3515 5064 sacra
3556 5018 3760 5064 coena
3801 4997 4010 5063 simus
4044 5018 4199 5065 6611-

2243 5087 2446 5167 tenti,
2513 5095 2713 5170 atque
2769 5083 2939 5150 nihil
2997 5083 3078 5151 ab
3133 5083 3653 5150 adolescentibus
3709 5083 3857 5148 istis
3896 5091 4201 5167 petamus

2265 5360 2415 5415 860.
2453 5361 2512 5427 l)
2547 5360 2628 5417 N.
2661 5357 2783 5414 836.

3681 5440 3786 5497 28*
