4825 6175
176 430 279 494 289

174 622 399 682 nostras
442 612 774 688 ecclesias,
829 611 902 675 in
947 610 1248 679 viventes
1294 620 1361 677 et
1401 619 1698 680 mortuos
1715 664 1729 692 ,
1771 613 1972 677 talem
2016 619 2093 677 ut

171 721 285 768 non
322 698 723 782 potuerimus
765 698 981 781 ipsum
1026 697 1192 761 citra
1233 698 1587 782 impietatis
1634 708 1857 765 notam
1902 696 2090 763 dissi-

167 785 412 853 mulare.
460 781 948 866 Respondimus
982 803 1138 865 ergo
1175 803 1253 846 ea
1287 805 1414 866 qua
1449 784 1785 869 potuimus
1822 785 2091 849 lenitate

170 882 227 938 et
262 869 774 947 mansuetudine,
821 890 898 934 ea
941 870 1204 933 interim
1250 870 1553 936 libertate
1597 880 1878 948 utentes,
1924 890 2092 953 quae

169 958 556 1025 Christianos
589 962 788 1038 atque
821 976 1046 1020 veram
1080 953 1279 1019 fidem
1319 966 1392 1021 et·
1417 957 1808 1041 religionem
1844 956 2091 1021 haben—

165 1053 253 1110 tes
311 1064 440 1107 non
505 1041 824 1107 dedecet.⁴
875 1041 1102 1124 Neque
1168 1040 1544 1107 dubitamus
1608 1043 1730 1126 ipsi
1797 1060 2091 1125 pugnam

164 1131 320 1195 hanc
360 1126 648 1194 Satanae
704 1147 903 1211 opera
959 1134 1391 1192 restauratam
1449 1147 1624 1193 esse:
1682 1149 1911 1193 verum
1957 1146 2092 1191 non

159 1215 539 1299 ignoramus,
583 1211 802 1278 Deum
850 1211 1002 1295 Opt.
1049 1213 1227 1278 Max.
1277 1234 1393 1295 pro
1450 1213 1772 1279 ineffabili
1816 1234 1938 1277 sua
1981 1212 2092 1276 bo-

41 1358 44 1363 ,
160 1303 349 1365 nitate
383 1299 449 1363 id
486 1298 658 1381 quod
695 1297 979 1364 Satanas
1020 1301 1096 1362 in
1137 1299 1385 1363 malum
1430 1300 1740 1365 ecclesiae
1784 1299 2096 1383 cogitavit

156 1389 218 1452 in
261 1386 577 1450 eximium
634 1383 895 1468 aliquod
948 1382 1333 1449 beneficium
1390 1384 1676 1469 benigne
1740 1404 2092 1449 conversu-

157 1492 312 1538 rum.
402 1470 656 1536 Viderit
705 1471 972 1534 interim
1018 1469 1174 1551 quid
1216 1470 1390 1535 iusto
1434 1471 1634 1537 iudici
1683 1470 2090 1553 respondeat,

192 1558 255 1622 ui
295 1565 560 1639 praeter
602 1558 1056 1621 necessitatem
1115 1563 1182 1620 et
1223 1556 1580 1623 utilitatem
1619 1558 1828 1633 rixae,
1886 1556 2094 1621 offen-

197 1643 360 1707 'cula
403 1652 472 1707 et
517 1640 789 1706 dissidia
829 1644 1076 1706 excitat
1118 1642 1293 1706 inter
1334 1641 1648 1719 homines,
1695 1643 1936 1726 partim
1983 1663 2089 1706 ve-

149 1728 358 1795 ritatis
401 1728 744 1805 studiosos,
789 1728 1028 1811 partim
1075 1729 1561 1809 superstitionis
1604 1729 1863 1793 amicos.
1948 1727 2096 1792 Hoc

151 1814 471 1880 duntaxat
525 1814 634 1880 hic
690 1812 1072 1890 adiecerim,
1139 1813 1306 1876 nihil
1363 1814 1432 1877 in
1489 1813 1614 1880 hac
1677 1814 2097 1879 contentione

43 1922 44 1925 ¹
146 1901 418 1984 privati,
476 1899 647 1983 quod
707 1899 951 1965 scilicet
996 1899 1257 1964 Lutheri
1299 1907 1417 1963 aut
1458 1908 1720 1965 nostras
1765 1920 2095 1982 personas,

144 1996 435 2052 nostram
506 1996 763 2050 tantum
826 1984 934 2049 vel
989 1984 1679 2068 Wittenbergensium
1759 1984 2097 2055 ecclesiam

144 2072 415 2150 attinet,
477 2073 647 2156 geri:
707 2070 820 2136 sed
865 2073 1200 2154 negotium
1245 2070 1594 2155 publicum,
1640 2071 1811 2154 quod
1855 2071 2104 2137 scilicet

139 2160 431 2241 pertinet
474 2156 559 2223 ad
602 2156 1043 2222 universalem
1087 2157 1426 2222 ecelesiam
1472 2165 1539 2221 et
1580 2158 1901 2223 sinceram
1947 2155 2098 2220 fidei

41 2310 42 2313 ,
142 2244 638 2309 confessionem.
723 2243 970 2327 Agitur
1028 2243 1202 2307 enim
1257 2241 1339 2307 de
1393 2243 1767 2307 sinceritate
1825 2251 1891 2307 et
1934 2244 2102 2307 inte-

137 2330 380 2412 gritate
428 2329 763 2395 doctrinae
810 2328 891 2394 de
944 2348 1148 2392 coena
1191 2329 1480 2407 Domini,
1540 2338 1609 2392 et
1652 2329 1733 2393 de
1775 2329 1882 2393 his
1936 2346 2102 2411 quae

138 2435 281 2479 cum
331 2413 467 2480 hac
501 2434 698 2480 causa
732 2415 1086 2479 coniuncta
1122 2421 1311 2478 sunt:
1358 2412 1442 2478 ad
1476 2414 1632 2497 quid
1669 2416 1973 2479 instituta
2016 2414 2104 2478 sit

41 2506 44 2511 '
132 2519 340 2564 coena
387 2501 690 2579 Domini,
725 2500 877 2582 quid
923 2500 1013 2565 sit
1045 2509 1112 2564 ot
1143 2498 1301 2582 quid
1337 2499 1579 2578 valeat,
1617 2520 1701 2564 an
1739 2499 1821 2563 de
1856 2520 1932 2564 ea
1968 2498 2101 2563 Lu-

131 2585 348 2650 therus
416 2606 541 2668 per
595 2587 818 2650 omnia
862 2585 1272 2650 Antichristo
1315 2588 1763 2663 consentiens,
1831 2596 2104 2668 excepta

130 2671 876 2738 transsubstantiat-ione
911 2679 979 2735 et
1010 2670 1278 2736 victima
1298 2671 1707 2753 quotidiana,
1745 2682 1921 2736 recte
1957 2693 2102 2736 sen-

41 2800 42 2813 *
130 2758 251 2822 tiat
309 2765 386 2823 et
450 2756 694 2823 doceat.
782 2758 1037 2823 Docent
1079 2777 1318 2839 panem
1378 2777 1519 2822 esse
1571 2778 1810 2840 corpus
1855 2756 2105 2823 Christi

41 2870 42 2873 ¹
129 2843 588 2910 essentialiter
610 2851 678 2907 et
696 2863 771 2907 re
812 2843 974 2926 ipsa,
1011 2843 1105 2907 ita
1135 2850 1215 2907 ut
1238 2854 1372 2907 tam
1396 2842 1580 2927 digni
1621 2862 1816 2926 quam
1853 2842 2106 2926 indigni

41 2926 44 3015 ᾗ
129 2929 349 3011 ipsum
393 2950 634 2995 verum
659 2928 929 2994 Domini
962 2948 1200 3010 corpus
1231 2928 1662 3007 manducent,
1699 2929 1987 3011 adeoque
2010 2928 2106 2991 illi

125 3013 250 3099 ipsi
298 3016 428 3099 qui
468 3035 705 3099 panem
744 3014 1111 3098 percipiunt
1142 3014 1359 3097 ipsum
1395 3014 1671 3079 Domini
1713 3034 1951 3098 corpus
1989 3032 2126 3077 ve·-

41 3129 44 3156 ·
125 3123 276 3167 rum
349 3113 428 3167 et
508 3101 809 3166 naturale
872 3102 1254 3184 percipiant.
1353 3102 1565 3167 Docet
1634 3100 1966 3176 zacheus,
2035 3100 2103 3164 in

41 3247 42 3268 ,
125 3207 332 3253 coena
392 3209 536 3253 non
592 3196 852 3252 tantum
929 3186 1332 3269 spiritualem
1413 3198 1480 3250 et
1545 3187 2107 3266 sacramentalem,

41 3289 42 3294 ’
126 3273 242 3337 sed
324 3284 685 3357 praeterea
765 3273 1026 3338 tertiam
1111 3272 1438 3355 quandam
1539 3272 2106 3338 manducationem

126 3380 270 3426 esse
338 3379 753 3442 corpoream.
855 3357 1067 3424 Docet
1136 3357 1478 3436 LutheruS,
1529 3357 1702 3424 hanc
1758 3355 2157 3443 manduca-i

121 3445 384 3510 tionem
437 3465 829 3527 corpoream
863 3444 1160 3511 conferre
1195 3444 1649 3510 remissionem
1694 3455 2110 3528 peccatorum

129 3539 196 3594 et
247 3532 487 3597 vitam
545 3540 895 3596 aeternam.
984 3528 1195 3596 Docet
1248 3529 1597 3609 butham,
1662 3530 2110 3597 ascensionem

124 3618 442 3699 corporis
466 3615 720 3682 Christi
758 3612 1126 3681 huiusmodi
1172 3636 1314 3681 esse
1335 3627 1412 3680 ut
1431 3616 1863 3682 nihilominus
1891 3613 2002 3681 hic
2040 3617 2111 3681 in

127 3704 332 3769 terris
399 3723 563 3768 cum
616 3722 788 3785 pane
842 3712 911 3766 et
963 3702 1034 3766 in
1079 3702 1440 3767 venerabili
1494 3710 1563 3767 et
1616 3701 1930 3767 adorabili
1983 3703 2112 3780 (ita

124 3791 308 3854 enim
390 3789 728 3871 loquitur)
805 3796 1252 3863 sacramento,
1315 3798 1431 3852 aut
1483 3786 1610 3853 sub
1663 3807 1834 3870 pane
1876 3807 2106 3852 verum

125 3874 306 3940 adsit
371 3895 627 3957 eorpus
686 3873 958 3941 Christi.
1045 3873 1252 3938 Posse
1320 3875 1496 3938 enim
1561 3894 1798 3957 corpus
1856 3873 2108 3940 Christi

122 3960 328 4026 simul
378 3971 466 4027 et
507 3961 708 4025 semel
762 3980 908 4025 esse
957 3960 1030 4023 in
1074 3958 1370 4040 pluribus
1424 3959 1600 4024 locis.
1686 3959 2106 4025 Mendacium

122 4066 287 4126 eoee,
338 4047 702 4112 Christum
744 4045 815 4109 in
849 4066 984 4110 uno
1012 4044 1226 4127 aliquo
1270 4045 1433 4109 coeli
1474 4045 1616 4110 loco
1659 4064 1801 4110 esse
1844 4057 2110 4129 propter

117 4133 266 4198 veri
311 4132 633 4215 corporis
665 4129 952 4197 modum.
1015 4130 1141 4196 His
1171 4130 1477 4195 omnibus
1509 4151 1634 4196 nos
1663 4151 1752 4195 ex
1787 4129 2107 4196 diametro

121 4218 684 4285 contradicimus.
769 4220 882 4283 An
932 4218 1160 4298 itaque
1217 4237 1354 4280 non
1405 4217 1628 4300 agitur
1691 4216 1988 4299 publicae
2042 4227 2111 4282 et

121 4324 326 4371 verae
390 4304 745 4369 doctrinae
797 4304 870 4367 in
927 4302 1201 4367 ecclesia
1254 4301 1518 4386 publica
1573 4310 1642 4367 et
1684 4301 1768 4365 ad
1813 4303 2107 4367 omnium

121 4391 428 4457 salutem
482 4390 819 4472 pertinens
860 4387 1099 4455 causa?
1146 4389 1438 4453 Damnat
1462 4387 1788 4453 [αὐλακισ-
1814 4399 2106 4453 nostram

121 4473 525 4543 doctrinam
576 4496 746 4557 quae
799 4483 1022 4538 tamen
1078 4473 1338 4557 publica
1393 4473 1702 4547 eeclesiae
1733 4482 1814 4538 et
1854 4477 2110 4540 sincera

121 4560 446 4630 doctrina
483 4560 773 4626 iudicata
810 4560 998 4625 estin
1024 4558 1309 4635 ecclesia,
1348 4582 1388 4624 a
1421 4560 1824 4642 temporibus
1861 4570 2110 4642 aposto·

120 4645 352 4714 lorum
417 4645 514 4711 ad
571 4667 821 4711 annum
875 4646 1150 4710 Domini
1205 4646 1342 4710 fere
1408 4651 1595 4719 1000,
1653 4666 1780 4728 quo
1841 4646 2105 4710 demum

122 4734 615 4799 Antichristus
673 4733 1014 4814 paniceum
1081 4732 1280 4796 deum
1346 4732 1662 4797 invehere
1712 4739 1780 4795 et
1833 4732 1907 4795 in
1971 4731 2110 4795 loco

121 4838 241 4884 suo
312 4818 636 4886 stabilire
700 4819 931 4901 coepit.
1017 4818 1143 4882 Rei
1211 4837 1366 4900 ergo
1430 4818 1749 4900 gravitas,
1814 4827 1883 4881 et
1936 4816 2107 4898 quod

119 4926 330 4973 causa
377 4904 689 4989 pertinet
745 4903 829 4969 ad
871 4924 1102 4970 omnes
1141 4903 1311 4968 filios
1351 4904 1509 4980 Dei,
1557 4901 1803 4966 nullam
1848 4901 2111 4968 videtur

122 4990 508 5058 admittere
570 4990 1060 5056 neutralitatem
1124 4999 1239 5054 aut
1301 4990 1504 5054 ullum
1570 4987 1874 5053 medium.
1965 4991 2110 5055 Aut

121 5080 304 5142 enim
355 5077 547 5143 falsa
589 5076 776 5143 docet
818 5075 1131 5140 Lutlaerus
1174 5086 1240 5138 et
1282 5097 1401 5140 nos
1445 5096 1631 5152 vera,
1678 5085 1792 5138 aut
1831 5096 1949 5139 nos
1993 5074 2104 5140 do-

126 5184 359 5229 cemus
407 5162 593 5228 falsa
635 5169 704 5226 et
743 5161 1059 5226 Lutherus
1098 5180 1290 5225 vera:
1344 5171 1679 5242 nequeunt
1728 5161 1906 5224 enim
1950 5180 2103 5226 con-

123 5250 554 5317 tradicentia
616 5248 816 5314 simul
880 5267 1023 5312 esse
1087 5269 1260 5311 vera.
1349 5246 1508 5311 Tale
1565 5244 1906 5311 dissidium
1964 5255 2103 5312 erat

131 5335 290 5399 olim
344 5337 550 5399 inter
603 5332 998 5398 orthodoxos
1054 5343 1123 5396 et
1168 5333 1478 5411 Arianos,
1532 5331 1988 5416 Eutychianos
2043 5340 2109 5398 et

339 5435 593 5494 calvini
622 5450 811 5505 opera.
885 5434 1005 5490 Vol.
1037 5435 1186 5490 ΧΠ.

1816 428 1977 489 1546
2023 424 2487 491 FEBRUAR.

2151 3704 2157 3782 l

4017 431 4155 496 290

2190 613 2678 679 Enthusiastas.
2760 610 2919 677 'Pale
2962 616 3065 677 est
3103 609 3299 677 hodie
3341 613 3519 678 inter
3562 613 4034 698 Anabaptistas
4075 626 4147 682 et

2192 697 2883 766 Schwenckfeldianos
2927 705 2995 763 et
3032 698 3210 762 inter
3252 719 3388 764 nos.

2191 784 2324 851 illis
2368 786 2683 852 adhaeret
2722 784 2926 849 nobis.
2994 782 3194 847 Nullo
3228 783 3442 849 colore
3483 786 3727 850 factum
3762 806 3961 851 suum
3998 798 4146 853 tue-

2193 871 2468 951 buntur,
2526 871 2759 955 opinor
2776 921 2790 948 ,
2846 869 2956 952 qui
3011 869 3347 934 neutrales
3399 891 3542 937 esse
3601 870 3846 937 volunt.
3866 875 3923 952 2)
4011 873 4146 954 Qui

2193 978 2326 1022 non
2361 956 2611 1042 colligit
2662 955 2999 1023 nobiscum
3017 1004 3033 1033 ,
3091 953 3427 1039 dispergit.
3516 957 3702 1023 Haec
3757 979 3890 1023 non
3935 960 4146 1026 scribo

2194 1051 2273 1106 ut
2313 1042 2652 1108 nolentem
2698 1053 2763 1108 te
2805 1039 3184 1123 protraham
3230 1043 3297 1105 in
3343 1049 3704 1116 certamen,
3762 1044 3877 1109 sed
3923 1053 3996 1109 ut
4037 1066 4144 1113 oc-

2195 1129 2526 1195 casionem
2568 1148 2919 1212 suggeram
2962 1126 3318 1209 cogitandi,
3364 1149 3557 1210 quam
3604 1130 3797 1195 rectis
3840 1132 4147 1213 attentis·

2196 1236 2321 1296 que
2375 1215 2707 1281 mentibus
2773 1234 2915 1279 esse
2975 1212 3200 1278 deceat
3256 1213 3577 1295 quoslibet
3631 1216 3703 1278 in
3762 1215 4143 1282 huiusmodi

2196 1299 2816 1367 conflictationibus.
2871 1319 2955 1363 ne
2999 1298 3145 1380 quis
3204 1297 3374 1364 desit
3414 1302 3703 1381 veritati·
3737 1299 4145 1369 hominibus-

2197 1407 2323 1469 que
2367 1386 2719 1452 veritatem
2758 1384 3095 1449 tuentibus
3138 1392 3207 1448 et
3248 1386 3722 1452 confitentibus.
3984 1460 3987 1461 ⁷

2366 1472 2557 1538 Inter
2596 1473 2727 1537 alia
2768 1471 2837 1536 in
2881 1469 3208 1553 prioribus
3266 1472 3520 1537 scribis:
3578 1474 3698 1539 Ais
3743 1493 3849 1537 me
3891 1473 4035 1540 aliis
4081 1482 4148 1540 et

2195 1556 2340 1624 aliis
2365 1559 2464 1623 uti
2485 1557 2989 1641 loquutionibus‚
3026 1555 3262 1622 vellem
3291 1558 3580 1640 apertius
3615 1559 3987 1642 scripsisses
4023 1567 4143 1627 etc.

2195 1644 2404 1727 Atqui
2440 1644 2674 1727 primis
2708 1643 2873 1709 meis
2906 1642 2987 1707 ad
3024 1662 3191 1724 quae
3223 1642 3297 1706 in
3332 1644 3465 1709 tuis
3508 1645 3911 1728 impegeram
3946 1646 4149 1730 signi-

2193 1731 2410 1795 ficavi.
2503 1729 2982 1796 Damnavimus
3025 1727 3183 1792 olim
3225 1728 3681 1794 scholasticum
3729 1731 3993 1815 dogma:
4042 1751 4144 1797 sa-
4255 1748 4261 1755 ·

2198 1822 2537 1881 eramenta
2600 1815 2893 1881 conferre
2956 1814 3255 1898 gratiam.
3344 1815 3486 1879 Iam
3552 1814 3673 1881 hoc
3736 1817 3955 1900 ipsum
4011 1819 4147 1884 fere

2197 1909 2587 1966 revocantes
2631 1901 2905 1966 dicimus
2948 1912 3357 1965 sacramenta
3399 1901 3710 1966 exhibere
3743 1924 3909 1985 quae
3944 1905 4144 1989 signi-

2198 1989 2416 2053 ficant.
2506 1986 2666 2051 Ideo
2733 1986 2990 2063 dicitur,
3057 1985 3188 2049 alia
3249 1984 3512 2067 quidem
3570 1986 3955 2068 exhibitiva,
4018 1990 4147 2056 alia

2202 2072 2645 2156 significativa
2677 2093 2822 2137 esse
2856 2073 3062 2155 signa,
3110 2090 3186 2136 ac
3225 2092 3489 2136 coenam
3526 2071 3798 2138 Domini
3834 2096 3966 2139 non
4004 2085 4151 2141 tan-

2202 2167 2345 2223 tum
2390 2158 2901 2242 significativum
2942 2156 3059 2223 sed
3102 2165 3170 2221 et
3213 2155 3647 2222 exhibitivum
3696 2179 3836 2224 esse
3870 2161 4152 2245 signum.

2201 2244 2498 2310 Exhibet
2531 2264 2689 2328 ergo
2723 2263 2926 2310 coena
2958 2241 3131 2325 quod
3166 2243 3508 2325 significat.
3554 2243 3629 2308 Si
3680 2247 3903 2311 nificat
3937 2257 4157 2312 autem

2203 2331 2396 2413 panis
2459 2350 2697 2414 corpus
2752 2328 3022 2393 Domini
3090 2349 3210 2412 pro
3266 2326 3457 2394 nobis
3514 2338 3621 2394 tra
3667 2331 3866 2395 itum:
3924 2335 4157 2398 vinum

2206 2416 2534 2500 significat
2608 2414 2997 2498 sanguinem
3083 2433 3205 2496 pro
3282 2415 3668 2481 remissione
3744 2426 4159 2500 peccatorum

2205 2503 2508 2568 effusum.
2592 2500 2785 2568 Unde
2830 2519 3232 2582 consequens
3276 2508 3394 2579 est,
3439 2501 3841 2584 ipsissimum
3885 2501 4157 2569 Domini

2205 2608 2442 2671 corpus
2485 2608 2602 2671 pro
2645 2587 2832 2653 nobis
2876 2585 3186 2650 traditum
3234 2584 3530 2652 exhiberi
3567 2588 3975 2655 sumentibus
4009 2611 4159 2655 cum

2206 2694 2397 2758 pane,
2443 2681 2557 2739 aut
2598 2674 2667 2738 iu
2708 2693 2904 2756 pane,
2948 2680 3065 2736 aut
3105 2671 3229 2735 sub
3273 2692 3459 2753 pane.
3548 2672 3697 2738 Hoc
3739 2684 3956 2738 autem
4001 2676 4155 2757 quid

2206 2758 2386 2825 aliud
2427 2766 2530 2826 est
2570 2779 2768 2842 quam
2811 2778 3080 2824 coenam
3124 2766 3451 2839 sumptam
3495 2759 3788 2824 conferre
3830 2761 4158 2843 gratiam?

2206 2844 2437 2924 Cuius,
2514 2866 2660 2923 oro,
2735 2842 3034 2911 virtute?
3137 2845 3248 2906 An
3313 2845 3756 2925 promittentis
3833 2847 3992 2924 Dei,
4071 2869 4161 2913 an

2207 2931 2391 2997 verbi
2480 2929 2775 2996 virtute?
2904 2931 3013 2993 An
3083 2927 3369 2993 ministri
3440 2931 3735 3010 potentia
3791 2940 3905 2996 aut
3964 2930 4161 2999 bene-

2207 3015 2399 3083 ficio?
2490 3015 2818 3081 Dominus
2859 3014 3186 3098 promittit
3227 3013 3643 3081 credentibus
3682 3016 3997 3084 traditum
4040 3040 4162 3104 pro

2210 3125 2282 3169 se
2326 3124 2567 3187 corpus
2609 3109 2727 3169 etc.
2774 3103 3008 3176 vitam,
3055 3111 3123 3166 et
3185 3101 3297 3182 qui
3361 3101 3680 3167 accedunt
3744 3104 3827 3168 ad
3893 3125 4165 3172 coenam

2212 3191 2397 3271 prius
2437 3209 2509 3258 se
2527 3233 2531 3238 -
2551 3188 3000 3273 probaverunt
3033 3193 3100 3251 et
3133 3185 3475 3251 Christum
3522 3187 3858 3271 possident
3898 3191 3967 3255 in
4012 3190 4159 3272 fide,

2211 3274 2589 3359 symbolum
2628 3273 2886 3340 visibile
2927 3272 3037 3337 hic
3077 3273 3464 3356 percipiunt,
3509 3293 3642 3339 non
3685 3276 3974 3357 primum
4010 3298 4164 3361 par-

2212 3360 2444 3444 ticipes
2499 3359 2753 3426 Christi
2808 3359 2876 3424 in
2932 3378 3135 3426 coena
3188 3359 3378 3423 fiunt.
3468 3360 3693 3426 Verba
3747 3361 3919 3426 nihil
3964 3383 4162 3446 quam

2211 3448 2583 3531 significare
2627 3453 2695 3510 et
2735 3443 3164 3528 significando
3208 3443 3469 3509 erudire
3511 3458 3708 3529 atque
3750 3468 4165 3515 commonere

2211 3540 2502 3616 possunt.
2590 3532 2748 3597 Vim
2790 3530 2920 3597 illis
2962 3528 3251 3595 tribuere
3293 3532 3749 3611 convertendi,
3793 3533 4165 3600 advehendi

2212 3627 2280 3685 et
2314 3616 2703 3702 depellendi,
2744 3624 2846 3682 est
2880 3615 3434 3682 incantationibus
3469 3616 3793 3683 accedere.
3852 3620 4167 3687 Minister

2211 3704 2634 3771 administrat
2655 3713 3065 3769 sacramenta
3086 3703 3376 3784 corporis
3416 3711 3484 3765 et
3520 3703 3866 3788 sanguinis
3890 3704 4161 3771 Christi.

2209 3790 2354 3858 Iam
2399 3810 2560 3855 vero
2616 3788 2929 3854 exhibere
2985 3796 3464 3853 sacramentum
3525 3809 3659 3853 non
3714 3802 3936 3872 potest
3990 3793 4164 3875 quod

2212 3897 2346 3944 non
2402 3875 2619 3941 habet.
2706 3873 2857 3940 Non
2918 3873 3118 3939 habet
3158 3894 3428 3956 corpus:
3478 3875 3802 3956 quomodo
3847 3893 4003 3960 ergo
4044 3899 4162 3943 ex-

2211 3961 2395 4028 hibet
2438 3959 2609 4043 quod
2650 3958 3015 4044 significat?
3080 3957 3155 4025 Si
3202 3957 3523 4025 dicamus:
3570 3981 3701 4025 non
3746 3962 4010 4046 signum
4046 3963 4163 4029 sod

2210 4047 2574 4113 Dominum
2614 4045 2790 4130 signi
2834 4044 3145 4110 exhibere
3188 4065 3327 4108 rem
3373 4044 3805 4127 significatam
3827 4098 3841 4124 ,
3901 4058 4163 4115 constat

2212 4156 2344 4200 nos*
2375 4155 2493 4216 per
2536 4131 2732 4197 fidem
2776 4132 2909 4196 iam
2954 4129 3207 4213 pridem
3256 4128 3504 4194 Christi
3558 4133 3908 4214 participes
3950 4133 4161 4201 factos

2212 4239 2371 4293 esse,
2415 4229 2614 4301 atque
2656 4217 2803 4282 ideo
2848 4218 2975 4281 iam
3022 4214 3103 4279 de
3142 4236 3344 4281 coena
3385 4216 3528 4281 eius
3570 4218 3981 4300 participare,
4024 4241 4160 4286 non

2212 4306 2279 4374 in
2323 4325 2524 4371 coena
2568 4304 2853 4386 primum
2899 4301 3151 4367 Christi
3195 4301 3547 4384 participes
3590 4303 3749 4367 fieri.
3814 4304 3957 4369 Nisi
4004 4325 4161 4390 ergo

2213 4413 2331 4476 per
2373 4389 2728 4456 exhibendi
2768 4387 3151 4453 vocabulum
3200 4397 3267 4450 et
3308 4388 3786 4469 repara-tionem
3831 4390 4160 4473 quandam

2213 4485 2280 4541 ot
2313 4476 2889 4552 continuationem,
2933 4485 3009 4537 ut
3043 4472 3137 4538 sic
3173 4472 3402 4549 dicam,
3450 4471 3704 4538 delatae
3738 4474 3872 4538 iam
3908 4475 4160 4541 dudum

2259 4562 2462 4627 retiae
2540 4570 2611 4625 et
2685 4559 3159 4626 communionis
3244 4560 3532 4623 omnium
3614 4560 3931 4624 bonorum
4009 4583 4159 4627 cum

2271 4649 2480 4713 hristo
2521 4645 2996 4729 intelligamus,
3041 4664 3175 4708 non
3219 4643 3408 4709 vidoo
3450 4645 3769 4727 quomodo
3813 4646 4003 4729 signa
4045 4667 4161 4712 ex-

2212 4734 2482 4804 hibeant
2518 4730 2691 4818 quod
2735 4730 3123 4815 significant.
3180 4729 3397 4795 Multo
3435 4730 3638 4796 tutius
3670 4730 3836 4795 mihi
3876 4732 4158 4814 videtur,

2210 4823 2267 4885 si
2311 4820 2377 4886 id
2422 4817 2628 4902 signis
2672 4815 3054 4895 tribuamus,
3098 4814 3270 4898 quod
3313 4815 3522 4880 multo
3565 4817 3819 4879 minore
3854 4837 4001 4882 cum
4047 4839 4162 4902 pe·

2210 4906 2419 4971 riculo
2464 4903 2663 4969 tribui
2708 4911 2939 4987 potest,
2985 4910 3064 4966 ut
3106 4905 3241 4966 sint
3273 4901 3651 4966 testimonia
3688 4922 3907 4966 rerum
3945 4915 4162 4987 gesta-

2211 5013 2377 5070 rum,
2458 4988 3092 5074 repraesentationes
3163 4997 3230 5052 et
3292 4988 3740 5054 invocationes
3819 4987 4159 5070 quaedam,

2208 5078 2368 5142 item
2446 5074 2934 5160 obsignationes
3012 5072 3430 5157 evangelicae
3504 5070 4032 5155 praedicationis,
4092 5087 4165 5143 et

2413 5280 2475 5345 2)
2515 5280 2785 5334 Buces-um
2822 5280 3007 5333 innuit
3038 5285 3088 5332 et
3121 5278 3218 5347 qui
3237 5278 3307 5332 ab
3333 5279 3451 5331 eius
3479 5278 3741 5345 partibus
3773 5281 4007 5335 stabant.
4040 5281 4161 5347 for·

2205 5353 2374 5405 tassia
2405 5352 2583 5418 ipsum
2621 5348 2924 5403 Calvinum.
3675 5430 3747 5484 19

3480 697 3611 779 Qui
3654 722 3784 765 non
3830 700 4147 768 adhaeret
4250 753 4255 759 -
