4825 6175
640 409 761 470 175

638 604 715 661 ιιι
757 601 831 659 ιιι
885 612 1027 658 rem
1072 591 1306 656 melius
1351 590 1543 656 nosti.
1637 587 2003 672 Campanus
2044 597 2232 673 putat
2274 598 2340 655 te
2383 589 2589 656 inscio

634 680 836 746 fuisse
891 676 1266 743 abdicatum
1285 727 1300 754 ,
1357 684 1424 741 et
1465 679 1527 740 ei
1569 674 1878 740 iniuriam
1923 675 2302 760 irrogatam.
2393 673 2588 756 Quod

636 766 694 833 si
737 765 833 830 ita
874 771 1007 840 est,
1051 773 1132 828 ut
1174 763 1301 846 ipsi
1345 770 1444 828 est
1486 768 1826 826 narrat-um
1844 813 1858 838 ,
1905 762 1962 825 si
2007 762 2125 827 tibi
2170 770 2360 845 aptus
2403 759 2586 828 vide-

634 858 822 918 retur
863 850 977 934 qui
1020 849 1082 915 ei
1125 847 1609 933 adiungeretur,
1654 853 1721 911 et
1762 847 1873 929 qui
1919 857 2139 930 posset
2181 845 2337 912 huic
2381 845 2585 913 eccle-

635 937 771 1003 siae
813 955 955 1002 esse
999 933 1356 1014 commodo,
1400 939 1667 1015 cuperet
1699 932 1815 998 abs
1851 944 1915 1001 te
1952 932 2081 999 huc
2115 931 2200 998 ad
2235 954 2353 998 nos
2390 931 2584 997 mitti.

638 1021 773 1089 Sed
816 1042 958 1087 rem
1002 1029 1206 1086 totam
1266 1029 1383 1084 tuo
1441 1018 1786 1083 committit
1839 1016 2108 1097 iudici0,
2153 1038 2194 1083 a
2237 1039 2366 1102 quo
2410 1027 2586 1083 totus

634 1105 910 1192 pendet,
967 1103 1142 1190 quod
1196 1102 1264 1169 id
1317 1103 1557 1169 habeat
1608 1100 1691 1169 de
1744 1112 1810 1168 te
1849 1123 2265 1188 persuasum,
2325 1112 2401 1169 ut
2453 1123 2584 1169 non

634 1194 758 1259 tibi
821 1193 1044 1257 minus
1108 1211 1304 1257 curae
1368 1190 1533 1255 haec
1597 1189 1685 1254 sit
1746 1188 2016 1256 ecclesia
2081 1210 2280 1272 quam
2345 1210 2426 1254 ea
2477 1188 2584 1255 cui

682 1299 882 1345 raees.
942 1278 1036 1343 Te
1070 1277 1271 1362 igitur
1312 1295 1460 1339 meo
1494 1284 1562 1340 et
1594 1275 1734 1341 eius
1778 1274 2043 1340 nomine
2076 1275 2360 1354 obsecre,
2403 1282 2484 1339 ut
2526 1273 2586 1339 si

633 1301 761 1431 {oc
804 1384 1077 1429 munere
1123 1361 1398 1446 dignum
1443 1359 1709 1439 iudicas,
1756 1360 2044 1443 primum
2089 1360 2172 1426 ad
2210 1382 2317 1426 me
2360 1360 2586 1425 mittas

636 1471 790 1516 cum
833 1457 948 1514 tuo
984 1447 1356 1514 testimonio
1392 1446 1846 1511 Lausannam:
1894 1447 2000 1511 sin
2042 1446 2388 1596 indiffum
2434 1467 2586 1511 oen-

636 1558 759 1615 ses,
802 1535 1012 1619 primo
1046 1553 1305 1617 quoque
1338 1541 1630 1615 tempore
1664 1531 2011 1616 significes,
2045 1540 2121 1597 ιιι
2153 1552 2194 1596 a
2222 1532 2355 1597 'um
2389 1598 2393 1603 ,
2432 1550 2586 1595 uam

643 1622 788 1687 fieri
867 1620 1103 1704 poterit
1166 1617 1488 1703 ocyssime
1554 1617 1973 1683 sufficiamus.
2080 1617 2253 1682 Nam
2320 1615 2419 1681 Or
2463 1637 2590 1681 ana

636 1706 912 1775 ecclesia
967 1726 1100 1770 non
1153 1712 1369 1787 potest
1423 1701 1671 1769 diutius
1729 1724 1952 1768 carere
1969 1755 1987 1782 ,
2044 1703 2276 1768 saltem
2321 1701 2588 1767 diacono

637 1794 749 1877 qui
802 1793 979 1860 vices
1033 1797 1222 1876 gerat
1282 1788 1622 1871 Campani,
1678 1789 2001 1871 tantisper
2057 1788 2213 1854 dum
2258 1787 2588 1854 Dominus

639 1899 828 1945 suam
886 1876 967 1942 de
1022 1897 1101 1942 eo
1156 1875 1565 1941 voluntatem
1625 1871 1997 1954 declararit,
2057 1894 2186 1956 qua
2230 1873 2310 1938 de
2350 1895 2423 1939 re
2466 1894 2587 1938 nos

635 1964 873 2031 fratres
916 1960 1169 2029 Orbani
1213 1961 1410 2026 etiam
1454 1959 1878 2025 vehementer
1920 1968 2210 2024 orarunt.
2256 1958 2430 2027 Vide
2463 1959 2588 2043 igi-

634 2059 747 2115 tur
787 2061 864 2113 ut
905 2047 1030 2113 hac
1071 2048 1144 2112 in
1186 2068 1259 2111 re
1302 2046 1493 2111 nobis
1531 2066 1667 2110 non
1708 2044 1894 2110 desis.

810 2132 1005 2215 Quod
1049 2131 1133 2197 ad
1170 2131 1496 2198 Fau-ellum
1539 2130 1794 2209 attinet,
1839 2130 2006 2195 nihil
2050 2151 2170 2214 pro
2213 2132 2419 2196 fratre
2463 2128 2588 2193 im-

638 2221 945 2306 petravit.
1033 2219 1128 2284 'I'e
1171 2224 1316 2283 orat
1358 2225 1433 2281 ιιι
1475 2216 1616 2282 eius
1670 2237 1936 2282 causam
1993 2216 2368 2299 frequenter
2409 2235 2587 2281 com-

638 2306 907 2372 mendes
944 2303 1191 2370 Bucero
1232 2314 1297 2368 et
1341 2302 1485 2368 aliis
1529 2302 1754 2367 amicis
1790 2302 1904 2384 qui
1937 2303 1999 2366 ei
2033 2300 2258 2367 adesse
2292 2309 2587 2384 possunt,

637 2390 1026 2477 praesertim
1069 2389 1300 2455 uxoris
1343 2399 1408 2452 et
1450 2387 1799 2452 liberorum
1846 2406 2056 2462 causa,
2102 2386 2335 2471 quibus
2380 2386 2587 2452 bonus

639 2479 748 2543 vir
788 2484 1104 2562 gravatus
1147 2481 1263 2539 est.
1333 2474 1534 2539 Mitto
1579 2470 1662 2537 ad
1709 2480 1772 2537 te
1816 2472 2262 2538 testimonium
2306 2471 2386 2537 de
2431 2491 2589 2554 quo-

637 2562 789 2628 dam
832 2563 1049 2635 fratre,
1096 2582 1177 2625 ex
1221 2580 1348 2642 quo
1389 2558 1716 2643 intelliges
1761 2557 1918 2641 quid
1952 2558 2346 2641 sperandum
2382 2558 2473 2623 sit
2507 2556 2587 2621 de

638 2648 909 2715 ecclesia
966 2642 1575 2729 Monsbelgardensi
1593 2695 1608 2720 ‚
1679 2644 1984 2726 quoniam
2035 2644 2366 2710 Tussanus
2381 2642 2441 2729 ⁴)
2503 2640 2586 2706 ad

637 2755 757 2800 nos
800 2733 983 2798 misit
1025 2740 1099 2796 ut
1139 2741 1216 2797 ιιι
1258 2751 1512 2814 quoque
1554 2728 1829 2795 videres.

808 2817 1026 2883 Hodie
1067 2816 1262 2882 redeo
1302 2817 1725 2881 Lausannam
1781 2814 2126 2880 admodum
2190 2822 2479 2880 moestus
2522 2819 2590 2876 et

638 2905 896 2970 anxius.
970 2903 1143 2968 Nam
1187 2900 1343 2967 dum
1388 2901 1494 2967 hic
1538 2921 1662 2985 ago
1704 2900 1925 2983 puella
1969 2901 2243 2985 parvula
2285 2900 2423 2965 filia
2466 2900 2591 2963 fra-

638 2991 759 3055 tris
817 2996 1000 3072 peste
1056 2987 1442 3072 corripitur,
1501 3007 1666 3069 quae
1720 2988 1848 3050 iam
1894 2987 1975 3051 ad
2023 2987 2384 3051 Dominum
2429 2986 2588 3050 emi-

764 3076 875 3141 vit.
923 3075 1092 3139 'I'ota
1137 3073 1367 3140 domus
1412 3072 1724 3157 dissipata
1767 3080 1898 3149 est,
1956 3071 2081 3139 hoc
2127 3081 2418 3158 tempore
2463 3093 2591 3153 quo

683 3162 992 3227 omestica
1033 3159 1297 3244 negotia
1330 3158 1614 3224 maxime
1650 3166 1890 3242 urgent
1923 3160 2212 3224 fratrem.
2258 3158 2589 3240 Relinquo

635 3249 906 3313 fratrem
972 3244 1323 3311 admodum
1391 3243 1861 3327 perturbatum.
1971 3242 2242 3309 Reduco
2310 3264 2586 3308 uxorem

635 3334 1093 3407 Lausannam,
1153 3352 1319 3414 quae
1376 3352 1510 3395 non
1566 3337 1668 3395 est
1711 3340 1902 3394 extra
1945 3330 2323 3413 periculum.
2412 3328 2586 3394 Nam

637 3416 814 3484 domi
854 3419 981 3483 fuit.
1026 3416 1137 3482 diu
1182 3438 1332 3481 cum
1376 3413 1596 3500 puella
1630 3423 1698 3480 et
1732 3415 1872 3480 eius
1907 3422 2135 3492 matre,
2183 3437 2302 3481 sua
2343 3434 2585 3488 sorore,

636 3525 832 3587 quam
879 3504 1092 3567 noluit
1146 3501 1458 3567 deserere.
1550 3501 1701 3565 Huc
1745 3521 1815 3566 se
1857 3510 2192 3584 receperat
2244 3501 2587 3566 recreandi

634 3609 851 3667 causa,
897 3588 1012 3654 sed
1055 3588 1382 3653 Dominus
1426 3588 1518 3651 sic
1564 3607 1683 3651 nos
1721 3585 1928 3652 voluit
1971 3588 2281 3671 affligere.
2370 3585 2585 3651 Valde

633 3684 855 3740 metuo
901 3694 984 3738 ne
1029 3674 1535 3738 Lausannenses
1587 3672 1748 3736 mihi
1793 3673 1928 3738 sint
1970 3673 2256 3750 molesti,
2303 3680 2419 3736 aut
2462 3671 2587 3736 sal-

633 3767 770 3825 tem
825 3759 988 3825 mihi
1046 3759 1496 3843 indignentur.
1588 3755 1724 3822 Sed
1767 3756 1918 3841 quid
1976 3757 2221 3825 facias?
2312 3756 2586 3821 Diutius

634 3845 995 3911 Lausanna
1038 3845 1261 3909 abesse
1305 3866 1439 3909 non
1483 3864 1747 3926 possum
1764 3894 1779 3922 ,
1838 3865 1958 3909 nee
2002 3865 2276 3908 uxorem
2320 3842 2429 3906 hic
2473 3841 2584 3907 de-

635 3950 867 3995 serere.
929 3927 1068 3996 Ora
1111 3929 1474 3994 Dominum
1518 3950 1635 4011 pro
1683 3929 1885 3994 nobis.
1948 3930 2120 3994 Nam
2166 3949 2287 4013 ego
2331 3948 2584 4011 quoque

632 4016 707 4080 in
774 4015 1001 4081 eodem
1065 4036 1290 4081 versor
1353 4013 1661 4098 periculo.
1765 4013 1900 4079 Sed
1963 4015 2288 4081 Dominus
2353 4012 2581 4079 aderit.

635 4099 806 4166 Mihi
852 4100 1028 4165 dolet
1071 4120 1260 4166 casus
1297 4109 1449 4165 tuus
1487 4107 1554 4163 et
1588 4101 1830 4165 uxoris.
1893 4098 2029 4165 Sed
2064 4099 2392 4165 Dominus
2431 4118 2585 4163 con-

634 4186 965 4252 solabitur.
1055 4185 1316 4250 Ourabo
1384 4186 1605 4250 omnia
1667 4206 1832 4269 quae
1897 4185 2129 4252 scribis
2193 4196 2270 4250 ut
2333 4195 2581 4268 potero.

636 4271 1034 4349 RacelluS‚⁶)
1100 4268 1492 4352 Campana-5,
1561 4271 1869 4336 Tur-tems
1887 4273 1945 4348 ⁶)
2005 4281 2071 4335 et
2115 4271 2466 4337 Zebedaeus
2519 4281 2584 4335 te

632 4358 947 4437 salutant,
993 4366 1058 4421 et
1100 4376 1302 4436 socer,
1347 4357 1551 4420 frater
1595 4366 1662 4420 et
1699 4356 1892 4421 amici
1927 4377 2170 4423 omnes.
2232 4356 2470 4422 Saluta
2511 4370 2585 4421 tu

633 4463 887 4526 quoque
964 4442 1205 4508 amicos
1222 4493 1237 4520 ,
1319 4441 1704 4523 praesertim
1785 4460 2058 4507 uxorem
2077 4493 2094 4521 ,
2173 4443 2279 4509 cui
2356 4462 2584 4525 precor

632 4529 919 4593 faustam
942 4525 1404 4593 valetudinem.
1453 4525 1643 4592 Vale.
1683 4526 1901 4592 Orbae
1926 4526 2373 4612 2l.Septemb.
2405 4533 2578 4590 1545.

1769 4664 1952 4730 Tuus
1996 4665 2070 4729 P.
2119 4663 2404 4729 Viretus.

806 4797 1125 4866 Oondona
1157 4795 1329 4881 quod
1363 4806 1500 4863 tam
1536 4799 1965 4866 tumultuarie

633 4883 935 4964 scribam,
977 4891 1056 4949 ut
1088 4883 1284 4961 soleo,
1319 4893 1386 4948 et
1420 4883 1768 4950 incondite.
1830 4884 1962 4952 Pa-

670 5173 682 5187 ·
836 5100 1032 5185 figas·
1064 5102 1282 5185 tandem
1316 5105 1494 5157 mense
1524 5102 1749 5186 Octobre
1782 5119 1902 5159 cum
1930 5105 2186 5175 principe
2219 5119 2318 5159 suo
2353 5105 2413 5159 ὼ
2448 5121 2575 5175 yra-

631 5176 770 5227 Μ*
801 5170 1424 5305 'mammam
1470 5311 1481 5323 ·
1505 5172 1977 5323 igufbtwnti'mssmm
2009 5241 2186 5308 fuisse
2217 5244 2577 5310 suspicamur.

839 5307 901 5375 6)
936 5308 1103 5379 Ηιιρο
1147 5308 1367 5379 Zia-taz,
1412 5310 1584 5366 Vno-eu
1614 5325 1810 5365 amru
1836 5311 2030 5376 frater.
2066 5311 2171 5374 (N.
2205 5308 2352 5376 533.)

2193 399 2719 468 EPISTOLAE
2768 403 3107 468 702—704

4532 408 4633 469 176

2690 589 2984 674 deria-³⁷)
3030 597 3094 656 te
3128 596 3197 655 et
3227 609 3334 654 me
3373 588 3445 654 in
3480 612 3792 676 magnam
3826 592 4034 657 traxit

2690 674 3012 741 invidiam
3052 675 3123 740 in
3165 684 3399 740 senatu
3442 677 3768 743 Bernensi
3785 727 3802 757 ,
3861 675 4036 760 quod

2693 760 2934 826 dixerit
2977 782 3173 826 suum
3218 761 3535 844 scriptum
3572 785 3613 828 a
3654 784 3760 828 me
3803 769 3870 827 et
3912 764 4029 830 abs

2691 854 2759 911 te
2800 846 3001 912 fuisse
3058 845 3506 930 approbatum.
3596 846 3730 914 Sed
3778 847 3902 915 hac
3947 849 4028 914 de

2691 953 2764 997 re
2805 931 3005 997 latius
3059 930 3144 996 ad
3199 939 3267 997 te
3317 932 3596 999 scribam
3655 934 3834 999 alias.
3922 934 4028 999 Τιι

2689 1017 2843 1084 vide
2887 1025 3109 1082 tamen
3154 1019 3405 1084 interea
3448 1040 3609 1083 num
3664 1018 3818 1086 huic
3861 1020 4027 1086 invi-

2689 1102 2835 1169 diae
2877 1103 3347 1169 oecurrendum
3395 1124 3637 1171 censes.

3461 1397 3872 1408 ψ

3597 1616 3749 1688 703.

3220 1768 3625 1837 VIRETUS
3669 1768 3854 1837 OAL
3863 1769 4107 1838 VINO.

2867 1937 3258 2005 Lausannae
3308 1960 3385 2005 ex
3427 1941 3649 2007 itinere
3689 1941 3890 2007 redux
3942 1941 4103 2009 hanc
4145 1945 4334 2026 quasi
4376 1945 4633 2012 corolla-

2690 2024 2862 2088 rium
2895 2026 3288 2107 praecedenti
3330 2027 3524 2093 addit.

2953 2196 3066 2259 (Ex
3101 2198 3437 2266 autographo
3472 2198 3601 2252 Cod.
3640 2198 3840 2252 Genev,
3878 2197 3977 2252 111
3994 2210 4048 2267 ⁸,
4084 2200 4176 2253 fol.
4217 2200 4367 2269 145.)

2858 2383 3273 2449 Fidelissimo
3310 2384 3561 2451 Christi
3602 2406 3792 2452 servo
3834 2387 4078 2452 Ioanni
4113 2387 4395 2455 Calvino
4440 2389 4640 2457 eccle-

2690 2469 2825 2534 siae
2870 2468 3286 2536 Genevensis
3330 2472 3576 2554 pastori
3620 2473 4123 2557 vigilantissimo

4001 2575 4334 2644 Genevae.

2732 2766 2749 2781 ,
2864 2708 2934 2776 S.
3026 2708 3279 2793 Scripsi
3337 2709 3420 2776 ad
3474 2720 3539 2775 te
3583 2708 3767 2777 Orba
3823 2710 4157 2779 soluturus
4217 2721 4295 2780 ut
4346 2714 4481 2780 huo
4540 2735 4643 2779 me

2691 2796 3066 2882 reciperem.
3157 2796 3419 2861 Literas
3461 2802 3529 2860 te
3573 2797 3899 2880 accepisse
3941 2799 4243 2878 arbitror,
4285 2801 4529 2883 quibus
4573 2808 4643 2865 ut

2691 2882 2855 2947 mihi
2922 2882 3131 2964 primo
3197 2902 3451 2965 quoque
3527 2890 3821 2965 tempore
3898 2884 4295 2968 respondeas
4359 2887 4643 2953 obsecro.

2692 2966 2829 3032 Sed
2870 2989 3074 3033 unum
3121 2968 3280 3032 mihi
3329 2976 3626 3051 superest
3668 2966 3839 3051 quod
3882 2969 4235 3051 exciderat,
4282 2972 4363 3037 de
4401 2972 4647 3038 Monte-

2680 3055 2968 3136 pinsona
3058 3052 3152 3120 Te
3198 3074 3436 3137 quaeso
3480 3062 3557 3119 ut
3607 3054 3852 3120 scribas
3897 3054 4053 3139 quid
4096 3056 4177 3122 de
4218 3057 4332 3124 illo
4376 3060 4647 3138 sentias,

2693 3149 2761 3205 et
2796 3162 2952 3205 num
2992 3141 3110 3205 tibi
3154 3139 3492 3205 videretur
3531 3140 3806 3206 idoneus
3840 3142 3956 3224 qui
3991 3143 4302 3210 ecclesiae
4336 3144 4650 3211 Orbanae

2692 3235 3043 3309 praeesset,
3110 3229 3166 3290 si
3231 3227 3557 3291 Dominus
3621 3226 3809 3291 nobis
3875 3227 4273 3311 Cumanum
4336 3232 4648 3309 auferret,

2693 3312 2863 3394 quod
2902 3311 3092 3376 valde
3127 3320 3366 3376 metuo.
3425 3312 3484 3376 N
3489 3331 3620 3376 unc
3663 3312 3856 3395 plura
3898 3334 4030 3379 non
4074 3336 4343 3398 possum
4387 3315 4648 3382 addere.

2691 3398 2860 3461 Nam
2909 3396 3182 3462 vixdum
3237 3398 3402 3462 bene
3461 3396 3623 3462 redii
3678 3395 3961 3463 domum.
4050 3400 4379 3469 Dominus
4424 3410 4494 3469 te
4544 3401 4653 3468 diu

2691 3494 3036 3549 conservet
3071 3493 3137 3548 et
3172 3504 3465 3562 uxorem,
3511 3483 3620 3548 cui
3655 3483 3933 3549 salutem
3969 3484 4144 3552 dices
4177 3508 4324 3553 meo
4359 3495 4428 3554 et
4463 3507 4651 3554 meae

2691 3570 2918 3633 uxoris
2953 3570 3235 3644 nomine,
3272 3575 3342 3634 et
3361 3575 3770 3648 materterae,
3808 3591 3927 3634 nec
3951 3574 4218 3638 omittas
4246 3574 4582 3641 Teoetorem
4601 3575 4649 3650 ¹)

2692 3665 2759 3719 et
2801 3655 3085 3738 reliquos
3146 3654 3405 3720 amieos.
3494 3653 3795 3721 Scribam
3841 3655 3924 3721 ad
3966 3658 4289 3725 Teoetorem
4332 3660 4450 3727 ubi
4496 3661 4651 3725 lice-

2688 3739 2789 3806 bit
2827 3762 2949 3826 per
2991 3742 3213 3805 otium.
3301 3741 3567 3806 Literas
3605 3747 3861 3807 vestras
3912 3743 4209 3809 nondum
4263 3744 4532 3812 reddidi
4574 3745 4653 3811 iis

2690 3825 2772 3890 ad
2808 3847 2967 3910 quos
3003 3824 3392 3905 scribuntur,
3439 3826 3592 3910 quia
3627 3825 3806 3892 abfui
3849 3827 4201 3897 hactenus:
4249 3831 4364 3898 sed
4405 3831 4652 3899 curabo

2690 3912 2915 4061 omtga
2956 3921 3319 3995 ut-potero.
3377 3911 3545 3978 Vale
3590 3913 3851 3996 optime.
3913 3915 4309 3983 Lausannae
4355 3921 4438 3982 22
4481 3916 4651 4002 Sep·

2689 4005 2823 4062 tem
2869 4049 2882 4063 .
2937 4003 3119 4062 1545.

2859 4116 2963 4180 De
3011 4115 3260 4182 Simone
3312 4117 3413 4183 fac
3466 4127 3649 4183 tuam
3712 4118 4163 4203 intelligamus
4221 4123 4645 4199 sententiam,

2687 4202 2841 4285 quia
2889 4222 3037 4300 ,non
3104 4202 3382 4268 deerunt
3445 4204 3557 4287 qui
3619 4203 3833 4269 locum
3899 4206 4224 4286 ambiant,
4292 4208 4424 4275 nisi
4487 4228 4646 4275 mox

2687 4298 3137 4371 prospiciatur.

3845 4377 4027 4442 Tuus
4062 4378 4137 4443 P.
4176 4375 4470 4445 Viretus.

2891 4610 2952 4678 7)
2987 4613 3156 4668 Hunc
3187 4613 3431 4668 habuisti
3463 4613 3539 4668 N.
3576 4612 3691 4669 154.

2718 4679 2863 4735 ¹708.
2902 4680 2961 4746 1)
2996 4683 3094 4751 qm·
3124 4685 3236 4735 iam
3274 4682 3581 4738 Matiscone
3611 4684 3798 4739 relicto
3837 4683 4109 4740 amam
4143 4693 4508 4744 conessum&
