4825 6175
176 420 293 481 705

175 618 234 674 te
275 607 361 673 ad
404 608 584 675 diem
619 609 853 675 Lunae
895 607 1089 674 sistas
1131 609 1206 673 in
1238 617 1549 707 tempore,
1595 614 1711 674 aut
1755 614 1831 673 ut
1873 604 2123 673 diutius

178 695 439 761 differas
506 693 991 779 profectionem.
1100 692 1275 759 Nam
1339 692 1446 760 dae
1503 692 1732 760 Martis
1799 691 1955 760 hinc
1999 713 2124 759 nos

175 780 524 847 Viviacum
597 779 923 863 recepturi
988 799 1220 845 sumus
1285 778 1368 845 ad
1434 779 1660 847 classis
1724 786 2122 845 conventum

215 866 281 932 ui
326 868 646 933 fratribus
689 866 972 932 indictus
1016 872 1131 931 est.
1201 863 1398 946 Quod
1441 865 1495 930 si
1541 865 1626 931 ad
1669 862 1840 930 diem
1883 864 2122 931 Martis

176 888 501 1019 duntaxat
524 951 607 1018 ad
643 972 761 1018 nos
797 951 1190 1034 perveneris,
1238 960 1353 1017 aut
1387 972 1517 1016 non
1554 951 1775 1016 licebit
1809 950 1890 1016 de
1925 948 2122 1017 rebus

175 1041 413 1108 nostris
458 1038 776 1116 conferre,
820 1044 936 1102 aut
976 1058 1094 1103 nos
1138 1037 1363 1103 abesse
1406 1056 1446 1101 a
1489 1043 1813 1103 conventu
1856 1056 2123 1103 necesse

175 1128 312 1204 erit,
394 1124 570 1209 quod
640 1122 822 1190 nulla
898 1124 1149 1188 ratione
1217 1124 1359 1188 fieri
1439 1129 1668 1207 potest.
1779 1122 2121 1189 Habemus

176 1224 394 1280 autem
437 1209 650 1276 multa
691 1229 857 1294 quae
900 1208 1330 1286 conferamus,
1378 1216 1446 1291 et
1489 1209 1672 1274 serio.
1765 1208 1873 1272 Da
1915 1208 2122 1292 igitur

175 1318 436 1384 operam
507 1308 580 1362 ut
633 1303 928 1361 matures
1057 1295 1185 1359 tius
1240 1314 1437 1377 quam
1482 1294 1747 1360 differas
1791 1302 1980 1359 tuum
2037 1292 2121 1359 ad

177 1407 288 1451 nos
324 1384 709 1460 adventum,
755 1383 908 1465 quia
930 1401 974 1463 p
1002 1403 1078 1447 us
1114 1388 1214 1445 est
1246 1380 1319 1445 in
1356 1401 1540 1447 mora
1559 1378 1854 1464 periculi.
1910 1379 2120 1446 Porro

175 1471 241 1536 in
285 1492 361 1536 eo
406 1465 581 1553 quod
628 1466 951 1534 Farellum
990 1466 1122 1532 huc
1177 1487 1405 1532 censes
1449 1465 1930 1543 accersendum,
1987 1486 2119 1530 non

176 1566 322 1622 tuae
367 1552 694 1622 assentior
753 1553 1136 1631 sententiae,
1194 1551 1390 1635 idque
1444 1551 1687 1618 multas
1732 1560 1801 1617 et
1843 1572 1909 1615 m
1997 1571 2120 1616 nas

177 1641 252 1707 ob
316 1662 571 1716 causae,
637 1660 915 1722 quarum
982 1637 1131 1704 viae
1195 1637 1493 1703 molestia
1570 1648 1637 1701 et
1702 1636 1933 1719 dispen
1979 1636 2117 1702 ium

177 1732 448 1798 minima
504 1736 621 1794 est.
714 1723 849 1791 Sed
909 1733 1147 1803 metuo,
1204 1722 1374 1806 quod
1427 1734 1602 1789 certe
1645 1725 1941 1789 futurum
1997 1732 2116 1802 est,

177 1817 229 1882 si
263 1816 356 1880 ita
379 1816 515 1890 fiat,
553 1833 638 1877 ne
673 1833 752 1878 ea
782 1831 890 1877 res
915 1810 1122 1894 magis
1166 1818 1420 1875 nostros
1457 1808 1754 1874 homines
1788 1807 2118 1886 accendat,

178 1900 408 1985 quibus
463 1899 681 1965 omnis
735 1915 1120 1981 congressus
1176 1907 1275 1960 est
1316 1902 1675 1978 suspectus.
1762 1893 1845 1959 Id
1899 1902 2119 1960 autem

180 2008 282 2053 eos
352 2008 488 2053 non
566 1983 814 2049 latebit.
925 1980 1450 2066 Suspicabuntur
1523 1982 1742 2063 itaque
1819 1980 2121 2064 protinus

181 2072 462 2157 aliquam
522 2070 699 2134 inter
753 2090 871 2133 nos
928 2089 1069 2134 esse
1122 2067 1671 2152 conspirationem
1729 2075 1796 2131 et
1842 2087 1957 2132 nos
2002 2065 2120 2131 ali·

182 2157 329 2242 quid
373 2177 691 2241 magnum
750 2154 981 2220 moliri.
1071 2151 1220 2220 Scis
1264 2155 1439 2218 enim
1493 2173 1691 2236 quam
1756 2152 1929 2218 male
1988 2152 2120 2217 iam

179 2242 430 2328 pridem
510 2241 734 2308 audiat
799 2239 1270 2306 triumviratus.
1381 2237 1511 2305 Oui
1567 2237 1829 2305 accedet
1894 2237 2120 2305 classis

259 2330 368 2395 ulo
443 2338 594 2413 post
670 2338 1033 2393 conventus
1095 2346 1283 2407 quem
1367 2324 1975 2408 interpretabuntur
2041 2323 2121 2389 de

180 2415 510 2481 industria
574 2411 656 2479 ad
721 2434 865 2479 eam
932 2432 1076 2477 rem
1129 2410 1575 2478 constitutum.
1680 2407 1885 2476 Vides
1939 2410 2119 2490 satis,

179 2504 428 2584 opinor,
529 2521 614 2565 uo
662 2508 949 2582 spectem
1005 2506 1074 2563 et
1114 2496 1274 2580 quid
1344 2495 1557 2561 velim.
1668 2494 1924 2562 Idcirco
1978 2494 2119 2579 ipse

179 2588 346 2671 apud
391 2600 457 2652 te
543 2586 556 2599 ‘
596 2586 738 2670 pice
782 2584 938 2667 quid
980 2581 1342 2650 consultius
1364 2602 1507 2647 esse
1548 2580 1813 2647 iudices.
1881 2580 1956 2647 Si
1990 2580 2119 2648 huc

179 2675 457 2755 veneris,
510 2671 1005 2758 communicatis
1063 2666 1401 2735 nobiscum
1459 2667 1746 2734 consiliis
1799 2666 1961 2733 satis
2012 2667 2116 2732 in-

178 2766 460 2826 structus
506 2758 634 2823 eris
691 2755 775 2822 ad
830 2765 1107 2833 caetera,
1165 2763 1234 2819 et
1275 2752 1338 2818 N
1343 2753 1589 2819 eocomi
1653 2774 1804 2819 cum
1864 2751 2120 2819 Farello

180 2846 294 2909 tibi
347 2844 543 2911 facile
608 2842 979 2919 conveniet,
1041 2861 1167 2924 quo
1224 2847 1289 2905 te
1353 2838 1510 2906 hinc
1578 2845 1757 2905 recta
1821 2838 2114 2922 recipies,

181 2930 283 2994 ubi
328 2942 392 2996 et
437 2929 766 2995 Farellum
808 2939 1109 3011 paratum
1151 2926 1474 3003 invenies,
1521 2925 1704 2991 cuius
1746 2924 1910 2989 satis
1952 2925 2115 2990 mihi

181 3015 399 3082 videor
465 3030 691 3081 tenere
769 3014 1055 3080 consilia.
1154 3011 1417 3076 Interea
1478 3011 1537 3077 si
1613 3009 1759 3095 quis
1837 3012 2117 3078 nuncius

179 3103 548 3176 occurrerit,
604 3123 753 3167 eum
809 3102 1039 3167 faciam
1102 3100 1462 3164 certiorem.
1552 3095 1628 3164 Si
1686 3094 1841 3180 quid
1894 3105 2115 3163 tamen

179 3188 351 3254 aliud
408 3189 615 3254 habes
666 3186 941 3266 consilii,
1001 3186 1102 3252 fac
1146 3206 1252 3250 me
1305 3184 1374 3248 in
1420 3194 1711 3267 tempore
1751 3184 2114 3248 certiorem.

177 3274 366 3339 Mitto
411 3294 591 3341 nunc
631 3271 714 3337 ad
757 3281 822 3339 te
866 3271 1179 3338 articulos
1223 3271 1304 3336 de
1343 3268 1577 3352 quibus
1619 3272 1688 3333 in
1730 3270 1865 3334 suis
1910 3269 2118 3335 literis

179 3358 479 3428 Farelbus
521 3359 927 3425 meminerat.
995 3357 1261 3424 Salutat
1307 3367 1371 3420 te
1415 3375 1582 3420 uxor
1625 3361 1690 3418 et
1733 3364 1913 3419 tuam
1953 3376 2116 3421 uxo·

177 3467 331 3526 rem,
412 3447 518 3514 cui
582 3466 834 3528 quoque
912 3464 1057 3509 meo
1124 3443 1387 3508 nomine
1444 3441 1723 3506 salutem
1789 3440 1983 3518 dices,
2051 3449 2120 3506 et

175 3531 432 3618 collegis
479 3533 627 3598 tuis.
717 3530 902 3596 Vale.
989 3529 1379 3595 Lausannae
1431 3532 1525 3592 15.
1573 3527 1713 3591 Mai
1764 3526 1943 3592 1548.

1135 3666 1318 3731 Tuus
1360 3666 1602 3731 Petrus
1648 3663 1942 3730 Viretus.

1050 4180 1238 4251 1⁰25.

567 4317 1238 4388 BULLINGERUS
1288 4314 1724 4384 GALVINO.

346 4494 432 4560 In
464 4515 656 4561 causa.
696 4493 1197 4558 sacramentaria
1233 4489 1384 4558 dicit
1416 4509 1483 4555 se
1517 4488 1703 4553 aliter
1736 4486 1967 4553 emutire
1998 4507 2121 4552 non

167 4597 349 4658 posse
403 4601 479 4647 ac
523 4579 778 4663 pridem
824 4577 1175 4660 explicarit,
1235 4582 1290 4643 et
1338 4572 1672 4642 Calvinum
1719 4573 1844 4638 sibi
1905 4593 2118 4639 assen-

178 4683 398 4768 surum
427 4671 658 4749 sperat.
752 4663 1147 4763 Commendat
1208 4662 1552 4763 Roqstium.
1612 4660 2121 4811 dGmm

182 4925 615 4990 stantiensium
656 4943 761 4988 ree
802 4924 871 4987 in
912 4940 1135 5005 mayno
1167 4924 1497 4985 versantur
1538 4918 1917 4985 discrimine.

187 5109 565 5235 ffxssautogrra
603 5111 875 5235 hssKAthl
920 5109 1095 5232 ’ἓιόἒία
1133 5106 1419 5230 Plgtlinlvl.
1456 5106 1584 5231 501¹.
1637 5103 1737 5228 ἐξ
1781 5103 2117 5227 οὲίἓὴὸοξίιέ.

187 5220 277 5300 sed
311 5200 485 5304 iginut
519 5197 897 5305 ‘emendatiol'xe
932 5206 1160 5318 passim-
1171 5260 1303 5315 egea
1332 5191 1437 5297 elin
1453 5192 1685 5326 Fuge-lini
1704 5209 1961 5298 bentnria
1994 5190 2116 5312 epap:

828 5317 946 5387 Tig.
983 5313 1120 5369 1742
1170 5331 1291 5385 pag.
1303 5250 1475 5379 ί9515.)

323 5403 543 5460 camna·
574 5420 756 5475 opera.
839 5403 952 5459 vot.
993 5358 1142 5456 xn'.

1981 416 2144 483 1548
2190 417 2386 484 MAI.

4046 430 4168 492 706

2398 605 2471 675 S.
2514 606 2600 673 D.
2646 607 2903 675 Literas
2948 617 3112 689 tuas,
3176 609 3431 678 Calvina
3474 613 3847 683 doctissime
3895 629 3968 684 et
4006 617 4172 683 mihi

2225 713 2376 759 caro
2419 693 2640 772 frater,
2685 693 2975 762 calendis
3018 696 3249 762 Martii
3291 697 3563 782 scriptas
3608 711 3673 766 et
3716 723 3837 787 per
3878 703 4173 788 legatum

2225 788 2529 845 nostrum
2554 785 2605 858 ι)
2666 801 2702 846 6
2769 780 2989 847 Gallia
3053 779 3436 849 redeuntem
3502 787 3736 852 missas
3799 790 4034 872 accepi.
4095 811 4171 856 ac

2224 863 2527 930 intellexi
2561 887 2729 950 quae
2772 867 2860 933 sit
2903 876 3019 933 tua
3059 869 3390 934 sententia
3424 869 3505 935 de
3548 874 3967 956 responsione
4000 895 4167 941 mea.

2225 950 2474 1017 Desino
2560 951 2781 1035 itaque
2866 961 2930 1018 et
3006 974 3127 1038 ego
3199 954 3400 1019 semel
3480 960 3776 1040 exposita
3854 970 4166 1044 repetere.

2227 1035 2509 1102 Interim
2580 1036 2719 1103 Deo
2783 1050 2971 1117 teste,
3050 1040 3165 1122 qui
3244 1040 3498 1107 animos
3514 1044 3571 1121 ⁹)
3648 1046 3931 1127 inspicit,
3993 1046 4170 1125 solus

2223 1121 2416 1188 aliter
2457 1124 2704 1188 sentire
2763 1145 2893 1189 non
2939 1145 3200 1208 possum
3257 1145 3469 1208 neque
3514 1128 3701 1194 aliter
3756 1131 3933 1215 loqui
3970 1152 4170 1216 quam

2224 1208 2533 1290 loquutus
2576 1230 2722 1275 sum
2769 1231 2844 1276 ao
2877 1212 3104 1276 sentio.
3195 1210 3492 1294 Agnosco
3538 1212 3878 1281 Christum
3924 1216 3993 1282 in
4038 1219 4170 1300 spi-

2224 1294 2360 1358 ritu
2414 1314 2532 1360 suo
2593 1315 2713 1379 per
2758 1294 2956 1362 fidem
3023 1316 3092 1361 se
3138 1306 3347 1361 totum
3417 1299 3599 1363 nobis
3662 1303 4166 1380 communicare,

2226 1389 2547 1462 quantum
2593 1380 2778 1447 nobis
2822 1380 2905 1447 ad
2948 1380 3225 1447 salutem
3271 1384 3789 1467 consequendam
3818 1398 3884 1454 et
3925 1388 4008 1454 ad
4062 1390 4167 1472 pie

2225 1464 2584 1531 vivendum
2649 1468 3086 1534 necessarium
3155 1477 3273 1533 est.
3378 1468 3455 1533 Id
3512 1471 3683 1555 quod
3740 1475 4167 1540 sacramentis

2225 1549 2409 1617 nobis
2461 1551 2870 1636 significatur
2926 1561 2994 1617 et
3045 1552 3435 1638 obsignatur
3494 1576 3672 1621 more
3738 1560 4168 1625 sacramentis

2222 1637 2485 1720 proprio
2542 1638 3092 1721 quemadmodum
3146 1649 3213 1703 et
3262 1640 3455 1705 verbo
3500 1645 3941 1710 annunciatur
3981 1646 4168 1711 testi-

2222 1722 2605 1806 ficaudoque
2646 1723 3029 1790 inculcatur.

2397 1808 2505 1874 Ad
2569 1809 2899 1891 querelam
2958 1811 3152 1877 amici
3205 1810 3384 1875 illius
3443 1813 3540 1876 tui
3593 1813 3884 1879 auditam
3960 1837 4168 1899 nuper

2225 1915 2427 1978 quum
2469 1894 2774 1960 Basileae
2817 1915 3010 1973 esses,
3031 1899 3087 1971 Β)
3142 1896 3309 1960 nihil
3356 1897 3731 1980 respondeo.
3819 1900 3990 1966 Nam
4035 1923 4171 1967 non

2225 1980 2386 2046 satis
2430 1980 2725 2064 intelligo
2768 1981 2979 2064 qualis
3031 1981 3147 2046 illa
3187 1982 3402 2047 fuerit.
3493 1981 3688 2049 Certe
3732 2007 3932 2068 quum
3993 1986 4170 2070 apud

2225 2086 2347 2131 nos
2388 2067 2622 2150 Tiguri
2659 2085 2856 2143 esses,
2914 2068 3230 2133 recitabas
3280 2067 3467 2133 nobis
3512 2070 3819 2135 omnibus
3863 2072 4016 2154 quid
4062 2074 4175 2139 alii

2227 2152 2332 2217 vel
2372 2151 2717 2235 culparent
2755 2151 2862 2218 vel
2903 2151 3350 2219 desiderarent
3383 2155 3450 2219 in
3496 2158 3915 2236 responsione
3955 2170 4176 2225 nostra

2226 2235 2380 2303 data
2423 2237 2713 2303 Lutlzem.
2801 2238 3079 2303 Interim
3135 2240 3544 2323 profitebaris
3592 2241 3712 2305 tibi
3756 2253 3982 2308 nostra
4040 2266 4174 2310 non

2224 2322 2590 2407 displicere,
2629 2345 2794 2406 quae
2816 2323 2992 2389 edita
3025 2323 3329 2390 videlicet
3365 2336 3554 2390 erant
3589 2326 3669 2392 de
3705 2349 3902 2394 causa
3926 2349 4173 2396 coenae

2224 2408 2524 2475 Domini:
2587 2409 2998 2493 pollicebaris
3063 2417 3130 2474 te
3185 2432 3442 2497 semper
3500 2413 3789 2477 futurum
3851 2422 4169 2480 nostrum.

2223 2495 2432 2647 Atglui
2488 2496 2629 2562 eius
2683 2495 3168 2579 pollicitationis
3223 2497 3509 2562 nondum
3566 2500 3965 2581 poenituisse
4032 2510 4097 2567 te
4116 2507 4171 2578 ⁴)

2224 2601 2300 2645 ar
2341 2581 2523 2647 itror.

2395 2666 2533 2747 Qui
2590 2668 2785 2734 hasce
2832 2667 2945 2732 tibi
3006 2666 3223 2733 reddit
3266 2669 3409 2753 piae
3455 2670 3807 2735 memoriae
3852 2671 3932 2735 D.
3981 2670 4171 2735 Diet-

2225 2752 2428 2818 helmi
2481 2753 2732 2836 Roystii
2787 2752 3078 2820 consulis
3135 2754 3341 2818 nostri
3409 2753 3582 2819 filius
3645 2765 3761 2821 est.
3861 2755 4171 2822 Sectatur

2221 2838 2548 2922 opificium
2593 2838 2962 2922 pellificum.
2990 2843 3042 2917 5)
3103 2839 3495 2923 Magistrum
3542 2839 3714 2924 apud
3759 2861 3872 2907 vos
3916 2844 4173 2926 quaerit

2221 2923 2397 3007 apud
2440 2945 2637 3008 quem
2681 2934 2748 2990 et
2788 2924 3119 3010 opificium
3155 2927 3297 2989 sive
3339 2936 3547 2989 artem
3594 2936 3893 2993 exerceat
3933 2935 4002 2993 et
4043 2927 4171 2992 lin-

2222 3029 2419 3095 guam
2500 3009 2723 3077 discat.
2777 3056 2781 3061 «
2836 3011 3076 3077 Frater
3150 3010 3289 3075 eius
3355 3009 3438 3074 D.
3507 3011 3781 3078 Iacobus
3849 3012 4168 3096 Roystius,

2222 3097 2538 3162 senatorii
2611 3098 2859 3163 ordinis
2930 3112 2997 3163 et
3063 3097 3364 3163 veritatis
3411 3118 3638 3163 amans
3694 3098 3908 3176 homo,
3955 3111 4173 3182 postu·

2221 3182 2387 3248 lavit
2445 3203 2485 3247 a
2529 3204 2635 3247 me
2696 3192 2770 3248 ut
2823 3185 3038 3267 ipsum
3085 3183 3437 3268 diligenter
3484 3184 3710 3249 amicis
3773 3186 3938 3250 meis
3994 3206 4171 3252 com-

2223 3267 2622 3345 mendarem,
2678 3290 2955 3352 quorum
3016 3269 3261 3334 auxilio
3319 3281 3701 3352 assequatur
3748 3269 3983 3335 bonum
4049 3272 4170 3336 ali-

2223 3373 2419 3437 quem
2475 3367 2543 3420 et
2598 3354 2946 3420 honestum
3003 3375 3072 3419 m
3160 3355 3412 3421 istrum.
3505 3353 3757 3437 Scripsi
3811 3356 4042 3420 eadem
4089 3357 4171 3423 de

2222 3460 2296 3506 re
2339 3441 2425 3505 D.
2471 3439 2743 3506 Claudio
2791 3441 3028 3506 Roseto.
3150 3440 3174 3505 i
3218 3439 3324 3505 hic
3360 3439 3521 3504 mihi
3545 3439 3809 3505 fidelem
3846 3439 4170 3509 locaveris

2222 3546 2507 3608 operam,
2565 3528 2886 3592 maximas
2941 3547 3133 3610 agam
3189 3526 3437 3611 gratias
3496 3536 3562 3591 et
3615 3527 3685 3590 in
3746 3546 3818 3589 re
3876 3528 4018 3611 pari
4064 3550 4169 3595 me

2221 3611 2343 3678 tibi
2384 3610 2739 3697 obstringo.

2396 3698 2649 3764 Vereor
2692 3700 2764 3763 in
2801 3697 3165 3764 Germania
3208 3706 3426 3762 actum
3470 3717 3614 3761 esse
3658 3718 3808 3762 cum
3852 3698 4168 3782 religione

2225 3807 2400 3852 vera.
2503 3783 2676 3849 Nam
2735 3783 2983 3851 ansar
3039 3781 3416 3848 iuvantibus
3478 3791 3545 3846 et
3609 3784 4167 3852 consentientibus

2228 3869 2633 3956 principibus
2683 3884 2749 3936 et
2790 3867 3126 3935 ordinibus
3168 3867 3454 3950 Imperii,
3515 3867 3811 3951 pauculis
3868 3868 4166 3952 demptis,

2224 3966 2734 4041 composuerunt
2757 3960 2810 4036 θ)
2856 3955 3151 4020 Interim.
3173 3956 3228 4026 7)
3297 3953 3411 4018 Sic
3453 3954 3630 4019 enim
3669 3952 4003 4035 appellant
4035 3956 4165 4020 for·

2222 4063 2399 4108 mam
2446 4041 2780 4126 religionis
2821 4060 3016 4126 quam
3072 4059 3296 4104 omnes
3341 4041 3411 4102 in
3456 4039 3818 4105 Germania
3860 4040 4166 4107 ecclesiae

2223 4138 2583 4212 sequantur
2625 4128 2908 4206 interim,
2966 4125 3123 4191 dum
3166 4145 3403 4209 papam
3447 4138 3632 4209 coget
3654 4129 3705 4197 ⁸)
3751 4127 4058 4209 generale
4100 4134 4169 4192 et

2223 4273 2437 4279 ——ffl-
2464 4270 2629 4277 ——....--

2218 4336 2407 4393 1025.
2446 4335 2503 4401 1)
2545 4333 2625 4402 Of.
2682 4332 2756 4389 N.
2794 4330 2911 4400 999,
2963 4337 3074 4385 not.
3120 4327 3168 4384 7.
3245 4328 3507 4383 Simlerus
3550 4332 3611 4383 in
3668 4330 3916 4399 momine
3974 4344 4166 4384 nomen

2227 4404 2519 4463 Schmidt&
2551 4403 2830 4458 aduerobit.

2427 4473 2489 4537 2)
2527 4473 2735 4525 animas
2778 4469 2847 4524 F.

2428 4539 2485 4608 3)
2523 4539 2600 4597 N.
2637 4538 2757 4602 999,
2789 4544 2897 4592 not.
2933 4536 2984 4590 4.

2428 4608 2490 4674 4)
2526 4616 2583 4664 te
2619 4625 2720 4664 om.
2758 4606 2826 4660 F.

2427 4678 2487 4746 5)
2524 4678 2833 4749 panificium
2874 4673 2940 4728 F.

2428 4748 2488 4813 6)
2531 4746 2623 4802 Sic
2655 4745 3051 4814 autoqraphon.
3124 4741 3194 4795 F.
3230 4740 3560 4795 emendavit.-
3598 4739 3920 4808 composuit.

2432 4816 2487 4884 7)
2526 4814 2614 4870 De
2659 4813 2891 4869 Interim
2925 4811 3254 4880 Auquslano
3287 4812 3350 4863 in
3384 4808 3616 4865 comitiis
3651 4823 3700 4861 a.
3738 4805 3877 4860 1548
3920 4808 4164 4875 promul-

2220 4894 2351 4959 9ato
2384 4902 2499 4941 non
2531 4890 2612 4939 est
2749 4882 2786 4937 d
2822 4889 2870 4937 te
2894 4881 2982 4934 hic
3017 4895 3300 4946 moremur,
3337 4882 3522 4947 utpote
3555 4876 3766 4946 alioqui
3795 4877 4078 4930 notissimo
4113 4882 4166 4932 et

2221 4961 2285 5013 in
2330 4955 2470 5025 ipsis
2509 4952 2728 5008 Calventi
2780 4949 3124 5005 :tractatam
3247 4963 3280 5003 ο
3327 4949 3515 5001 merito
3572 4959 3811 5000 excusso.
3892 4942 4051 5012 Quod
4096 4945 4163 5000 de

2223 5024 2677 5082 consentientibus
2706 5018 3049 5090 principibus
3083 5017 3234 5078 diat,
3270 5021 3351 5068 ita
3369 5014 3743 5083 accipiendum
3776 5018 3855 5067 est
3888 5018 3952 5067 ut
3983 5015 4161 5067 mmi-

2221 5095 2371 5150 nen'e
2390 5092 2609 5161 Pfluyt’o
2642 5096 2691 5144 et
2717 5089 2885 5144 Haza·
2958 5089 3029 5149 io,
3064 5087 3209 5142 veris
3238 5085 3392 5139 iuius
3424 5083 3828 5137 constitutionis
3860 5083 4160 5149 autoribus,

2222 5165 2540 5220 adiunctum
2561 5160 2735 5226 finisse
2770 5156 2850 5214 Ιο.
2943 5158 3204 5226 meolam
3241 5152 3514 5208 Ioackimi
3540 5151 3610 5206 11.
3629 5152 3871 5206 electoris
3910 5150 4162 5206 Brunde-

2223 5233 2439 5303 bmyici
2471 5229 2780 5298 maalmam.

2357 5299 2411 5366 8)
2449 5314 2591 5368 papa
2623 5301 2846 5365 cogatur
2884 5295 2952 5350 F.

3678 5372 3749 5427 45
