4825 6175
205 434 314 499 25⁷
1885 428 2049 493 1546
2092 424 2475 494 IANUAR.
4070 436 4200 500 258

206 621 358 687 'Dum
390 635 512 700 ego
546 636 632 681 ex
664 614 875 681 Paulo
912 615 1131 695 citavi,
1167 614 1396 681 utilem
1432 635 1577 683 esse
1611 613 1696 681 ad
1729 614 2136 681 reddendum

200 703 316 773 Dei
354 701 685 767 hominem
728 702 1094 784 perfectum
1156 702 1226 766 in
1271 702 1441 767 bono
1504 722 1698 784 opere
1743 702 1812 785 (2
1858 702 2025 767 Tim.
2073 706 2135 781 3,

202 814 257 858 v.
304 793 395 867 16,
447 792 573 867 17).
661 787 1033 872 Urgebam,
1091 794 1169 852 ut
1212 787 1294 852 ad
1342 787 1464 852 hoc
1506 785 1964 871 responderet:
2021 786 2137 853 sed

199 876 455 944 verbum
499 872 759 938 nullum
806 872 1175 955 exprimere
1220 872 1420 957 potui.
1480 871 1593 939 Sic
1628 872 1959 957 explicavi
1992 894 2134 939 rem

197 970 408 1038 totam,
454 971 528 1023 ut
560 980 789 1024 omnes
821 959 1255 1042 praefractam
1297 956 1584 1025 hominis
1618 958 1947 1026 inscitiam
1982 979 2134 1025 cum

193 1047 328 1133 pari
376 1044 789 1130 impudentia
846 1052 1294 1127 agnoscerent.
1385 1043 1610 1125 Quum
1656 1066 1728 1110 se
1770 1046 1993 1128 urgeri
2036 1043 2132 1111 sic

193 1132 453 1208 videret,
500 1130 585 1196 ad
617 1130 880 1196 solitam
922 1130 1105 1196 illam
1140 1139 1355 1196 sectae
1389 1130 1821 1213 petulantiam
1866 1129 2132 1196 descen-

192 1218 299 1298 dit,
340 1216 597 1282 nullum
640 1237 785 1282 esse
829 1216 1175 1281 hominum
1264 1237 1458 1296 enus,
1515 1216 1690 1300 quod
1732 1215 2132 1282 commodius

194 1306 437 1373 viveret
499 1303 835 1368 ministris.
923 1237 1264 1385 Respondgi
1329 1303 1591 1386 paucis,
1650 1322 1787 1367 non
1853 1308 1992 1367 tam
2059 1309 2133 1367 ut

188 1409 413 1456 causae
478 1396 743 1454 nostrae
805 1388 1244 1471 patrocinium
1311 1389 1738 1470 susciperem,
1797 1408 1994 1470 quam
2057 1395 2136 1453 ut

188 1477 535 1542 refutarem
589 1474 843 1541 belluae
897 1474 1333 1539 insolentiam.
1427 1475 1665 1539 Postea
1706 1494 1812 1538 me
1857 1494 2134 1540 avarum

185 1561 458 1629 vocavit.
504 1560 828 1626 Riserunt
862 1580 1116 1625 omnes:
1143 1558 1437 1625 sciebant
1464 1560 1638 1626 enim
1664 1570 1981 1642 quantum
2010 1559 2135 1624 hoc

186 1667 351 1712 anno
411 1645 494 1711 ab
551 1646 710 1730 ipsis
766 1666 1199 1724 recusassem,
1257 1654 1452 1729 atque
1505 1645 1575 1710 id
1632 1652 1766 1709 tam
1812 1645 2014 1725 serio,
2060 1650 2137 1710 ut

182 1730 601 1800 iureiurando
641 1752 1021 1810 assererem,
1066 1753 1174 1796 me
1216 1753 1552 1814 nunquam
1592 1730 1972 1797 concionem
2014 1731 2136 1796 ha-

183 1817 475 1884 biturum
517 1818 646 1883 nisi
685 1818 1094 1883 desisterent.
1119 1819 1174 1896 6)
1220 1817 1531 1883 Sciebant
1565 1839 1672 1881 me
1708 1837 1838 1882 non
1877 1823 2134 1882 tantum

183 1903 775 1970 extraordinariam
818 1902 1335 1970 munificentiam
1378 1923 1732 1981 recusasse,
1779 1902 1894 1968 sed
1938 1903 2134 1967 remi-

183 1992 341 2056 sisse
407 1990 607 2055 etiam
674 1988 922 2072 aliquid
974 1988 1055 2054 de
1110 1990 1281 2054 iusto
1334 1987 1684 2073 stipendio,
1748 2010 1871 2056 nec
1916 1989 2136 2055 minus

181 2075 424 2160 viginti
472 2077 816 2141 coronatis.
906 2075 1139 2159 Itaque
1194 2076 1484 2140 omnium
1546 2074 1800 2157 probris
1844 2074 1971 2139 fuit
2011 2075 2137 2138 im-

180 2161 447 2246 petitus.
505 2160 846 2244 Respondi
880 2160 1191 2241 modeste,
1235 2162 1293 2227 si
1326 2182 1472 2226 meo
1507 2160 1648 2226 loco
1685 2166 1875 2238 esset,
1917 2161 2136 2244 ipsum

182 2248 318 2313 fore
373 2246 684 2312 divitem:
739 2247 865 2313 hoc
921 2269 1055 2311 non
1120 2267 1263 2312 esse
1321 2247 1587 2330 signum
1632 2247 1976 2325 avaritiae,
2023 2245 2137 2328 qui

180 2355 391 2400 essem
439 2353 688 2417 pauper
729 2335 800 2398 in
844 2331 1061 2398 media
1100 2330 1455 2398 ditescendi
1497 2332 1826 2398 facultate.
1881 2332 2137 2397 Verum

180 2420 400 2502 ipsum
460 2440 501 2484 a
541 2440 649 2484 me
702 2418 1068 2502 capitaliter
1121 2419 1417 2485 accusari
1473 2419 1665 2482 furti:
1732 2418 1791 2483 si
1843 2424 2135 2501 negaret,

177 2514 376 2588 caput
421 2526 645 2571 meum
689 2503 774 2569 ad
816 2504 1181 2570 calumniae
1224 2524 1502 2586 poenam
1547 2504 1798 2569 offerre.
1864 2502 2140 2570 Oonsta-

175 2590 288 2657 bat
329 2593 512 2657 enim
558 2592 579 2656 i
663 2612 775 2656 um
813 2589 1063 2655 duobus
1098 2589 1326 2655 solidis
1361 2598 1428 2654 et
1462 2587 1729 2654 dimidio
1762 2588 2138 2655 vendidisse

179 2685 471 2760 quatuor
512 2678 577 2742 fo
603 2678 700 2754 ia,
760 2697 928 2760 quae
971 2682 1252 2758 quatuor
1292 2675 1641 2741 denar-iolis
1683 2675 1785 2740 illi
1827 2676 2138 2740 constite-

176 2771 348 2828 rant.
447 2763 676 2845 Neque
733 2783 852 2845 per
913 2761 1353 2827 indicaturam
1419 2769 1723 2840 steterat,
1789 2762 2137 2844 quominus

174 2849 386 2931 pluris
411 2848 747 2915 venderet.
793 2848 1147 2931 Urgebam,
1186 2848 1245 2912 si
1282 2847 1443 2912 bene
1479 2847 1604 2913 sibi
1626 2855 1798 2913 esset
1819 2847 2134 2925 conscius,

173 2934 625 3000 innocentiam
668 2955 852 2999 suam
895 2943 1209 2999 tueretur.
1267 2931 1489 3013 Quum
1525 2942 1770 2999 taceret
1803 2954 1921 3016 pro
1954 2953 2138 2998 more

173 3041 309 3099 suo,
358 3020 552 3104 coepi
596 3018 676 3085 de
715 3021 1006 3103 ipsorum
1046 3019 1443 3103 perfectione
1485 3017 1822 3084 disserere.
1912 3018 2138 3100 Quum

175 3126 366 3172 suam
434 3106 943 3172 obstinationem
1008 3107 1167 3171 satis
1232 3105 1649 3189 prodidisset,
1703 3107 1777 3170 in
1831 3106 2138 3171 exsilium

175 3192 427 3260 eiectus
470 3192 616 3257 fuit.
671 3191 887 3258 Biduo
929 3201 1093 3276 post,
1139 3213 1342 3274 quum
1376 3193 1448 3256 in
1481 3193 1646 3257 urbe
1687 3191 2137 3275 deprehensus

175 3277 378 3357 foret,
442 3279 656 3363 virgis
699 3300 929 3344 caesus
973 3287 1102 3358 est,
1149 3277 1301 3343 libri
1346 3298 1562 3342 coram
1606 3279 1824 3343 exusti
1840 3328 1857 3356 ,
1903 3296 1980 3342 ac
2023 3276 2138 3342 de-

172 3366 571 3431 nunciatum
624 3364 747 3431 sub
799 3385 1011 3447 poena
1062 3363 1400 3448 suspendii
1445 3385 1529 3427 ne
1571 3363 1830 3428 rediret.
1919 3362 2137 3428 Homo

173 3457 290 3530 est,
337 3451 454 3516 vel
501 3472 701 3534 pecus
742 3452 984 3535 potius,
1032 3448 1409 3533 desperatae
1451 3448 1800 3531 nequitiae.

344 3535 640 3611 Literas,
684 3557 846 3620 quas
889 3534 1145 3619 pridem
1180 3534 1263 3600 ad
1298 3555 1420 3601 vos
1456 3536 1866 3618 scripseram,
1913 3535 2138 3599 remit-

171 3623 414 3688 tendas
459 3624 684 3688 statim
729 3623 1003 3688 curabis.
1064 3620 1313 3686 Vellem
1342 3621 1692 3686 Tocsanum
1731 3619 2135 3698 admoneres,

171 3715 245 3772 ιιι
297 3710 508 3774 unius
581 3728 766 3773 meae
822 3708 905 3772 ad
959 3709 1135 3790 ipsos
1201 3706 1547 3789 epistolae,
1602 3713 1670 3771 et
1724 3707 1996 3773 alterius
2055 3705 2139 3771 ad

173 3791 584 3877 Schnepfium
637 3794 1067 3877 exemplaria,
1089 3792 1145 3878 ⁷)
1201 3794 1367 3858 sicut
1423 3813 1843 3876 rogaveram,
1905 3790 1990 3857 ad
2031 3812 2140 3857 me

171 3881 571 3946 remitteret.
654 3879 731 3945 Si
797 3882 1004 3945 otium
1070 3880 1345 3944 haberes
1411 3878 1495 3943 ad
1559 3900 1678 3943 nos
1742 3878 2138 3955 invisendos,

214 3987 375 4030 uam
444 3967 633 4032 nobis
696 3965 1062 4032 iucundum
1127 3965 1416 4029 officium
1480 3965 1784 4030 omnibus
1847 3963 2136 4029 faceres?

239 4074 451 4118 uaeso
506 4052 856 4135 aliquando
913 4059 979 4115 te
1037 4049 1121 4115 ad
1176 4052 1304 4114 iter
1357 4051 1625 4115 tandem
1684 4052 1958 4117 coniice:
2018 4071 2141 4116 nec

173 4142 450 4202 tantum
491 4139 705 4203 laetus
748 4146 924 4203 esset
959 4136 1164 4216 nobis,
1210 4133 1326 4200 sed
1371 4135 1552 4201 utilis
1596 4157 1851 4218 quoque
1895 4136 2140 4203 adven-

172 4229 287 4287 tus
331 4236 529 4302 tuus,
585 4223 782 4290 sicuti
822 4245 906 4289 ex
947 4244 1019 4287 re
1061 4223 1398 4306 praesenti
1440 4244 1777 4305 agnose-05„
1825 4232 1894 4288 et
1934 4232 2001 4287 te
2043 4222 2139 4286 la-

171 4306 393 4387 boris,
467 4311 629 4388 scic,
697 4331 831 4374 non
895 4308 1280 4392 poenitebit:
1344 4308 1585 4373 festina
1643 4329 1816 4391 erge.
1908 4306 2143 4374 Saluta

172 4393 430 4459 fratres
489 4416 715 4460 omnes
735 4447 750 4472 ,
804 4416 966 4478 quos
1019 4416 1139 4477 ego
1194 4394 1406 4477 magis
1464 4395 1730 4472 amabo,
1789 4395 1846 4459 si
1890 4406 1956 4458 te
2012 4394 2143 4459 huc

173 4480 570 4545 extrudant.
640 4482 964 4546 Dominus
1006 4502 1124 4546 vos
1168 4501 1394 4546 omnes
1438 4488 1795 4547 conservet.
1948 4499 2142 4545 nosce

171 4585 370 4631 meae
417 4565 810 4632 lassitudini.
891 4566 1213 4632 Familiae
1252 4575 1408 4632 tuae
1450 4566 1800 4649 plurimam
1844 4588 1877 4632 s
1943 4573 2142 4631 utem.

174 4653 280 4716 21.
327 4652 602 4718 Ianuar.
655 4657 837 4718 1546.

394 4894 462 4961 6)
501 4893 781 4958 Ecce-erma
827 4908 895 4946 ex
941 4899 1164 4946 senatus
1218 4893 1618 4946 commentariis
1663 4893 1769 4946 huc
1807 4891 2146 4960 pertinentia

176 4961 257 5015 ᾱᾶ
291 4961 386 5019 17.
424 4966 479 5015 Δ
556 5003 568 5014 .
609 4959 746 5015 1545
782 4968 830 5016 et
864 4961 947 5016 25.
986 4961 1111 5015 Ian.
1149 4958 1284 5013 1546
1317 4961 1380 5014 in
1416 4962 1732 5016 Annalibus
1764 4961 2143 5015 exhibebimus.

179 5105 232 5156 α
263 5031 463 5156 575.⁷)
481 4980 868 5087 &robabiliter
901 5030 969 5085 de
1000 5030 1114 5084 illis
1147 5029 1385 5099 loquitur
1421 5046 1560 5101 quas
1594 5031 1772 5101 leyisti
1805 5031 1904 5085 sub
1938 5029 2013 5085 N.
2041 5026 2143 5082 547

405 5442 630 5499 Gabini
656 5459 840 5513 opera.
919 5442 1033 5498 Vol.
1074 5441 1223 5496 XII.

3148 615 3301 687 753.

2713 766 3187 836 OALVINUS
3229 769 3721 839 FALLESIO.

2406 938 2740 1007 Dedicat-’o
2783 941 3040 1024 prioris
3091 941 3386 1024 epistolae
3431 941 3629 1009 Pauli
3689 932 3775 1008 aa
3824 940 4192 1013 amathas.

2239 1109 2354 1171 (Ex
2406 1109 2646 1165 editione
2738 1111 2946 1181 rincipe
2992 1109 3380 1166 Commentarii
3426 1114 3653 1182 Argent.
3689 1130 3722 1167 a
3764 1154 3775 1165 .
3811 1113 4192 1170 Wendelinum

2237 1177 2650 1233 Bih011546.8.
2787 1196 2914 1233 cusa
2948 1188 3033 1234 est
3068 1183 3125 1235 in
3160 1182 3327 1235 libro:
3366 1182 3585 1235 Lettres
3610 1183 3678 1236 de
3744 1184 3891 1236 alvin
3926 1182 3960 1237 a
3982 1185 4191 1254 Jaqnes

2237 1248 2306 1301 de
2345 1249 2685 1318 Bourgogne,
2725 1251 2901 1302 Amst.
2929 1247 3077 1303 1744.
3114 1267 3166 1332 p.
3189 1248 3296 1303 225
3330 1267 3450 1320 sqq.
3488 1257 3545 1304 et
3574 1252 3631 1304 in
3668 1251 3855 1305 Museo
3892 1251 4091 1308 helvet.
4116 1255 4190 1309 11.

2236 1314 2356 1370 566.
2428 1318 2608 1371 Abest
2641 1318 2711 1371 ab
2747 1319 2997 1372 omnibns
3043 1319 3373 1373 editionibus
3417 1322 3792 1373 commentarii
3825 1322 3971 1375 illius
4047 1327 4192 1377 oste-

2239 1385 2476 1439 rioribus
2527 1393 2746 1456 praeter
2798 1403 2962 1441 unam
3010 1404 3056 1441 a.
3099 1385 3233 1442 1551
3284 1393 3512 1458 propter
3562 1389 3738 1453 illam,
3795 1406 3933 1459 quae
4059 1391 4191 1445 lseci

2238 1469 2399 1507 causa
2433 1454 2579 1509 inter
2613 1460 2858 1509 autorem
2894 1461 2951 1509 et
2985 1456 3277 1509 Fallesium
3314 1462 3507 1510 exorta
3542 1462 3653 1525 est,
3692 1458 4036 1513 simultatem.
4107 1460 4190 1514 De

2856 1524 2942 1578 his
2978 1524 3102 1578 edd.
3138 1526 3269 1580 alibi
3307 1529 3570 1595 agemus.)

2233 1675 2490 1742 Illustri
2531 1677 2678 1744 viro
2721 1676 2807 1744 D.
2844 1677 3082 1745 Iacobo
3126 1701 3167 1745 a
3204 1678 3598 1765 Burgundia
3630 1680 3905 1747 Fallesii
3942 1681 4195 1749 Breda-

2405 1763 2606 1846 nique
2651 1764 2913 1830 domino
2956 1772 3078 1832 etc.

2408 1901 2683 1967 Utinam
2748 1901 2854 1968 hic
2921 1908 3148 1969 noster
3189 1902 3749 1983 Commentarius,
3815 1925 3945 1987 quo
4000 1904 4197 1971 Pauli

2241 1986 2584 2071 epistolam
2638 2008 2772 2053 non
2826 1988 3051 2054 minus
3095 1988 3440 2055 obscuram
3481 2011 3677 2073 quam
3719 1989 3953 2055 utilem
3996 2010 4193 2057 cona-

2239 2080 2348 2138 tus
2391 2093 2540 2138 sum
2584 2073 2931 2157 explicare,
2977 2074 3177 2141 sicuti
3219 2097 3260 2140 a
3292 2075 3523 2140 multis
3565 2074 3819 2159 pridem
3864 2077 4196 2159 expetitus

2239 2166 2436 2242 atque
2479 2158 2678 2224 etiam
2724 2158 3003 2225 subinde
3044 2161 3401 2245 flagitatus,
3447 2182 3625 2226 nunc
3667 2162 3740 2226 in
3780 2160 3998 2227 lucem
4086 2183 4194 2227 ro-

2239 2242 2364 2323 dit,
2418 2245 2518 2309 ita
2571 2245 2711 2327 spei
2752 2245 3055 2329 votisque
3099 2247 3394 2312 omnium
3439 2245 3744 2319 similiter
3786 2267 4022 2330 respon
4069 2256 4193 2313 eat.

2236 2330 2385 2395 Hoc
2426 2329 2574 2396 ideo
2617 2329 2780 2410 dico,
2824 2352 2960 2397 non
3003 2340 3082 2396 ut
3123 2331 3415 2400 fructum
3456 2331 3610 2397 inde
3653 2333 3940 2416 aliquem
3981 2332 4199 2399 laudis

2237 2416 2623 2500 percipiam,
2682 2437 2851 2500 quae
2894 2417 3165 2484 ambitio
3211 2440 3251 2483 a
3292 2417 3548 2483 Christi
3591 2419 3803 2485 servis
3847 2419 4040 2503 longe
4081 2419 4196 2485 ab·
4293 2415 4306 2437 '

2240 2522 2383 2569 esse
2428 2500 2639 2581 debet,
2684 2501 2801 2568 sed
2844 2504 2999 2585 quia
3031 2503 3342 2587 prodesse
3375 2504 3680 2570 omnibus
3713 2504 3932 2588 ipsum
3966 2505 4193 2588 cupio:

2238 2586 2412 2671 quod
2476 2588 2621 2653 fieri
2685 2590 2914 2672 nequit
2967 2588 3099 2654 nisi
3148 2588 3479 2674 probetur.
3576 2590 3723 2673 Ego
3766 2588 4062 2673 quidem,
4121 2596 4198 2654 ut

2237 2674 2405 2738 citra
2425 2675 2927 2740 ostentationem
2947 2674 3310 2758 plurimum
3344 2674 3651 2741 ecclesiae
3672 2673 3803 2740 Dei
3838 2675 4198 2759 prodesset,

2238 2780 2498 2825 summa
2540 2759 2669 2824 fide
2711 2780 2834 2826 nec
2876 2763 3127 2825 minore
3170 2759 3509 2844 diligentia
3550 2758 3898 2827 elaboravi.
3966 2759 4197 2841 Quan-

2237 2854 2381 2995 tum
2421 2844 2824 2928 profecerim,
2868 2844 3183 2912 iudicium
3217 2847 3300 2912 ab
3333 2846 3478 2930 ipsa
3511 2847 3920 2930 experientia
3953 2846 4199 2914 facient

2263 2938 2530 3001 setores.

2407 3015 2489 3082 Id
2546 3023 2726 3083 certe
2777 3038 2886 3083 me
2943 3027 3366 3102 assequutum
3430 3040 3573 3085 esse
3633 3017 3919 3099 confide,
3979 3025 4058 3083 ut
4112 3017 4197 3083 ad

2239 3103 2438 3170 Pauli
2477 3117 2767 3169 mentem
2810 3106 3070 3188 penitus
3112 3105 3612 3190 intelligendam
3646 3104 4027 3170 adiumento
4061 3126 4199 3170 non

2239 3189 2502 3273 vulgari
2537 3191 2628 3255 sit
2659 3192 2942 3257 futurus·
2996 3190 3148 3257 Tibi
3191 3213 3368 3271 vero,
3411 3191 3776 3258 clarissime
3819 3192 3945 3269 vir,
3990 3188 4197 3257 vehe-

2240 3285 2500 3340 menter
2553 3275 2950 3357 placiturum
3005 3276 3165 3342 adeo
3218 3297 3354 3342 non
3398 3276 3621 3344 dubito
3636 3328 3652 3355 ‚
3712 3285 3792 3341 ut
3830 3275 4197 3343 monendus

2241 3363 2443 3427 etiam
2484 3361 2650 3426 mihi
2696 3361 2816 3441 sis,
2876 3384 2959 3428 ne
3004 3383 3229 3428 amore
3282 3383 3441 3446 erga
3482 3385 3588 3429 me
3631 3363 3832 3428 nimio
3876 3363 4085 3445 abripi
4132 3371 4196 3427 te

2241 3455 2434 3513 extra
2491 3447 2739 3513 iustum
2796 3448 3064 3513 modum
3117 3448 3313 3514 sinas.
3404 3447 3799 3531 Quanquam
3843 3456 3917 3513 ut
3957 3448 4029 3513 id
4074 3447 4197 3513 tibi

2238 3534 2407 3598 forte
2463 3534 2831 3617 contingat,
2890 3533 3207 3600 iudicium
3262 3534 3472 3599 nihilo
3527 3536 3746 3600 minus
3789 3542 3983 3598 tuum
4024 3533 4197 3600 tanti

2239 3620 2504 3698 faciam,
2560 3626 2637 3684 ιιι
2677 3618 2884 3684 labori
2938 3639 3085 3685 meo
3132 3628 3421 3686 statuam
3465 3618 3631 3684 bene
3675 3621 4059 3686 successisse
4075 3670 4090 3695 ,
4137 3619 4195 3684 si

2241 3713 2434 3771 tuum
2476 3705 2863 3788 suffragium
2909 3705 3152 3789 absque
3195 3706 3581 3789 exceptione
3624 3705 3866 3771 tulerit.

2410 3792 2654 3863 Porro.
2676 3799 2752 3855 ut
2808 3789 2927 3856 tibi
2979 3813 3428 3875 nuncuparem
3442 3844 3459 3872 ,
3520 3813 3655 3856 non
3716 3790 3878 3856 haec
3935 3799 4193 3856 tantum

2242 3898 2441 3944 causa
2483 3899 2588 3942 me
2631 3877 2896 3960 impulit
2934 3875 3107 3960 quod
3166 3878 3507 3961 sperabam
3554 3888 3816 3962 gratum
3859 3876 3977 3941 tibi
4018 3875 4193 3942 fore:

2244 3962 2361 4029 sed
2403 3984 2607 4046 quum
2651 3963 2817 4028 aliae
2860 3962 3227 4046 complures
3272 3973 3415 4027 tum
3456 3984 3617 4029 vero
3651 3964 3813 4028 haec
3848 3963 4195 4045 praecipue

2245 4049 2419 4133 quod
2453 4057 2569 4114 tua
2609 4069 2889 4131 persona
2930 4048 3237 4131 paulinae
3273 4048 3584 4132 epistolae
3619 4058 4006 4131 argumento
4042 4059 4196 4131 apte

2244 4135 2660 4218 congruebat.
2730 4134 2905 4199 Nam
2948 4155 3149 4216 quum
3194 4133 3389 4199 hodie
3429 4134 3628 4200 nimis
3672 4134 3866 4198 multi
3910 4153 4197 4217 evange-

2244 4220 2410 4285 lium
2470 4227 2862 4286 convertant
2912 4219 2984 4284 in
3039 4219 3355 4303 frigidum
3397 4231 3463 4285 et
3505 4218 3853 4285 umbratile
3910 4219 4197 4301 philoso-

2245 4307 2442 4390 phiae
2498 4327 2739 4390 genus,
2793 4307 2921 4369 rite
2974 4326 3045 4370 se
3089 4305 3429 4372 defunctos
3475 4314 3782 4388 putantes
3825 4306 3883 4371 si
3927 4305 4197 4370 auribus

2248 4401 2509 4458 tantum
2563 4392 2941 4471 annuerint,
2996 4402 3070 4456 tu
3126 4391 3315 4457 nobis
3368 4391 3561 4456 vivae
3617 4391 3797 4455 illius
3852 4391 4194 4467 efficaciae,

2249 4498 2445 4562 quam
2491 4487 2829 4562 tantopere
2873 4485 3068 4560 urget
3108 4477 3377 4556 Paulus,
3424 4476 3683 4560 insigne
3728 4497 3797 4541 es
3840 4474 4198 4558 exemplar.

2249 4565 2377 4642 Te,
2428 4565 2730 4646 inquam,
2789 4584 2993 4645 quum
3054 4563 3392 4628 intuemur
3449 4562 3865 4643 agnoscimus
3923 4562 4067 4644 quis
4111 4559 4200 4625 sit

2245 4650 2361 4715 ille
2427 4651 2695 4732 spiritus
2757 4650 2825 4715 vi
2874 4670 2949 4713 or
3011 4648 3124 4731 qui
3180 4649 3249 4713 in
3309 4648 3652 4731 evangelio
3716 4648 3965 4729 spirare
4031 4654 4199 4710 teste

2247 4735 2461 4802 Paulo
2517 4735 2724 4800 debet.
2880 4733 3010 4800 uod
3068 4755 3188 4820 ego
3231 4744 3346 4798 tua
3388 4742 3565 4799 certe
3611 4754 3805 4798 causa
3846 4754 3977 4797 non
4018 4751 4197 4798 com-

2247 4843 2570 4900 memoro,
2630 4820 2746 4886 sed
2798 4820 2954 4904 quia
3007 4819 3091 4886 ad
3147 4819 3521 4902 exemplum
3592 4817 3818 4901 magni
3880 4819 4201 4885 interesse

2246 4909 2548 4975 arbitror.

2419 4994 2747 5077 Magnum
2789 4991 3101 5074 quiddam
3142 4992 3373 5058 fuisset
3414 4992 3469 5056 si
3511 4991 3585 5055 in
3627 4989 3857 5054 ordine
3899 4988 4202 5054 nobilita-

2251 5081 2338 5145 tis
2372 5079 2704 5163 primario,
2746 5079 2820 5142 in
2864 5079 3120 5164 excelso
3165 5077 3433 5142 honoris
3476 5075 3685 5161 gradu
3720 5097 3916 5157 quem
3950 5073 4202 5141 obtine-

2250 5166 2400 5245 bas,
2457 5166 2530 5230 in
2587 5164 2702 5229 illa
2758 5165 3064 5229 fortunae
3129 5184 3455 5247 opumque
3510 5160 3940 5245 amplitudine
4003 5169 4202 5244 (quae

2253 5252 2475 5317 omnia
2516 5259 2612 5316 tot
2655 5250 2850 5316 hodie
2892 5250 3279 5334 corruptelis
3323 5255 3635 5325 scatent),
3691 5257 3831 5312 tum
3876 5248 4015 5329 ipse
4060 5268 4202 5311 mo-

2252 5337 2479 5404 derate
2521 5336 3063 5420 continenterque
3105 5337 3399 5415 vixisses,
3443 5343 3589 5400 tum
3632 5334 3947 5399 familiam
3991 5332 4202 5398 conti-

3722 5435 3788 5487 17
