<?xml version="1.0" encoding="UTF-8"?>
<!DOCTYPE html PUBLIC "-//W3C//DTD XHTML 1.0 Transitional//EN"
    "http://www.w3.org/TR/xhtml1/DTD/xhtml1-transitional.dtd">
<html xmlns="http://www.w3.org/1999/xhtml" xml:lang="en" lang="en">
 <head>
  <title>
</title>
<meta http-equiv="Content-Type" content="text/html;charset=utf-8" />
  <meta name='ocr-system' content='tesseract 3.04.00' />
  <meta name='ocr-capabilities' content='ocr_page ocr_carea ocr_par ocr_line ocrx_word'/>
</head>
<body>
  <div class='ocr_page' id='page_1' title='image "./ioanniscalvinio10unkngoog_0156.png"; bbox 0 0 4825 6175; ppageno 0'>
   <div class='ocr_carea' id='block_1_1' title="bbox 661 425 784 487">
    <p class='ocr_par' dir='ltr' id='par_1_1' title="bbox 661 425 784 487">
     <span class='ocr_line' id='line_1_1' title="bbox 661 425 784 487; baseline -0.024 0"><span class='ocrx_word' id='word_1_1' title='bbox 661 425 784 487; x_wconf 80' lang='lat'><strong>247</strong></span> 
     </span>
    </p>
   </div>
   <div class='ocr_carea' id='block_1_2' title="bbox 585 606 2617 4031">
    <p class='ocr_par' dir='ltr' id='par_1_2' title="bbox 585 606 2617 1975">
     <span class='ocr_line' id='line_1_2' title="bbox 657 606 2615 692; baseline -0.001 -17"><span class='ocrx_word' id='word_1_2' title='bbox 657 630 700 675; x_wconf 87' lang='lat' dir='ltr'><strong>a</strong></span> <span class='ocrx_word' id='word_1_3' title='bbox 740 607 1133 676; x_wconf 88' lang='lat' dir='ltr'><strong>cancellario</strong></span> <span class='ocrx_word' id='word_1_4' title='bbox 1177 607 1509 676; x_wconf 87' lang='lat' dir='ltr'><strong>Saxoniae</strong></span> <span class='ocrx_word' id='word_1_5' title='bbox 1551 606 1832 686; x_wconf 87' lang='lat' dir='ltr'><strong>audivit,</strong></span> <span class='ocrx_word' id='word_1_6' title='bbox 1888 616 2155 691; x_wconf 90' lang='lat' dir='ltr'><strong>propter</strong></span> <span class='ocrx_word' id='word_1_7' title='bbox 2194 608 2405 692; x_wconf 85' lang='lat' dir='ltr'><strong>frigus</strong></span> <span class='ocrx_word' id='word_1_8' title='bbox 2448 609 2615 674; x_wconf 89' lang='lat' dir='ltr'><strong>forte</strong></span> 
     </span>
     <span class='ocr_line' id='line_1_3' title="bbox 658 692 2617 778; baseline -0.001 -18"><span class='ocrx_word' id='word_1_9' title='bbox 658 694 1078 760; x_wconf 90' lang='lat' dir='ltr'><strong>retinendum</strong></span> <span class='ocrx_word' id='word_1_10' title='bbox 1121 695 1326 774; x_wconf 91' lang='lat' dir='ltr'><strong>domi,</strong></span> <span class='ocrx_word' id='word_1_11' title='bbox 1379 702 1446 760; x_wconf 91' lang='lat' dir='ltr'><strong>et</strong></span> <span class='ocrx_word' id='word_1_12' title='bbox 1496 694 1784 759; x_wconf 81' lang='lat' dir='ltr'><strong>maxime</strong></span> <span class='ocrx_word' id='word_1_13' title='bbox 1841 715 2043 777; x_wconf 86' lang='lat' dir='ltr'><strong>quum</strong></span> <span class='ocrx_word' id='word_1_14' title='bbox 2100 712 2236 759; x_wconf 94' lang='lat' dir='ltr'><strong>non</strong></span> <span class='ocrx_word' id='word_1_15' title='bbox 2279 692 2617 778; x_wconf 83' lang='lat' dir='ltr'><strong>adfulgeat</strong></span> 
     </span>
     <span class='ocr_line' id='line_1_4' title="bbox 659 779 2614 865; baseline -0.002 -18"><span class='ocrx_word' id='word_1_16' title='bbox 659 800 906 865; x_wconf 85' lang='lat' dir='ltr'><strong>magna</strong></span> <span class='ocrx_word' id='word_1_17' title='bbox 957 801 1110 864; x_wconf 85' lang='lat' dir='ltr'><strong>spes</strong></span> <span class='ocrx_word' id='word_1_18' title='bbox 1159 780 1233 846; x_wconf 90' lang='lat' dir='ltr'><strong>in</strong></span> <span class='ocrx_word' id='word_1_19' title='bbox 1286 781 1409 846; x_wconf 92' lang='lat' dir='ltr'><strong>hoc</strong></span> <span class='ocrx_word' id='word_1_20' title='bbox 1462 779 1783 863; x_wconf 83' lang='lat' dir='ltr'><strong>colloquio</strong></span> <span class='ocrx_word' id='word_1_21' title='bbox 1833 780 2094 864; x_wconf 82' lang='lat' dir='ltr'><strong>frugem</strong></span> <span class='ocrx_word' id='word_1_22' title='bbox 2146 799 2455 862; x_wconf 84' lang='lat' dir='ltr'><strong>magnam</strong></span> <span class='ocrx_word' id='word_1_23' title='bbox 2500 800 2614 845; x_wconf 83' lang='lat' dir='ltr'><strong>ex-</strong></span> 
     </span>
     <span class='ocr_line' id='line_1_5' title="bbox 655 865 2616 951; baseline -0.001 -20"><span class='ocrx_word' id='word_1_24' title='bbox 655 867 908 949; x_wconf 90' lang='lat' dir='ltr'><strong>portari</strong></span> <span class='ocrx_word' id='word_1_25' title='bbox 959 886 1167 951; x_wconf 89' lang='lat' dir='ltr'><strong>posse.</strong></span> <span class='ocrx_word' id='word_1_26' title='bbox 1256 867 1521 932; x_wconf 79' lang='lat' dir='ltr'><strong>Interea</strong></span> <span class='ocrx_word' id='word_1_27' title='bbox 1574 866 1919 932; x_wconf 88' lang='lat' dir='ltr'><strong>confluunt</strong></span> <span class='ocrx_word' id='word_1_28' title='bbox 1972 865 2361 930; x_wconf 78' lang='lat' dir='ltr'>Tridentum</span> <span class='ocrx_word' id='word_1_29' title='bbox 2419 865 2616 931; x_wconf 89' lang='lat' dir='ltr'><strong>Anti-</strong></span> 
     </span>
     <span class='ocr_line' id='line_1_6' title="bbox 585 950 2616 1034; baseline -0 -17"><span class='ocrx_word' id='word_1_30' title='bbox 585 1006 590 1009; x_wconf 95' lang='lat'><strong>.</strong></span> <span class='ocrx_word' id='word_1_31' title='bbox 657 951 891 1017; x_wconf 80' lang='lat' dir='ltr'><strong>christi</strong></span> <span class='ocrx_word' id='word_1_32' title='bbox 933 953 1184 1031; x_wconf 91' lang='lat' dir='ltr'><strong>cohors,</strong></span> <span class='ocrx_word' id='word_1_33' title='bbox 1202 954 1261 1034; x_wconf 62' lang='grc' dir='ltr'><strong>ὅ)</strong></span> <span class='ocrx_word' id='word_1_34' title='bbox 1304 959 1371 1017; x_wconf 91' lang='lat' dir='ltr'><strong>et</strong></span> <span class='ocrx_word' id='word_1_35' title='bbox 1412 952 1587 1016; x_wconf 81' lang='lat' dir='ltr'><strong>fama</strong></span> <span class='ocrx_word' id='word_1_36' title='bbox 1630 951 1808 1017; x_wconf 80' lang='lat' dir='ltr'><strong>volat</strong></span> <span class='ocrx_word' id='word_1_37' title='bbox 1848 971 2088 1034; x_wconf 90' lang='lat' dir='ltr'><strong>papam</strong></span> <span class='ocrx_word' id='word_1_38' title='bbox 2131 951 2301 1017; x_wconf 89' lang='lat' dir='ltr'><strong>velle</strong></span> <span class='ocrx_word' id='word_1_39' title='bbox 2337 950 2616 1017; x_wconf 75' lang='lat' dir='ltr'><strong>decretis</strong></span> 
     </span>
     <span class='ocr_line' id='line_1_7' title="bbox 658 1036 2614 1120; baseline -0.001 -16"><span class='ocrx_word' id='word_1_40' title='bbox 658 1036 915 1104; x_wconf 86' lang='lat' dir='ltr'><strong>concilii</strong></span> <span class='ocrx_word' id='word_1_41' title='bbox 960 1037 1114 1120; x_wconf 96' lang='grc'>(1106</span> <span class='ocrx_word' id='word_1_42' title='bbox 1159 1044 1279 1116; x_wconf 89' lang='lat' dir='ltr'><strong>est,</strong></span> <span class='ocrx_word' id='word_1_43' title='bbox 1324 1038 1461 1103; x_wconf 87' lang='lat' dir='ltr'><strong>suis</strong></span> <span class='ocrx_word' id='word_1_44' title='bbox 1499 1037 1816 1103; x_wconf 72' lang='lat' dir='ltr'><strong>creaturis</strong></span> <span class='ocrx_word' id='word_1_45' title='bbox 1858 1055 2025 1120; x_wconf 88' lang='lat' dir='ltr'><strong>quae</strong></span> <span class='ocrx_word' id='word_1_46' title='bbox 2067 1058 2152 1101; x_wconf 92' lang='lat' dir='ltr'><strong>ne</strong></span> <span class='ocrx_word' id='word_1_47' title='bbox 2196 1036 2451 1102; x_wconf 80' lang='lat' dir='ltr'><strong>hiscere</strong></span> <span class='ocrx_word' id='word_1_48' title='bbox 2496 1058 2614 1102; x_wconf 89' lang='lat' dir='ltr'><strong>au·</strong></span> 
     </span>
     <span class='ocr_line' id='line_1_8' title="bbox 656 1122 2615 1206; baseline -0.001 -19"><span class='ocrx_word' id='word_1_49' title='bbox 656 1122 818 1188; x_wconf 90' lang='lat' dir='ltr'><strong>dent</strong></span> <span class='ocrx_word' id='word_1_50' title='bbox 857 1131 1085 1189; x_wconf 88' lang='lat' dir='ltr'><strong>contra</strong></span> <span class='ocrx_word' id='word_1_51' title='bbox 1122 1123 1464 1206; x_wconf 82' lang='lat' dir='ltr'><strong>factorem)</strong></span> <span class='ocrx_word' id='word_1_52' title='bbox 1509 1144 1652 1189; x_wconf 85' lang='lat' dir='ltr'><strong>sese</strong></span> <span class='ocrx_word' id='word_1_53' title='bbox 1695 1123 2096 1188; x_wconf 82' lang='lat' dir='ltr'><strong>submittere.</strong></span> <span class='ocrx_word' id='word_1_54' title='bbox 2185 1122 2325 1187; x_wconf 87' lang='lat' dir='ltr'><strong>Alii</strong></span> <span class='ocrx_word' id='word_1_55' title='bbox 2365 1123 2615 1189; x_wconf 89' lang='lat' dir='ltr'><strong>iactant</strong></span> 
     </span>
     <span class='ocr_line' id='line_1_9' title="bbox 659 1207 2613 1293; baseline -0.001 -20"><span class='ocrx_word' id='word_1_56' title='bbox 659 1209 926 1274; x_wconf 88' lang='lat' dir='ltr'><strong>iamiam</strong></span> <span class='ocrx_word' id='word_1_57' title='bbox 979 1216 1284 1291; x_wconf 88' lang='lat' dir='ltr'><strong>paratum</strong></span> <span class='ocrx_word' id='word_1_58' title='bbox 1339 1208 1593 1273; x_wconf 86' lang='lat' dir='ltr'><strong>fulmen</strong></span> <span class='ocrx_word' id='word_1_59' title='bbox 1650 1207 2055 1291; x_wconf 86' lang='lat' dir='ltr'><strong>pontificium</strong></span> <span class='ocrx_word' id='word_1_60' title='bbox 2109 1208 2185 1272; x_wconf 90' lang='lat' dir='ltr'><strong>in</strong></span> <span class='ocrx_word' id='word_1_61' title='bbox 2238 1208 2613 1293; x_wconf 89' lang='lat' dir='ltr'><strong>episcopum</strong></span> 
     </span>
     <span class='ocr_line' id='line_1_10' title="bbox 668 1292 2613 1376; baseline -0.002 -14"><span class='ocrx_word' id='word_1_62' title='bbox 668 1292 1089 1362; x_wconf 67' lang='lat' dir='ltr'><strong>coloniensem</strong></span> <span class='ocrx_word' id='word_1_63' title='bbox 1107 1296 1164 1369; x_wconf 81' lang='lat'><strong>⁶)</strong></span> <span class='ocrx_word' id='word_1_64' title='bbox 1220 1302 1286 1359; x_wconf 89' lang='lat' dir='ltr'><strong>et</strong></span> <span class='ocrx_word' id='word_1_65' title='bbox 1345 1301 1784 1376; x_wconf 81' lang='lat' dir='ltr'><strong>protestantes</strong></span> <span class='ocrx_word' id='word_1_66' title='bbox 1798 1345 1815 1373; x_wconf 95' lang='lat'><strong>,</strong></span> <span class='ocrx_word' id='word_1_67' title='bbox 1875 1301 1951 1359; x_wconf 89' lang='lat' dir='ltr'><strong>ut</strong></span> <span class='ocrx_word' id='word_1_68' title='bbox 2003 1295 2060 1359; x_wconf 92' lang='lat' dir='ltr'><strong>si</strong></span> <span class='ocrx_word' id='word_1_69' title='bbox 2115 1294 2298 1360; x_wconf 86' lang='lat' dir='ltr'><strong>citati</strong></span> <span class='ocrx_word' id='word_1_70' title='bbox 2353 1315 2424 1359; x_wconf 90' lang='lat' dir='ltr'><strong>se</strong></span> <span class='ocrx_word' id='word_1_71' title='bbox 2476 1313 2613 1359; x_wconf 94' lang='lat' dir='ltr'><strong>non</strong></span> 
     </span>
     <span class='ocr_line' id='line_1_11' title="bbox 660 1378 2614 1464; baseline 0 -20"><span class='ocrx_word' id='word_1_72' title='bbox 660 1399 820 1444; x_wconf 84' lang='lat' dir='ltr'><strong>mox</strong></span> <span class='ocrx_word' id='word_1_73' title='bbox 853 1380 1092 1445; x_wconf 82' lang='lat' dir='ltr'><strong>sistant</strong></span> <span class='ocrx_word' id='word_1_74' title='bbox 1141 1379 1496 1446; x_wconf 86' lang='lat' dir='ltr'><strong>altitonans</strong></span> <span class='ocrx_word' id='word_1_75' title='bbox 1539 1379 1652 1444; x_wconf 91' lang='lat' dir='ltr'><strong>ille</strong></span> <span class='ocrx_word' id='word_1_76' title='bbox 1693 1378 2196 1464; x_wconf 88' lang='lat' dir='ltr'><strong>grandistrepus</strong></span> <span class='ocrx_word' id='word_1_77' title='bbox 2238 1386 2305 1444; x_wconf 91' lang='lat' dir='ltr'><strong>et</strong></span> <span class='ocrx_word' id='word_1_78' title='bbox 2343 1379 2614 1446; x_wconf 90' lang='lat' dir='ltr'><strong>nubico-</strong></span> 
     </span>
     <span class='ocr_line' id='line_1_12' title="bbox 659 1464 2613 1549; baseline -0.001 -19"><span class='ocrx_word' id='word_1_79' title='bbox 659 1486 783 1549; x_wconf 89' lang='lat' dir='ltr'><strong>gus</strong></span> <span class='ocrx_word' id='word_1_80' title='bbox 827 1485 996 1548; x_wconf 87' lang='lat' dir='ltr'><strong>papa</strong></span> <span class='ocrx_word' id='word_1_81' title='bbox 1039 1464 1199 1530; x_wconf 83' lang='lat' dir='ltr'><strong>diris</strong></span> <span class='ocrx_word' id='word_1_82' title='bbox 1241 1464 1550 1531; x_wconf 90' lang='lat' dir='ltr'><strong>omnibus</strong></span> <span class='ocrx_word' id='word_1_83' title='bbox 1589 1465 1679 1532; x_wconf 90' lang='lat' dir='ltr'><strong>sit</strong></span> <span class='ocrx_word' id='word_1_84' title='bbox 1719 1465 2038 1549; x_wconf 86' lang='lat' dir='ltr'><strong>papistico</strong></span> <span class='ocrx_word' id='word_1_85' title='bbox 2080 1464 2261 1532; x_wconf 87' lang='lat' dir='ltr'><strong>coelo</strong></span> <span class='ocrx_word' id='word_1_86' title='bbox 2304 1466 2613 1549; x_wconf 85' lang='lat' dir='ltr'><strong>profliga-</strong></span> 
     </span>
     <span class='ocr_line' id='line_1_13' title="bbox 657 1549 2614 1635; baseline -0.001 -19"><span class='ocrx_word' id='word_1_87' title='bbox 657 1559 864 1616; x_wconf 85' lang='lat' dir='ltr'><strong>turus.</strong></span> <span class='ocrx_word' id='word_1_88' title='bbox 952 1551 1217 1616; x_wconf 89' lang='lat' dir='ltr'><strong>Interea</strong></span> <span class='ocrx_word' id='word_1_89' title='bbox 1280 1551 1524 1616; x_wconf 89' lang='lat' dir='ltr'><strong>nostris</strong></span> <span class='ocrx_word' id='word_1_90' title='bbox 1597 1551 1673 1616; x_wconf 89' lang='lat' dir='ltr'><strong>fit</strong></span> <span class='ocrx_word' id='word_1_91' title='bbox 1737 1571 1886 1633; x_wconf 90' lang='lat' dir='ltr'><strong>spes</strong></span> <span class='ocrx_word' id='word_1_92' title='bbox 1952 1570 2177 1635; x_wconf 90' lang='lat' dir='ltr'><strong>regem</strong></span> <span class='ocrx_word' id='word_1_93' title='bbox 2241 1549 2614 1617; x_wconf 84' lang='lat' dir='ltr'><strong>Galliarum</strong></span> 
     </span>
     <span class='ocr_line' id='line_1_14' title="bbox 658 1635 2612 1703; baseline -0.001 -2"><span class='ocrx_word' id='word_1_94' title='bbox 658 1636 1032 1701; x_wconf 87' lang='lat' dir='ltr'><strong>istiusmodi</strong></span> <span class='ocrx_word' id='word_1_95' title='bbox 1084 1636 1433 1703; x_wconf 90' lang='lat' dir='ltr'><strong>concilium</strong></span> <span class='ocrx_word' id='word_1_96' title='bbox 1487 1636 1949 1701; x_wconf 79' lang='lat' dir='ltr'><strong>Tridentinum</strong></span> <span class='ocrx_word' id='word_1_97' title='bbox 2012 1658 2145 1702; x_wconf 94' lang='lat' dir='ltr'><strong>non</strong></span> <span class='ocrx_word' id='word_1_98' title='bbox 2206 1636 2381 1701; x_wconf 91' lang='lat' dir='ltr'><strong>velle</strong></span> <span class='ocrx_word' id='word_1_99' title='bbox 2441 1635 2612 1701; x_wconf 92' lang='lat' dir='ltr'><strong>invi-</strong></span> 
     </span>
     <span class='ocr_line' id='line_1_15' title="bbox 659 1720 2612 1806; baseline -0.001 -18"><span class='ocrx_word' id='word_1_100' title='bbox 659 1743 820 1788; x_wconf 89' lang='lat' dir='ltr'><strong>sere.</strong></span> <span class='ocrx_word' id='word_1_101' title='bbox 841 1722 898 1803; x_wconf 88' lang='lat'><strong>⁷)</strong></span> <span class='ocrx_word' id='word_1_102' title='bbox 985 1720 1163 1802; x_wconf 79' lang='lat' dir='ltr'><strong>Quid</strong></span> <span class='ocrx_word' id='word_1_103' title='bbox 1205 1721 1460 1789; x_wconf 87' lang='lat' dir='ltr'><strong>consilii</strong></span> <span class='ocrx_word' id='word_1_104' title='bbox 1505 1722 1765 1806; x_wconf 80' lang='lat' dir='ltr'><strong>Anglus</strong></span> <span class='ocrx_word' id='word_1_105' title='bbox 1810 1722 2048 1787; x_wconf 90' lang='lat' dir='ltr'><strong>habeat</strong></span> <span class='ocrx_word' id='word_1_106' title='bbox 2093 1722 2260 1787; x_wconf 84' lang='lat' dir='ltr'><strong>forte</strong></span> <span class='ocrx_word' id='word_1_107' title='bbox 2304 1743 2389 1787; x_wconf 83' lang='lat' dir='ltr'><strong>ex</strong></span> <span class='ocrx_word' id='word_1_108' title='bbox 2431 1722 2612 1806; x_wconf 86' lang='lat' dir='ltr'><strong>lega-</strong></span> 
     </span>
     <span class='ocr_line' id='line_1_16' title="bbox 657 1805 2612 1891; baseline 0.001 -19"><span class='ocrx_word' id='word_1_109' title='bbox 657 1808 744 1874; x_wconf 89' lang='lat' dir='ltr'><strong>tis</strong></span> <span class='ocrx_word' id='word_1_110' title='bbox 788 1809 1313 1891; x_wconf 84' lang='lat' dir='ltr'><strong>protestantium,</strong></span> <span class='ocrx_word' id='word_1_111' title='bbox 1363 1806 1658 1887; x_wconf 75' lang='lat' dir='ltr'><strong>StamiO,</strong></span> <span class='ocrx_word' id='word_1_112' title='bbox 1708 1805 1980 1874; x_wconf 79' lang='lat' dir='ltr'><strong>Sledano</strong></span> <span class='ocrx_word' id='word_1_113' title='bbox 2022 1815 2091 1872; x_wconf 92' lang='lat' dir='ltr'><strong>et</strong></span> <span class='ocrx_word' id='word_1_114' title='bbox 2131 1808 2295 1887; x_wconf 89' lang='lat' dir='ltr'><strong>aliis,</strong></span> <span class='ocrx_word' id='word_1_115' title='bbox 2350 1806 2464 1873; x_wconf 91' lang='lat' dir='ltr'><strong>ubi</strong></span> <span class='ocrx_word' id='word_1_116' title='bbox 2508 1829 2612 1874; x_wconf 89' lang='lat' dir='ltr'><strong>re-</strong></span> 
     </span>
     <span class='ocr_line' id='line_1_17' title="bbox 658 1890 1570 1975; baseline -0.001 -17"><span class='ocrx_word' id='word_1_117' title='bbox 658 1892 901 1959; x_wconf 90' lang='lat' dir='ltr'><strong>dierint</strong></span> <span class='ocrx_word' id='word_1_118' title='bbox 942 1890 1301 1958; x_wconf 88' lang='lat' dir='ltr'><strong>audiemus.</strong></span> <span class='ocrx_word' id='word_1_119' title='bbox 1320 1892 1381 1975; x_wconf 72' lang='grc'><strong>8)</strong></span> <span class='ocrx_word' id='word_1_120' title='bbox 1565 1911 1570 1916; x_wconf 82' lang='lat'><strong>·</strong></span> 
     </span>
    </p>

    <p class='ocr_par' dir='ltr' id='par_1_3' title="bbox 650 1978 2612 3758">
     <span class='ocr_line' id='line_1_18' title="bbox 834 1978 2612 2061; baseline 0.001 -18"><span class='ocrx_word' id='word_1_121' title='bbox 834 1979 937 2044; x_wconf 92' lang='lat' dir='ltr'><strong>De</strong></span> <span class='ocrx_word' id='word_1_122' title='bbox 993 1983 1496 2061; x_wconf 89' lang='lat' dir='ltr'><strong>persequutione</strong></span> <span class='ocrx_word' id='word_1_123' title='bbox 1561 1978 1821 2061; x_wconf 90' lang='lat' dir='ltr'><strong>piorum</strong></span> <span class='ocrx_word' id='word_1_124' title='bbox 1885 1978 1960 2042; x_wconf 92' lang='lat' dir='ltr'><strong>in</strong></span> <span class='ocrx_word' id='word_1_125' title='bbox 2013 1978 2367 2044; x_wconf 77' lang='lat' dir='ltr'><strong>Provincia</strong></span> <span class='ocrx_word' id='word_1_126' title='bbox 2433 1985 2612 2045; x_wconf 91' lang='lat' dir='ltr'><strong>certe</strong></span> 
     </span>
     <span class='ocr_line' id='line_1_19' title="bbox 656 2063 2610 2147; baseline -0.001 -17"><span class='ocrx_word' id='word_1_127' title='bbox 656 2086 742 2130; x_wconf 83' lang='lat' dir='ltr'><strong>ex</strong></span> <span class='ocrx_word' id='word_1_128' title='bbox 808 2064 1027 2128; x_wconf 90' lang='lat' dir='ltr'><strong>animo</strong></span> <span class='ocrx_word' id='word_1_129' title='bbox 1091 2063 1403 2129; x_wconf 89' lang='lat' dir='ltr'><strong>dolemus.</strong></span> <span class='ocrx_word' id='word_1_130' title='bbox 1502 2064 1595 2128; x_wconf 85' lang='lat' dir='ltr'><strong>Et</strong></span> <span class='ocrx_word' id='word_1_131' title='bbox 1644 2063 1905 2147; x_wconf 86' lang='lat' dir='ltr'><strong>quando</strong></span> <span class='ocrx_word' id='word_1_132' title='bbox 1959 2085 2178 2129; x_wconf 91' lang='lat' dir='ltr'><strong>coram</strong></span> <span class='ocrx_word' id='word_1_133' title='bbox 2233 2063 2610 2129; x_wconf 88' lang='lat' dir='ltr'><strong>hominibus</strong></span> 
     </span>
     <span class='ocr_line' id='line_1_20' title="bbox 655 2150 2610 2234; baseline -0.001 -20"><span class='ocrx_word' id='word_1_134' title='bbox 655 2150 883 2216; x_wconf 87' lang='lat' dir='ltr'><strong>iuvare</strong></span> <span class='ocrx_word' id='word_1_135' title='bbox 927 2170 1036 2215; x_wconf 92' lang='lat' dir='ltr'><strong>eos</strong></span> <span class='ocrx_word' id='word_1_136' title='bbox 1078 2171 1212 2214; x_wconf 90' lang='lat' dir='ltr'><strong>non</strong></span> <span class='ocrx_word' id='word_1_137' title='bbox 1251 2170 1631 2232; x_wconf 88' lang='lat' dir='ltr'><strong>possumus,</strong></span> <span class='ocrx_word' id='word_1_138' title='bbox 1688 2150 1991 2232; x_wconf 90' lang='lat' dir='ltr'><strong>precibus</strong></span> <span class='ocrx_word' id='word_1_139' title='bbox 2043 2151 2283 2215; x_wconf 89' lang='lat' dir='ltr'><strong>nostris</strong></span> <span class='ocrx_word' id='word_1_140' title='bbox 2338 2169 2379 2214; x_wconf 88' lang='lat' dir='ltr'><strong>a</strong></span> <span class='ocrx_word' id='word_1_141' title='bbox 2420 2157 2610 2234; x_wconf 90' lang='lat' dir='ltr'><strong>patre</strong></span> 
     </span>
     <span class='ocr_line' id='line_1_21' title="bbox 654 2234 2609 2302; baseline -0.001 0"><span class='ocrx_word' id='word_1_142' title='bbox 654 2235 1257 2302; x_wconf 85' lang='lat' dir='ltr'><strong>misericordiarum</strong></span> <span class='ocrx_word' id='word_1_143' title='bbox 1291 2243 1358 2301; x_wconf 90' lang='lat' dir='ltr'><strong>et</strong></span> <span class='ocrx_word' id='word_1_144' title='bbox 1391 2235 1512 2299; x_wconf 91' lang='lat' dir='ltr'><strong>deo</strong></span> <span class='ocrx_word' id='word_1_145' title='bbox 1547 2235 1762 2301; x_wconf 90' lang='lat' dir='ltr'><strong>omnis</strong></span> <span class='ocrx_word' id='word_1_146' title='bbox 1798 2234 2261 2301; x_wconf 85' lang='lat' dir='ltr'><strong>consolationis</strong></span> <span class='ocrx_word' id='word_1_147' title='bbox 2298 2235 2421 2299; x_wconf 89' lang='lat' dir='ltr'><strong>hoc</strong></span> <span class='ocrx_word' id='word_1_148' title='bbox 2454 2255 2609 2301; x_wconf 88' lang='lat' dir='ltr'><strong>con-</strong></span> 
     </span>
     <span class='ocr_line' id='line_1_22' title="bbox 655 2319 2608 2404; baseline -0.002 -16"><span class='ocrx_word' id='word_1_149' title='bbox 655 2321 1006 2388; x_wconf 86' lang='lat' dir='ltr'><strong>tendamus</strong></span> <span class='ocrx_word' id='word_1_150' title='bbox 1041 2330 1116 2385; x_wconf 91' lang='lat' dir='ltr'><strong>ut</strong></span> <span class='ocrx_word' id='word_1_151' title='bbox 1149 2320 1280 2385; x_wconf 90' lang='lat' dir='ltr'><strong>illis</strong></span> <span class='ocrx_word' id='word_1_152' title='bbox 1317 2320 1612 2386; x_wconf 86' lang='lat' dir='ltr'><strong>veritatis</strong></span> <span class='ocrx_word' id='word_1_153' title='bbox 1646 2319 1988 2404; x_wconf 88' lang='lat' dir='ltr'><strong>discipulis</strong></span> <span class='ocrx_word' id='word_1_154' title='bbox 2023 2342 2099 2387; x_wconf 92' lang='lat' dir='ltr'><strong>ac</strong></span> <span class='ocrx_word' id='word_1_155' title='bbox 2135 2321 2608 2387; x_wconf 90' lang='lat' dir='ltr'><strong>confessoribus</strong></span> 
     </span>
     <span class='ocr_line' id='line_1_23' title="bbox 658 2406 2606 2489; baseline -0.001 -17"><span class='ocrx_word' id='word_1_156' title='bbox 658 2407 769 2473; x_wconf 93' lang='lat' dir='ltr'><strong>det</strong></span> <span class='ocrx_word' id='word_1_157' title='bbox 823 2427 967 2471; x_wconf 92' lang='lat' dir='ltr'><strong>eam</strong></span> <span class='ocrx_word' id='word_1_158' title='bbox 1017 2406 1214 2471; x_wconf 90' lang='lat' dir='ltr'><strong>fidem</strong></span> <span class='ocrx_word' id='word_1_159' title='bbox 1268 2427 1434 2489; x_wconf 90' lang='lat' dir='ltr'><strong>quae</strong></span> <span class='ocrx_word' id='word_1_160' title='bbox 1488 2413 1588 2471; x_wconf 90' lang='lat' dir='ltr'><strong>est</strong></span> <span class='ocrx_word' id='word_1_161' title='bbox 1641 2407 2082 2489; x_wconf 89' lang='lat' dir='ltr'><strong>omnipotens,</strong></span> <span class='ocrx_word' id='word_1_162' title='bbox 2142 2414 2210 2471; x_wconf 91' lang='lat' dir='ltr'><strong>et</strong></span> <span class='ocrx_word' id='word_1_163' title='bbox 2268 2407 2606 2472; x_wconf 87' lang='lat' dir='ltr'><strong>victoriam</strong></span> 
     </span>
     <span class='ocr_line' id='line_1_24' title="bbox 656 2490 2607 2575; baseline 0.001 -18"><span class='ocrx_word' id='word_1_164' title='bbox 656 2491 903 2557; x_wconf 90' lang='lat' dir='ltr'><strong>mundi.</strong></span> <span class='ocrx_word' id='word_1_165' title='bbox 1014 2490 1452 2575; x_wconf 85' lang='lat' dir='ltr'><strong>Omnipotens</strong></span> <span class='ocrx_word' id='word_1_166' title='bbox 1516 2492 1695 2556; x_wconf 90' lang='lat' dir='ltr'><strong>enim</strong></span> <span class='ocrx_word' id='word_1_167' title='bbox 1757 2492 1975 2557; x_wconf 91' lang='lat' dir='ltr'><strong>Iesus:</strong></span> <span class='ocrx_word' id='word_1_168' title='bbox 2053 2492 2215 2558; x_wconf 89' lang='lat' dir='ltr'><strong>haec</strong></span> <span class='ocrx_word' id='word_1_169' title='bbox 2282 2500 2385 2557; x_wconf 90' lang='lat' dir='ltr'><strong>est</strong></span> <span class='ocrx_word' id='word_1_170' title='bbox 2442 2492 2607 2559; x_wconf 91' lang='lat' dir='ltr'><strong>fides</strong></span> 
     </span>
     <span class='ocr_line' id='line_1_25' title="bbox 654 2577 2607 2662; baseline -0.001 -18"><span class='ocrx_word' id='word_1_171' title='bbox 654 2586 897 2644; x_wconf 89' lang='lat' dir='ltr'><strong>nostra.</strong></span> <span class='ocrx_word' id='word_1_172' title='bbox 987 2577 1083 2642; x_wconf 88' lang='lat' dir='ltr'><strong>Et</strong></span> <span class='ocrx_word' id='word_1_173' title='bbox 1122 2585 1344 2642; x_wconf 89' lang='lat' dir='ltr'><strong>tamen</strong></span> <span class='ocrx_word' id='word_1_174' title='bbox 1387 2598 1590 2660; x_wconf 92' lang='lat' dir='ltr'><strong>quum</strong></span> <span class='ocrx_word' id='word_1_175' title='bbox 1643 2577 1842 2662; x_wconf 87' lang='lat' dir='ltr'><strong>legati</strong></span> <span class='ocrx_word' id='word_1_176' title='bbox 1894 2577 2071 2661; x_wconf 90' lang='lat' dir='ltr'><strong>regis</strong></span> <span class='ocrx_word' id='word_1_177' title='bbox 2116 2577 2489 2643; x_wconf 83' lang='lat' dir='ltr'><strong>Galliarum</strong></span> <span class='ocrx_word' id='word_1_178' title='bbox 2532 2578 2607 2642; x_wconf 92' lang='lat' dir='ltr'><strong>in</strong></span> 
     </span>
     <span class='ocr_line' id='line_1_26' title="bbox 654 2660 2605 2748; baseline 0 -20"><span class='ocrx_word' id='word_1_179' title='bbox 654 2663 1176 2748; x_wconf 86' lang='lat' dir='ltr'><strong>praesentiarum</strong></span> <span class='ocrx_word' id='word_1_180' title='bbox 1219 2660 1727 2728; x_wconf 85' lang='lat' dir='ltr'><strong>Francofordiae</strong></span> <span class='ocrx_word' id='word_1_181' title='bbox 1780 2670 1941 2729; x_wconf 90' lang='lat' dir='ltr'><strong>sunt</strong></span> <span class='ocrx_word' id='word_1_182' title='bbox 1993 2664 2064 2727; x_wconf 90' lang='lat' dir='ltr'><strong>in</strong></span> <span class='ocrx_word' id='word_1_183' title='bbox 2121 2662 2399 2729; x_wconf 90' lang='lat' dir='ltr'><strong>comitiis</strong></span> <span class='ocrx_word' id='word_1_184' title='bbox 2454 2683 2605 2746; x_wconf 88' lang='lat' dir='ltr'><strong>pro·</strong></span> 
     </span>
     <span class='ocr_line' id='line_1_27' title="bbox 656 2749 2602 2832; baseline 0 -18"><span class='ocrx_word' id='word_1_185' title='bbox 656 2750 1063 2827; x_wconf 80' lang='lat' dir='ltr'><strong>testantium,</strong></span> <span class='ocrx_word' id='word_1_186' title='bbox 1083 2753 1141 2821; x_wconf 80' lang='grc'><strong>9)</strong></span> <span class='ocrx_word' id='word_1_187' title='bbox 1196 2770 1332 2813; x_wconf 88' lang='grc'>11011</span> <span class='ocrx_word' id='word_1_188' title='bbox 1384 2756 1550 2830; x_wconf 89' lang='lat' dir='ltr'><strong>puto</strong></span> <span class='ocrx_word' id='word_1_189' title='bbox 1605 2749 1829 2814; x_wconf 91' lang='lat' dir='ltr'><strong>obesse</strong></span> <span class='ocrx_word' id='word_1_190' title='bbox 1886 2768 2118 2815; x_wconf 89' lang='lat' dir='ltr'><strong>causae</strong></span> <span class='ocrx_word' id='word_1_191' title='bbox 2184 2750 2241 2814; x_wconf 89' lang='lat' dir='ltr'><strong>si</strong></span> <span class='ocrx_word' id='word_1_192' title='bbox 2311 2769 2476 2832; x_wconf 92' lang='lat' dir='ltr'><strong>quae</strong></span> <span class='ocrx_word' id='word_1_193' title='bbox 2532 2750 2602 2814; x_wconf 93' lang='lat' dir='ltr'><strong>in</strong></span> 
     </span>
     <span class='ocr_line' id='line_1_28' title="bbox 652 2833 2603 2918; baseline -0.001 -19"><span class='ocrx_word' id='word_1_194' title='bbox 652 2833 862 2900; x_wconf 89' lang='lat' dir='ltr'><strong>literis</strong></span> <span class='ocrx_word' id='word_1_195' title='bbox 921 2836 1050 2899; x_wconf 90' lang='lat' dir='ltr'><strong>tuis</strong></span> <span class='ocrx_word' id='word_1_196' title='bbox 1108 2834 1189 2899; x_wconf 94' lang='lat' dir='ltr'><strong>de</strong></span> <span class='ocrx_word' id='word_1_197' title='bbox 1252 2833 1376 2899; x_wconf 89' lang='lat' dir='ltr'><strong>hac</strong></span> <span class='ocrx_word' id='word_1_198' title='bbox 1452 2836 1956 2917; x_wconf 90' lang='lat' dir='ltr'><strong>persequutione</strong></span> <span class='ocrx_word' id='word_1_199' title='bbox 2022 2835 2152 2918; x_wconf 90' lang='lat' dir='ltr'><strong>legi</strong></span> <span class='ocrx_word' id='word_1_200' title='bbox 2212 2833 2299 2898; x_wconf 93' lang='lat' dir='ltr'><strong>D.</strong></span> <span class='ocrx_word' id='word_1_201' title='bbox 2363 2834 2603 2900; x_wconf 82' lang='lat' dir='ltr'><strong>Iacobo</strong></span> 
     </span>
     <span class='ocr_line' id='line_1_29' title="bbox 656 2917 2602 3002; baseline -0.001 -17"><span class='ocrx_word' id='word_1_202' title='bbox 656 2920 936 2985; x_wconf 58' lang='lat' dir='ltr'><strong>Sammo</strong></span> <span class='ocrx_word' id='word_1_203' title='bbox 979 2919 1315 2986; x_wconf 87' lang='lat' dir='ltr'><strong>ascribam.</strong></span> <span class='ocrx_word' id='word_1_204' title='bbox 1405 2917 1481 2985; x_wconf 90' lang='lat' dir='ltr'><strong>Si</strong></span> <span class='ocrx_word' id='word_1_205' title='bbox 1526 2919 1702 2984; x_wconf 89' lang='lat' dir='ltr'><strong>enim</strong></span> <span class='ocrx_word' id='word_1_206' title='bbox 1737 2941 1855 2985; x_wconf 89' lang='lat' dir='ltr'><strong>rex</strong></span> <span class='ocrx_word' id='word_1_207' title='bbox 1890 2920 2394 3002; x_wconf 85' lang='lat' dir='ltr'><strong>protestantium</strong></span> <span class='ocrx_word' id='word_1_208' title='bbox 2440 2920 2602 2984; x_wconf 89' lang='lat' dir='ltr'><strong>ami-</strong></span> 
     </span>
     <span class='ocr_line' id='line_1_30' title="bbox 652 3004 2602 3085; baseline -0.001 -13"><span class='ocrx_word' id='word_1_209' title='bbox 652 3006 877 3072; x_wconf 88' lang='lat' dir='ltr'><strong>citiam</strong></span> <span class='ocrx_word' id='word_1_210' title='bbox 923 3004 1145 3083; x_wconf 90' lang='lat' dir='ltr'><strong>ambit,</strong></span> <span class='ocrx_word' id='word_1_211' title='bbox 1191 3026 1309 3071; x_wconf 92' lang='grc'>6111·</span> <span class='ocrx_word' id='word_1_212' title='bbox 1350 3013 1684 3071; x_wconf 87' lang='lat' dir='ltr'><strong>consortes</strong></span> <span class='ocrx_word' id='word_1_213' title='bbox 1725 3005 1881 3071; x_wconf 87' lang='lat' dir='ltr'><strong>fidei</strong></span> <span class='ocrx_word' id='word_1_214' title='bbox 1921 3012 1989 3070; x_wconf 93' lang='lat' dir='ltr'><strong>et</strong></span> <span class='ocrx_word' id='word_1_215' title='bbox 2022 3011 2602 3085; x_wconf 86' lang='lat' dir='ltr'><strong>sacramentorum,</strong></span> 
     </span>
     <span class='ocr_line' id='line_1_31' title="bbox 653 3089 2602 3175; baseline 0 -18"><span class='ocrx_word' id='word_1_216' title='bbox 653 3093 779 3157; x_wconf 90' lang='lat' dir='ltr'><strong>hoc</strong></span> <span class='ocrx_word' id='word_1_217' title='bbox 845 3099 946 3157; x_wconf 90' lang='lat' dir='ltr'><strong>est</strong></span> <span class='ocrx_word' id='word_1_218' title='bbox 960 3143 975 3170; x_wconf 93' lang='lat'><strong>,</strong></span> <span class='ocrx_word' id='word_1_219' title='bbox 1051 3089 1347 3157; x_wconf 88' lang='lat' dir='ltr'><strong>membra</strong></span> <span class='ocrx_word' id='word_1_220' title='bbox 1410 3091 1662 3157; x_wconf 82' lang='lat' dir='ltr'><strong>Christi</strong></span> <span class='ocrx_word' id='word_1_221' title='bbox 1725 3090 2183 3175; x_wconf 83' lang='lat' dir='ltr'><strong>persequitur?</strong></span> <span class='ocrx_word' id='word_1_222' title='bbox 2292 3093 2602 3158; x_wconf 89' lang='lat' dir='ltr'><strong>Putarim</strong></span> 
     </span>
     <span class='ocr_line' id='line_1_32' title="bbox 653 3176 2602 3261; baseline 0 -18"><span class='ocrx_word' id='word_1_223' title='bbox 653 3198 812 3243; x_wconf 88' lang='lat' dir='ltr'><strong>sane</strong></span> <span class='ocrx_word' id='word_1_224' title='bbox 875 3176 1236 3242; x_wconf 86' lang='lat' dir='ltr'><strong>multorum</strong></span> <span class='ocrx_word' id='word_1_225' title='bbox 1301 3178 1571 3256; x_wconf 86' lang='lat' dir='ltr'><strong>referre,</strong></span> <span class='ocrx_word' id='word_1_226' title='bbox 1639 3199 1792 3243; x_wconf 90' lang='lat' dir='ltr'><strong>cum</strong></span> <span class='ocrx_word' id='word_1_227' title='bbox 1846 3198 1975 3260; x_wconf 91' lang='lat' dir='ltr'><strong>quo</strong></span> <span class='ocrx_word' id='word_1_228' title='bbox 2037 3177 2184 3261; x_wconf 90' lang='lat' dir='ltr'><strong>quis</strong></span> <span class='ocrx_word' id='word_1_229' title='bbox 2243 3177 2602 3243; x_wconf 86' lang='lat' dir='ltr'><strong>amicitiam</strong></span> 
     </span>
     <span class='ocr_line' id='line_1_33' title="bbox 651 3261 2602 3346; baseline 0.001 -17"><span class='ocrx_word' id='word_1_230' title='bbox 651 3263 763 3329; x_wconf 91' lang='lat' dir='ltr'><strong>vel</strong></span> <span class='ocrx_word' id='word_1_231' title='bbox 804 3261 1036 3329; x_wconf 87' lang='lat' dir='ltr'><strong>foedus</strong></span> <span class='ocrx_word' id='word_1_232' title='bbox 1079 3263 1277 3328; x_wconf 90' lang='lat' dir='ltr'><strong>ineat.</strong></span> <span class='ocrx_word' id='word_1_233' title='bbox 1340 3264 1518 3329; x_wconf 88' lang='lat' dir='ltr'><strong>Ante</strong></span> <span class='ocrx_word' id='word_1_234' title='bbox 1562 3266 1785 3329; x_wconf 91' lang='lat' dir='ltr'><strong>omnia</strong></span> <span class='ocrx_word' id='word_1_235' title='bbox 1828 3263 2003 3328; x_wconf 91' lang='lat' dir='ltr'><strong>enim</strong></span> <span class='ocrx_word' id='word_1_236' title='bbox 2026 3262 2159 3328; x_wconf 91' lang='lat' dir='ltr'><strong>Dei</strong></span> <span class='ocrx_word' id='word_1_237' title='bbox 2200 3262 2602 3346; x_wconf 90' lang='lat' dir='ltr'><strong>praesidium</strong></span> 
     </span>
     <span class='ocr_line' id='line_1_34' title="bbox 651 3347 2601 3432; baseline 0 -18"><span class='ocrx_word' id='word_1_238' title='bbox 651 3348 1099 3432; x_wconf 90' lang='lat' dir='ltr'><strong>quaerendum</strong></span> <span class='ocrx_word' id='word_1_239' title='bbox 1153 3357 1268 3412; x_wconf 91' lang='lat' dir='ltr'><strong>est.</strong></span> <span class='ocrx_word' id='word_1_240' title='bbox 1372 3348 1542 3413; x_wconf 91' lang='lat' dir='ltr'><strong>Iuda</strong></span> <span class='ocrx_word' id='word_1_241' title='bbox 1584 3349 1768 3414; x_wconf 90' lang='lat' dir='ltr'><strong>Deus</strong></span> <span class='ocrx_word' id='word_1_242' title='bbox 1819 3347 2086 3432; x_wconf 82' lang='lat' dir='ltr'><strong>punivit</strong></span> <span class='ocrx_word' id='word_1_243' title='bbox 2138 3349 2396 3431; x_wconf 91' lang='lat' dir='ltr'><strong>quando</strong></span> <span class='ocrx_word' id='word_1_244' title='bbox 2449 3371 2601 3416; x_wconf 90' lang='lat' dir='ltr'><strong>cum</strong></span> 
     </span>
     <span class='ocr_line' id='line_1_35' title="bbox 651 3433 2602 3518; baseline 0.001 -18"><span class='ocrx_word' id='word_1_245' title='bbox 651 3434 1001 3518; x_wconf 81' lang='lat' dir='ltr'><strong>Aegyptiis</strong></span> <span class='ocrx_word' id='word_1_246' title='bbox 1041 3434 1501 3517; x_wconf 86' lang='lat' dir='ltr'><strong>iungebantur.</strong></span> <span class='ocrx_word' id='word_1_247' title='bbox 1567 3434 1659 3499; x_wconf 87' lang='lat' dir='ltr'><strong>Et</strong></span> <span class='ocrx_word' id='word_1_248' title='bbox 1698 3455 1899 3516; x_wconf 90' lang='lat' dir='ltr'><strong>quum</strong></span> <span class='ocrx_word' id='word_1_249' title='bbox 1922 3433 2123 3500; x_wconf 90' lang='lat' dir='ltr'><strong>Iudas</strong></span> <span class='ocrx_word' id='word_1_250' title='bbox 2158 3433 2602 3502; x_wconf 86' lang='lat' dir='ltr'><strong>Machabaeus</strong></span> 
     </span>
     <span class='ocr_line' id='line_1_36' title="bbox 650 3517 2600 3598; baseline 0 -13"><span class='ocrx_word' id='word_1_251' title='bbox 650 3520 974 3585; x_wconf 89' lang='lat' dir='ltr'><strong>Romanis</strong></span> <span class='ocrx_word' id='word_1_252' title='bbox 1016 3517 1602 3598; x_wconf 88' lang='lat' dir='ltr'><strong>confoederaretur,</strong></span> <span class='ocrx_word' id='word_1_253' title='bbox 1645 3521 1781 3585; x_wconf 90' lang='lat' dir='ltr'><strong>iam</strong></span> <span class='ocrx_word' id='word_1_254' title='bbox 1814 3520 2247 3587; x_wconf 87' lang='lat' dir='ltr'><strong>evanescebat</strong></span> <span class='ocrx_word' id='word_1_255' title='bbox 2286 3521 2430 3587; x_wconf 91' lang='lat' dir='ltr'><strong>eius</strong></span> <span class='ocrx_word' id='word_1_256' title='bbox 2467 3522 2600 3587; x_wconf 81' lang='lat' dir='ltr'><strong>for-</strong></span> 
     </span>
     <span class='ocr_line' id='line_1_37' title="bbox 652 3604 2603 3688; baseline 0.001 -18"><span class='ocrx_word' id='word_1_257' title='bbox 652 3615 828 3670; x_wconf 90' lang='lat' dir='ltr'><strong>tuna.</strong></span> <span class='ocrx_word' id='word_1_258' title='bbox 940 3605 1079 3670; x_wconf 90' lang='lat' dir='ltr'><strong>Nec</strong></span> <span class='ocrx_word' id='word_1_259' title='bbox 1142 3606 1411 3688; x_wconf 90' lang='lat' dir='ltr'><strong>impune</strong></span> <span class='ocrx_word' id='word_1_260' title='bbox 1486 3604 1638 3670; x_wconf 92' lang='lat' dir='ltr'><strong>tulit</strong></span> <span class='ocrx_word' id='word_1_261' title='bbox 1698 3605 2014 3688; x_wconf 85' lang='lat' dir='ltr'><strong>Iosaphat</strong></span> <span class='ocrx_word' id='word_1_262' title='bbox 2074 3605 2385 3688; x_wconf 88' lang='lat' dir='ltr'><strong>quoniam</strong></span> <span class='ocrx_word' id='word_1_263' title='bbox 2450 3628 2603 3673; x_wconf 91' lang='lat' dir='ltr'><strong>cum</strong></span> 
     </span>
     <span class='ocr_line' id='line_1_38' title="bbox 651 3689 2207 3758; baseline 0.001 -2"><span class='ocrx_word' id='word_1_264' title='bbox 651 3690 881 3757; x_wconf 87' lang='lat' dir='ltr'><strong>Achab</strong></span> <span class='ocrx_word' id='word_1_265' title='bbox 925 3689 1150 3755; x_wconf 90' lang='lat' dir='ltr'><strong>foedus</strong></span> <span class='ocrx_word' id='word_1_266' title='bbox 1192 3690 1420 3755; x_wconf 82' lang='lat' dir='ltr'><strong>fuerat.</strong></span> <span class='ocrx_word' id='word_1_267' title='bbox 1512 3689 1649 3756; x_wconf 92' lang='lat' dir='ltr'><strong>Sed</strong></span> <span class='ocrx_word' id='word_1_268' title='bbox 1691 3691 1854 3756; x_wconf 89' lang='lat' dir='ltr'><strong>haec</strong></span> <span class='ocrx_word' id='word_1_269' title='bbox 1894 3692 2207 3758; x_wconf 91' lang='lat' dir='ltr'><strong>sinamus.</strong></span> 
     </span>
    </p>

    <p class='ocr_par' dir='ltr' id='par_1_4' title="bbox 651 3774 2604 4031">
     <span class='ocr_line' id='line_1_39' title="bbox 823 3774 2603 3863; baseline 0.004 -25"><span class='ocrx_word' id='word_1_270' title='bbox 823 3774 930 3840; x_wconf 91' lang='lat' dir='ltr'><strong>De</strong></span> <span class='ocrx_word' id='word_1_271' title='bbox 959 3775 1227 3842; x_wconf 83' lang='lat' dir='ltr'><strong>Caesare</strong></span> <span class='ocrx_word' id='word_1_272' title='bbox 1268 3797 1404 3841; x_wconf 89' lang='lat' dir='ltr'><strong>non</strong></span> <span class='ocrx_word' id='word_1_273' title='bbox 1445 3776 1747 3842; x_wconf 90' lang='lat' dir='ltr'><strong>audimus</strong></span> <span class='ocrx_word' id='word_1_274' title='bbox 1789 3778 1952 3842; x_wconf 90' lang='lat' dir='ltr'><strong>certi</strong></span> <span class='ocrx_word' id='word_1_275' title='bbox 1989 3776 2360 3860; x_wconf 86' lang='lat' dir='ltr'><strong>quidquam,</strong></span> <span class='ocrx_word' id='word_1_276' title='bbox 2408 3800 2603 3863; x_wconf 90' lang='lat' dir='ltr'><strong>quam</strong></span> 
     </span>
     <span class='ocr_line' id='line_1_40' title="bbox 651 3860 2603 3949; baseline 0.003 -23"><span class='ocrx_word' id='word_1_277' title='bbox 651 3861 823 3944; x_wconf 90' lang='lat' dir='ltr'><strong>quod</strong></span> <span class='ocrx_word' id='word_1_278' title='bbox 877 3861 1102 3945; x_wconf 86' lang='lat' dir='ltr'><strong>vigilia</strong></span> <span class='ocrx_word' id='word_1_279' title='bbox 1140 3860 1447 3926; x_wconf 86' lang='lat' dir='ltr'><strong>Andreae</strong></span> <span class='ocrx_word' id='word_1_280' title='bbox 1501 3862 1766 3944; x_wconf 85' lang='lat' dir='ltr'><strong>quidam</strong></span> <span class='ocrx_word' id='word_1_281' title='bbox 1809 3863 2231 3946; x_wconf 85' lang='lat' dir='ltr'><strong>Antwerpiae</strong></span> <span class='ocrx_word' id='word_1_282' title='bbox 2287 3872 2603 3949; x_wconf 80' lang='lat' dir='ltr'><strong>typogra-</strong></span> 
     </span>
     <span class='ocr_line' id='line_1_41' title="bbox 652 3946 2604 4031; baseline 0.003 -20"><span class='ocrx_word' id='word_1_283' title='bbox 652 3947 827 4030; x_wconf 90' lang='lat' dir='ltr'><strong>phus</strong></span> <span class='ocrx_word' id='word_1_284' title='bbox 891 3946 1249 4012; x_wconf 87' lang='lat' dir='ltr'><strong>decollatus</strong></span> <span class='ocrx_word' id='word_1_285' title='bbox 1311 3948 1454 4027; x_wconf 91' lang='lat' dir='ltr'><strong>fuit,</strong></span> <span class='ocrx_word' id='word_1_286' title='bbox 1478 3949 1563 4028; x_wconf 87' lang='lat'><strong>¹⁰)</strong></span> <span class='ocrx_word' id='word_1_287' title='bbox 1628 3946 1800 4031; x_wconf 91' lang='lat' dir='ltr'><strong>quod</strong></span> <span class='ocrx_word' id='word_1_288' title='bbox 1867 3947 2065 4014; x_wconf 89' lang='lat' dir='ltr'><strong>biblia</strong></span> <span class='ocrx_word' id='word_1_289' title='bbox 2120 3970 2270 4014; x_wconf 91' lang='lat' dir='ltr'><strong>cum</strong></span> <span class='ocrx_word' id='word_1_290' title='bbox 2334 3951 2604 4017; x_wconf 87' lang='lat' dir='ltr'><strong>scholiis</strong></span> 
     </span>
    </p>
   </div>
   <div class='ocr_carea' id='block_1_3' title="bbox 655 4087 1059 4096">
    <p class='ocr_par' dir='ltr' id='par_1_5' title="bbox 655 4087 1059 4096">
     <span class='ocr_line' id='line_1_42' title="bbox 655 4087 1059 4096; baseline 0 2079"><span class='ocrx_word' id='word_1_291' title='bbox 655 4087 1059 4096; x_wconf 95' lang='lat' dir='ltr'><strong> </strong></span> 
     </span>
    </p>
   </div>
   <div class='ocr_carea' id='block_1_4' title="bbox 650 4166 2603 4851">
    <p class='ocr_par' dir='ltr' id='par_1_6' title="bbox 650 4166 2603 4582">
     <span class='ocr_line' id='line_1_43' title="bbox 858 4166 2603 4238; baseline 0.003 -17"><span class='ocrx_word' id='word_1_292' title='bbox 858 4167 917 4236; x_wconf 81' lang='lat'><strong>5)</strong></span> <span class='ocrx_word' id='word_1_293' title='bbox 957 4167 1150 4223; x_wconf 79' lang='lat' dir='ltr'><strong>Idibus</strong></span> <span class='ocrx_word' id='word_1_294' title='bbox 1166 4166 1554 4224; x_wconf 76' lang='lat' dir='ltr'><strong>Decembribus</strong></span> <span class='ocrx_word' id='word_1_295' title='bbox 1579 4169 1937 4237; x_wconf 69' lang='lat' dir='ltr'><strong>paucissimis</strong></span> <span class='ocrx_word' id='word_1_296' title='bbox 1964 4171 2347 4238; x_wconf 65' lang='lat' dir='ltr'><strong>praesentibus</strong></span> <span class='ocrx_word' id='word_1_297' title='bbox 2379 4171 2603 4226; x_wconf 71' lang='lat' dir='ltr'><strong>inchoa·</strong></span> 
     </span>
     <span class='ocr_line' id='line_1_44' title="bbox 653 4237 2602 4318; baseline 0.002 -26"><span class='ocrx_word' id='word_1_298' title='bbox 653 4245 767 4292; x_wconf 78' lang='lat' dir='ltr'><strong>tum</strong></span> <span class='ocrx_word' id='word_1_299' title='bbox 798 4237 984 4317; x_wconf 64' lang='lat' dir='ltr'><strong>fuerat</strong></span> <span class='ocrx_word' id='word_1_300' title='bbox 1017 4237 1302 4291; x_wconf 77' lang='lat' dir='ltr'><strong>concilium</strong></span> <span class='ocrx_word' id='word_1_301' title='bbox 1314 4255 1334 4304; x_wconf 94' lang='lat'><strong>,·</strong></span> <span class='ocrx_word' id='word_1_302' title='bbox 1369 4237 1564 4292; x_wconf 71' lang='lat' dir='ltr'><strong>deinde</strong></span> <span class='ocrx_word' id='word_1_303' title='bbox 1596 4239 1771 4318; x_wconf 77' lang='lat' dir='ltr'><strong>altera</strong></span> <span class='ocrx_word' id='word_1_304' title='bbox 1805 4239 1975 4292; x_wconf 79' lang='lat' dir='ltr'><strong>sessio</strong></span> <span class='ocrx_word' id='word_1_305' title='bbox 2008 4255 2060 4294; x_wconf 89' lang='lat' dir='ltr'><strong>a.</strong></span> <span class='ocrx_word' id='word_1_306' title='bbox 2096 4240 2151 4294; x_wconf 84' lang='lat' dir='ltr'><strong>d.</strong></span> <span class='ocrx_word' id='word_1_307' title='bbox 2187 4239 2319 4294; x_wconf 84' lang='lat' dir='ltr'><strong>VII.</strong></span> <span class='ocrx_word' id='word_1_308' title='bbox 2355 4239 2445 4294; x_wconf 85' lang='lat' dir='ltr'><strong>Id.</strong></span> <span class='ocrx_word' id='word_1_309' title='bbox 2470 4240 2602 4296; x_wconf 82' lang='grc'>1011.</span> 
     </span>
     <span class='ocr_line' id='line_1_45' title="bbox 650 4305 2597 4457; baseline 0.002 -31"><span class='ocrx_word' id='word_1_310' title='bbox 650 4306 1342 4455; x_wconf 49' lang='grc' dir='ltr'><strong>ὴεαωέἰῗὲξὲιξόᾞΐεέ</strong></span> <span class='ocrx_word' id='word_1_311' title='bbox 1342 4305 1899 4430; x_wconf 47' lang='grc' dir='ltr'>800013111αέωῇ</span> <span class='ocrx_word' id='word_1_312' title='bbox 1903 4309 2047 4457; x_wconf 47' lang='lat' dir='ltr'><strong>:grat</strong></span> <span class='ocrx_word' id='word_1_313' title='bbox 2084 4381 2135 4429; x_wconf 82' lang='lat' dir='ltr'><strong>et</strong></span> <span class='ocrx_word' id='word_1_314' title='bbox 2167 4376 2285 4444; x_wconf 74' lang='lat' dir='ltr'><strong>ipse</strong></span> <span class='ocrx_word' id='word_1_315' title='bbox 2317 4376 2396 4431; x_wconf 82' lang='lat' dir='ltr'><strong>ad</strong></span> <span class='ocrx_word' id='word_1_316' title='bbox 2429 4377 2597 4431; x_wconf 69' lang='lat' dir='ltr'><strong>triba-</strong></span> 
     </span>
     <span class='ocr_line' id='line_1_46' title="bbox 652 4442 2596 4513; baseline 0.001 -15"><span class='ocrx_word' id='word_1_317' title='bbox 652 4444 750 4498; x_wconf 83' lang='grc'>1101</span> <span class='ocrx_word' id='word_1_318' title='bbox 779 4442 1118 4511; x_wconf 65' lang='lat' dir='ltr'><strong>pontuficmm</strong></span> <span class='ocrx_word' id='word_1_319' title='bbox 1153 4449 1366 4497; x_wconf 67' lang='lat' dir='ltr'><strong>ettalus.</strong></span> <span class='ocrx_word' id='word_1_320' title='bbox 1440 4442 1550 4497; x_wconf 81' lang='lat' dir='ltr'><strong>Sed</strong></span> <span class='ocrx_word' id='word_1_321' title='bbox 1583 4459 1753 4513; x_wconf 70' lang='lat' dir='ltr'><strong>usque</strong></span> <span class='ocrx_word' id='word_1_322' title='bbox 1803 4445 2088 4499; x_wconf 71' lang='lat' dir='ltr'><strong>restetebat</strong></span> <span class='ocrx_word' id='word_1_323' title='bbox 2134 4449 2187 4499; x_wconf 78' lang='lat' dir='ltr'><strong>et</strong></span> <span class='ocrx_word' id='word_1_324' title='bbox 2219 4461 2272 4499; x_wconf 88' lang='lat' dir='ltr'><strong>a.</strong></span> <span class='ocrx_word' id='word_1_325' title='bbox 2308 4444 2361 4499; x_wconf 77' lang='lat' dir='ltr'><strong>d.</strong></span> <span class='ocrx_word' id='word_1_326' title='bbox 2408 4445 2469 4499; x_wconf 87' lang='lat' dir='ltr'><strong>V.</strong></span> <span class='ocrx_word' id='word_1_327' title='bbox 2507 4444 2596 4500; x_wconf 75' lang='lat' dir='ltr'><strong>Ia.</strong></span> 
     </span>
     <span class='ocr_line' id='line_1_47' title="bbox 654 4510 2596 4582; baseline 0.001 -16"><span class='ocrx_word' id='word_1_328' title='bbox 654 4511 788 4567; x_wconf 85' lang='lat' dir='ltr'><strong>Dec.</strong></span> <span class='ocrx_word' id='word_1_329' title='bbox 822 4512 1060 4576; x_wconf 76' lang='lat' dir='ltr'><strong>foederis</strong></span> <span class='ocrx_word' id='word_1_330' title='bbox 1081 4510 1433 4566; x_wconf 74' lang='lat' dir='ltr'><strong>Smalcaldt&#39;ei</strong></span> <span class='ocrx_word' id='word_1_331' title='bbox 1461 4513 1637 4567; x_wconf 70' lang='lat' dir='ltr'><strong>socios</strong></span> <span class='ocrx_word' id='word_1_332' title='bbox 1671 4512 1737 4566; x_wconf 77' lang='lat' dir='ltr'><strong>de</strong></span> <span class='ocrx_word' id='word_1_333' title='bbox 1771 4527 1941 4567; x_wconf 78' lang='lat' dir='ltr'><strong>eausa</strong></span> <span class='ocrx_word' id='word_1_334' title='bbox 1975 4528 2080 4566; x_wconf 78' lang='lat' dir='ltr'><strong>sua</strong></span> <span class='ocrx_word' id='word_1_335' title='bbox 2113 4512 2328 4582; x_wconf 75' lang='lat' dir='ltr'><strong>aqenda</strong></span> <span class='ocrx_word' id='word_1_336' title='bbox 2362 4513 2596 4569; x_wconf 74' lang='lat' dir='ltr'><strong>adierat.</strong></span> 
     </span>
    </p>

    <p class='ocr_par' dir='ltr' id='par_1_7' title="bbox 651 4578 2600 4719">
     <span class='ocr_line' id='line_1_48' title="bbox 857 4578 2600 4647; baseline 0.003 -16"><span class='ocrx_word' id='word_1_337' title='bbox 857 4578 917 4644; x_wconf 88' lang='grc'><strong>7)</strong></span> <span class='ocrx_word' id='word_1_338' title='bbox 957 4578 1085 4647; x_wconf 80' lang='lat' dir='ltr'><strong>Ipse</strong></span> <span class='ocrx_word' id='word_1_339' title='bbox 1117 4586 1296 4635; x_wconf 76' lang='lat' dir='ltr'><strong>tamea</strong></span> <span class='ocrx_word' id='word_1_340' title='bbox 1402 4586 1516 4634; x_wconf 80' lang='lat' dir='ltr'><strong>stea</strong></span> <span class='ocrx_word' id='word_1_341' title='bbox 1550 4598 1620 4634; x_wconf 89' lang='lat' dir='ltr'><strong>m.</strong></span> <span class='ocrx_word' id='word_1_342' title='bbox 1657 4580 1829 4636; x_wconf 78' lang='lat' dir='ltr'><strong>Iunio</strong></span> <span class='ocrx_word' id='word_1_343' title='bbox 1875 4586 1973 4636; x_wconf 74' lang='lat' dir='ltr'><strong>aut</strong></span> <span class='ocrx_word' id='word_1_344' title='bbox 2010 4580 2156 4636; x_wconf 79' lang='lat' dir='ltr'><strong>Iulio</strong></span> <span class='ocrx_word' id='word_1_345' title='bbox 2189 4588 2436 4637; x_wconf 76' lang='lat' dir='ltr'><strong>oratores</strong></span> <span class='ocrx_word' id='word_1_346' title='bbox 2470 4598 2600 4637; x_wconf 76' lang='lat' dir='ltr'><strong>suos</strong></span> 
     </span>
     <span class='ocr_line' id='line_1_49' title="bbox 651 4648 2253 4719; baseline -0.001 -17"><span class='ocrx_word' id='word_1_347' title='bbox 651 4664 713 4704; x_wconf 92' lang='grc'><strong>60</strong></span> <span class='ocrx_word' id='word_1_348' title='bbox 745 4650 908 4702; x_wconf 75' lang='lat' dir='ltr'><strong>misit.</strong></span> <span class='ocrx_word' id='word_1_349' title='bbox 976 4648 1150 4714; x_wconf 80' lang='lat' dir='ltr'><strong>(Hist.</strong></span> <span class='ocrx_word' id='word_1_350' title='bbox 1187 4648 1282 4702; x_wconf 81' lang='lat' dir='ltr'><strong>des</strong></span> <span class='ocrx_word' id='word_1_351' title='bbox 1373 4650 1536 4716; x_wconf 74' lang='lat' dir='ltr'><strong>qlises</strong></span> <span class='ocrx_word' id='word_1_352' title='bbox 1567 4648 1670 4719; x_wconf 73' lang='lat' dir='ltr'><strong>ref.</strong></span> <span class='ocrx_word' id='word_1_353' title='bbox 1705 4649 1772 4703; x_wconf 83' lang='lat' dir='ltr'><strong>de</strong></span> <span class='ocrx_word' id='word_1_354' title='bbox 1807 4648 2031 4704; x_wconf 80' lang='lat' dir='ltr'><strong>Franee</strong></span> <span class='ocrx_word' id='word_1_355' title='bbox 2060 4650 2102 4703; x_wconf 92' lang='lat'><strong>1.</strong></span> <span class='ocrx_word' id='word_1_356' title='bbox 2139 4648 2253 4717; x_wconf 75' lang='lat'><strong>48.)</strong></span> 
     </span>
    </p>

    <p class='ocr_par' dir='ltr' id='par_1_8' title="bbox 855 4715 2597 4842">
     <span class='ocr_line' id='line_1_50' title="bbox 855 4715 2597 4842; baseline 0.001 -72"><span class='ocrx_word' id='word_1_357' title='bbox 855 4716 916 4782; x_wconf 88' lang='grc'><strong>8)</strong></span> <span class='ocrx_word' id='word_1_358' title='bbox 954 4715 1036 4769; x_wconf 87' lang='grc' dir='ltr'><strong>Μ.</strong></span> <span class='ocrx_word' id='word_1_359' title='bbox 1077 4715 1379 4785; x_wconf 78' lang='lat' dir='ltr'><strong>Septembre</strong></span> <span class='ocrx_word' id='word_1_360' title='bbox 1412 4719 1577 4786; x_wconf 67' lang='grc'>169011·</span> <span class='ocrx_word' id='word_1_361' title='bbox 1602 4719 2370 4841; x_wconf 52' lang='lat' dir='ltr'><strong>principuavgegrof&#39;etsetrantz&#39;ugg</strong></span> <span class='ocrx_word' id='word_1_362' title='bbox 2400 4719 2597 4842; x_wconf 44' lang='lat'><strong>22:⁸13·-</strong></span> 
     </span>
    </p>

    <p class='ocr_par' dir='ltr' id='par_1_9' title="bbox 2036 4804 2597 4851">
     <span class='ocr_line' id='line_1_51' title="bbox 2036 4804 2597 4851; baseline 0.004 -12"><span class='ocrx_word' id='word_1_363' title='bbox 2036 4805 2058 4839; x_wconf 82' lang='grc'><strong>1</strong></span> <span class='ocrx_word' id='word_1_364' title='bbox 2219 4804 2251 4841; x_wconf 83' lang='grc'><strong>1·</strong></span> <span class='ocrx_word' id='word_1_365' title='bbox 2275 4804 2312 4851; x_wconf 76' lang='lat' dir='ltr'><strong>,a</strong></span> <span class='ocrx_word' id='word_1_366' title='bbox 2575 4814 2597 4828; x_wconf 88' lang='lat'>-</span> 
     </span>
    </p>
   </div>
   <div class='ocr_carea' id='block_1_5' title="bbox 648 4785 2600 4922">
    <p class='ocr_par' dir='ltr' id='par_1_10' title="bbox 648 4785 2600 4922">
     <span class='ocr_line' id='line_1_52' title="bbox 648 4785 1759 4857; baseline 0.002 -19"><span class='ocrx_word' id='word_1_367' title='bbox 648 4785 816 4853; x_wconf 72' lang='lat' dir='ltr'><strong>yliam</strong></span> <span class='ocrx_word' id='word_1_368' title='bbox 853 4792 901 4838; x_wconf 80' lang='lat' dir='ltr'><strong>et</strong></span> <span class='ocrx_word' id='word_1_369' title='bbox 943 4785 1183 4839; x_wconf 76' lang='lat' dir='ltr'><strong>Galliam</strong></span> <span class='ocrx_word' id='word_1_370' title='bbox 1215 4787 1374 4840; x_wconf 68' lang='lat' dir='ltr'><strong>missi</strong></span> <span class='ocrx_word' id='word_1_371' title='bbox 1413 4788 1638 4857; x_wconf 75' lang='lat' dir='ltr'><strong>fuerant</strong></span> <span class='ocrx_word' id='word_1_372' title='bbox 1682 4787 1759 4841; x_wconf 83' lang='lat' dir='ltr'><strong>ad</strong></span> 
     </span>
     <span class='ocr_line' id='line_1_53' title="bbox 1812 4854 2600 4922; baseline 0.001 -12"><span class='ocrx_word' id='word_1_373' title='bbox 1812 4858 2119 4910; x_wconf 65' lang='lat' dir='ltr'><strong>ranei-scum</strong></span> <span class='ocrx_word' id='word_1_374' title='bbox 2132 4896 2146 4922; x_wconf 92' lang='lat'><strong>,</strong></span> <span class='ocrx_word' id='word_1_375' title='bbox 2192 4854 2488 4910; x_wconf 75' lang='lat' dir='ltr'><strong>Sleidanus</strong></span> <span class='ocrx_word' id='word_1_376' title='bbox 2522 4855 2600 4912; x_wconf 79' lang='lat' dir='ltr'><strong>ad</strong></span> 
     </span>
    </p>
   </div>
   <div class='ocr_carea' id='block_1_6' title="bbox 649 4854 2595 5404">
    <p class='ocr_par' dir='ltr' id='par_1_11' title="bbox 649 4854 2595 5404">
     <span class='ocr_line' id='line_1_54' title="bbox 649 4854 1720 4921; baseline 0.002 -14"><span class='ocrx_word' id='word_1_377' title='bbox 649 4854 913 4921; x_wconf 76' lang='lat' dir='ltr'><strong>liandam,</strong></span> <span class='ocrx_word' id='word_1_378' title='bbox 954 4854 1101 4908; x_wconf 76' lang='lat' dir='ltr'><strong>inter</strong></span> <span class='ocrx_word' id='word_1_379' title='bbox 1144 4855 1285 4909; x_wconf 78' lang='lat' dir='ltr'><strong>alios</strong></span> <span class='ocrx_word' id='word_1_380' title='bbox 1321 4854 1597 4909; x_wconf 75' lang='lat' dir='ltr'><strong>Sturmias</strong></span> <span class='ocrx_word' id='word_1_381' title='bbox 1641 4855 1720 4909; x_wconf 73' lang='lat' dir='ltr'><strong>aa</strong></span> 
     </span>
     <span class='ocr_line' id='line_1_55' title="bbox 653 4921 1671 4985; baseline 0.001 -9"><span class='ocrx_word' id='word_1_382' title='bbox 653 4921 968 4976; x_wconf 76' lang='lat' dir='ltr'><strong>Henrt&#39;eum.</strong></span> <span class='ocrx_word' id='word_1_383' title='bbox 1040 4922 1207 4985; x_wconf 71' lang='lat' dir='ltr'><strong>(Vide</strong></span> <span class='ocrx_word' id='word_1_384' title='bbox 1240 4924 1385 4978; x_wconf 79' lang='lat' dir='ltr'><strong>hunc</strong></span> <span class='ocrx_word' id='word_1_385' title='bbox 1418 4922 1488 4976; x_wconf 90' lang='grc' dir='ltr'><strong>Π.</strong></span> <span class='ocrx_word' id='word_1_386' title='bbox 1523 4922 1671 4985; x_wconf 84' lang='grc'>399.)</span> 
     </span>
     <span class='ocr_line' id='line_1_56' title="bbox 855 4989 2590 5062; baseline 0.003 -20"><span class='ocrx_word' id='word_1_387' title='bbox 855 4989 913 5058; x_wconf 89' lang='grc'><strong>9)</strong></span> <span class='ocrx_word' id='word_1_388' title='bbox 950 4990 1321 5045; x_wconf 85' lang='lat' dir='ltr'><strong>Deliberatum</strong></span> <span class='ocrx_word' id='word_1_389' title='bbox 1355 4992 1434 5044; x_wconf 92' lang='lat' dir='ltr'><strong>ibi</strong></span> <span class='ocrx_word' id='word_1_390' title='bbox 1469 4992 1573 5045; x_wconf 82' lang='lat' dir='ltr'><strong>fnit</strong></span> <span class='ocrx_word' id='word_1_391' title='bbox 1607 4992 1674 5045; x_wconf 87' lang='grc'><strong>(16</strong></span> <span class='ocrx_word' id='word_1_392' title='bbox 1721 4991 1951 5046; x_wconf 86' lang='lat' dir='ltr'><strong>concilio</strong></span> <span class='ocrx_word' id='word_1_393' title='bbox 1986 4991 2318 5058; x_wconf 85' lang='lat' dir='ltr'><strong>Tridentino,</strong></span> <span class='ocrx_word' id='word_1_394' title='bbox 2356 4992 2425 5046; x_wconf 88' lang='lat' dir='ltr'><strong>de</strong></span> <span class='ocrx_word' id='word_1_395' title='bbox 2459 5009 2590 5062; x_wconf 89' lang='lat' dir='ltr'><strong>pro-</strong></span> 
     </span>
     <span class='ocr_line' id='line_1_57' title="bbox 649 5059 2593 5143; baseline 0 -28"><span class='ocrx_word' id='word_1_396' title='bbox 649 5059 890 5130; x_wconf 85' lang='lat' dir='ltr'><strong>rogando</strong></span> <span class='ocrx_word' id='word_1_397' title='bbox 924 5059 1160 5141; x_wconf 67' lang='lat' dir='ltr'><strong>foedere,</strong></span> <span class='ocrx_word' id='word_1_398' title='bbox 1197 5060 1264 5141; x_wconf 78' lang='lat' dir='ltr'><strong>de</strong></span> <span class='ocrx_word' id='word_1_399' title='bbox 1301 5062 1606 5142; x_wconf 64' lang='lat' dir='ltr'><strong>sumptibus</strong></span> <span class='ocrx_word' id='word_1_400' title='bbox 1641 5060 1771 5114; x_wconf 91' lang='lat' dir='ltr'><strong>belli</strong></span> <span class='ocrx_word' id='word_1_401' title='bbox 1790 5061 2214 5143; x_wconf 76' lang='lat' dir='ltr'><strong>Brnnsvicensis,</strong></span> <span class='ocrx_word' id='word_1_402' title='bbox 2251 5060 2462 5143; x_wconf 40' lang='lat' dir='ltr'><strong>tle-non</strong></span> <span class='ocrx_word' id='word_1_403' title='bbox 2500 5061 2593 5115; x_wconf 86' lang='lat' dir='ltr'><strong>de-</strong></span> 
     </span>
     <span class='ocr_line' id='line_1_58' title="bbox 649 5126 2594 5280; baseline -0.001 -28"><span class='ocrx_word' id='word_1_404' title='bbox 649 5146 771 5252; x_wconf 67' lang='grc' dir='ltr'><strong>ἓξὲξ</strong></span> <span class='ocrx_word' id='word_1_405' title='bbox 775 5126 1239 5280; x_wconf 57' lang='grc' dir='ltr'>“3.ἳ1ἑ31.ἳ“ῗέιέῗ”</span> <span class='ocrx_word' id='word_1_406' title='bbox 1265 5128 1987 5280; x_wconf 51' lang='grc' dir='ltr'><strong>ῗὲἐῖιῖἒᾝῗάἕοθοῖῗῗω</strong></span> <span class='ocrx_word' id='word_1_407' title='bbox 2031 5148 2090 5280; x_wconf 52' lang='lat' dir='ltr'><strong>¹¹ss</strong></span> <span class='ocrx_word' id='word_1_408' title='bbox 2126 5135 2369 5279; x_wconf 42' lang='grc' dir='ltr'><strong>,ΝΜ</strong></span> <span class='ocrx_word' id='word_1_409' title='bbox 2404 5135 2467 5184; x_wconf 68' lang='lat'><strong>&#39;¹‘</strong></span> <span class='ocrx_word' id='word_1_410' title='bbox 2501 5147 2594 5200; x_wconf 67' lang='lat'><strong>¹²⁸⁹</strong></span> 
     </span>
     <span class='ocr_line' id='line_1_59' title="bbox 653 5263 2595 5404; baseline 0.003 -17"><span class='ocrx_word' id='word_1_411' title='bbox 653 5331 792 5388; x_wconf 63' lang='lat'><strong>15..</strong></span> <span class='ocrx_word' id='word_1_412' title='bbox 820 5264 1146 5402; x_wconf 51' lang='lat' dir='ltr'><strong>swa</strong></span> <span class='ocrx_word' id='word_1_413' title='bbox 1127 5281 1177 5403; x_wconf 66' lang='grc' dir='ltr'><strong>’ξ</strong></span> <span class='ocrx_word' id='word_1_414' title='bbox 1194 5264 1830 5404; x_wconf 44' lang='grc'>11161166696</span> <span class='ocrx_word' id='word_1_415' title='bbox 1792 5283 1971 5391; x_wconf 60' lang='lat'><strong>⁶¹⁴2:</strong></span> <span class='ocrx_word' id='word_1_416' title='bbox 1998 5266 2349 5402; x_wconf 50' lang='lat' dir='ltr'><strong>⁶2:25⁰:ss</strong></span> <span class='ocrx_word' id='word_1_417' title='bbox 2366 5263 2595 5392; x_wconf 51' lang='lat' dir='ltr'><strong>stt-2.</strong></span> 
     </span>
    </p>
   </div>
   <div class='ocr_carea' id='block_1_7' title="bbox 2205 417 3120 489">
    <p class='ocr_par' dir='ltr' id='par_1_12' title="bbox 2205 417 3120 489">
     <span class='ocr_line' id='line_1_60' title="bbox 2205 417 3120 489; baseline -0.002 -2"><span class='ocrx_word' id='word_1_418' title='bbox 2205 417 2732 487; x_wconf 72' lang='lat' dir='ltr'><strong>EPIS&#39;POLAE</strong></span> <span class='ocrx_word' id='word_1_419' title='bbox 2780 422 3120 489; x_wconf 79' lang='lat'>749—750</span> 
     </span>
    </p>
   </div>
   <div class='ocr_carea' id='block_1_8' title="bbox 2643 608 2675 5376">
    <p class='ocr_par' dir='ltr' id='par_1_13' title="bbox 2643 608 2675 5376">
     <span class='ocr_line' id='line_1_61' title="bbox 2643 608 2675 5376; baseline 0 0"><span class='ocrx_word' id='word_1_420' title='bbox 2643 608 2675 5376; x_wconf 95' lang='lat' dir='ltr'><strong> </strong></span> 
     </span>
    </p>
   </div>
   <div class='ocr_carea' id='block_1_9' title="bbox 4523 420 4617 483">
    <p class='ocr_par' dir='ltr' id='par_1_14' title="bbox 4523 420 4617 483">
     <span class='ocr_line' id='line_1_62' title="bbox 4523 420 4617 483; baseline 0.021 -2"><span class='ocrx_word' id='word_1_421' title='bbox 4523 420 4617 483; x_wconf 80' lang='lat'><strong>248</strong></span> 
     </span>
    </p>
   </div>
   <div class='ocr_carea' id='block_1_10' title="bbox 2704 604 4668 3518">
    <p class='ocr_par' dir='ltr' id='par_1_15' title="bbox 2716 604 4623 843">
     <span class='ocr_line' id='line_1_63' title="bbox 2716 604 4623 690; baseline 0.001 -19"><span class='ocrx_word' id='word_1_422' title='bbox 2716 606 3004 672; x_wconf 88' lang='lat' dir='ltr'><strong>Lutheri</strong></span> <span class='ocrx_word' id='word_1_423' title='bbox 3043 606 3424 673; x_wconf 85' lang='lat' dir='ltr'><strong>excudebat.</strong></span> <span class='ocrx_word' id='word_1_424' title='bbox 3511 606 3617 672; x_wconf 89' lang='lat' dir='ltr'><strong>Ita</strong></span> <span class='ocrx_word' id='word_1_425' title='bbox 3657 606 3904 690; x_wconf 83' lang='lat' dir='ltr'><strong>passim</strong></span> <span class='ocrx_word' id='word_1_426' title='bbox 3946 604 4306 672; x_wconf 86' lang='lat' dir='ltr'><strong>christiano</strong></span> <span class='ocrx_word' id='word_1_427' title='bbox 4348 607 4623 689; x_wconf 63' lang='lat' dir='ltr'><strong>sangnine</strong></span> 
     </span>
     <span class='ocr_line' id='line_1_64' title="bbox 2719 690 4623 776; baseline 0 -19"><span class='ocrx_word' id='word_1_428' title='bbox 2719 692 2942 758; x_wconf 90' lang='lat' dir='ltr'><strong>omnia</strong></span> <span class='ocrx_word' id='word_1_429' title='bbox 2994 692 3294 770; x_wconf 92' lang='lat' dir='ltr'><strong>madent,</strong></span> <span class='ocrx_word' id='word_1_430' title='bbox 3353 714 3546 776; x_wconf 91' lang='lat' dir='ltr'><strong>quem</strong></span> <span class='ocrx_word' id='word_1_431' title='bbox 3601 713 3832 759; x_wconf 90' lang='lat' dir='ltr'><strong>vereor</strong></span> <span class='ocrx_word' id='word_1_432' title='bbox 3884 691 4168 757; x_wconf 87' lang='lat' dir='ltr'><strong>clamare</strong></span> <span class='ocrx_word' id='word_1_433' title='bbox 4224 690 4560 758; x_wconf 82' lang='lat' dir='ltr'><strong>vindictam</strong></span> <span class='ocrx_word' id='word_1_434' title='bbox 4594 713 4623 757; x_wconf 84' lang='grc'><strong>6</strong></span> 
     </span>
     <span class='ocr_line' id='line_1_65' title="bbox 2719 785 2916 843; baseline -0.005 -1"><span class='ocrx_word' id='word_1_435' title='bbox 2719 785 2916 843; x_wconf 89' lang='lat' dir='ltr'><strong>terra.</strong></span> 
     </span>
    </p>

    <p class='ocr_par' dir='ltr' id='par_1_16' title="bbox 2715 862 4648 1974">
     <span class='ocr_line' id='line_1_66' title="bbox 2890 862 4626 945; baseline -0.001 -16"><span class='ocrx_word' id='word_1_436' title='bbox 2890 864 3143 929; x_wconf 89' lang='lat' dir='ltr'><strong>Beatus</strong></span> <span class='ocrx_word' id='word_1_437' title='bbox 3186 863 3534 930; x_wconf 74' lang='lat' dir='ltr'><strong>Rhenanus</strong></span> <span class='ocrx_word' id='word_1_438' title='bbox 3587 863 3768 929; x_wconf 88' lang='lat' dir='ltr'><strong>hisce</strong></span> <span class='ocrx_word' id='word_1_439' title='bbox 3832 862 4062 929; x_wconf 89' lang='lat' dir='ltr'><strong>diebus</strong></span> <span class='ocrx_word' id='word_1_440' title='bbox 4114 862 4197 927; x_wconf 90' lang='lat' dir='ltr'><strong>ad</strong></span> <span class='ocrx_word' id='word_1_441' title='bbox 4240 884 4348 928; x_wconf 93' lang='lat' dir='ltr'><strong>me</strong></span> <span class='ocrx_word' id='word_1_442' title='bbox 4390 862 4626 945; x_wconf 83' lang='lat' dir='ltr'><strong>scripsit,</strong></span> 
     </span>
     <span class='ocr_line' id='line_1_67' title="bbox 2719 947 4629 1034; baseline -0.001 -20"><span class='ocrx_word' id='word_1_443' title='bbox 2719 947 2891 1032; x_wconf 90' lang='lat' dir='ltr'><strong>apud</strong></span> <span class='ocrx_word' id='word_1_444' title='bbox 2959 948 3299 1015; x_wconf 85' lang='lat' dir='ltr'><strong>Lutetiam</strong></span> <span class='ocrx_word' id='word_1_445' title='bbox 3378 949 3824 1034; x_wconf 88' lang='lat' dir='ltr'><strong>promulgatos</strong></span> <span class='ocrx_word' id='word_1_446' title='bbox 3902 948 4208 1015; x_wconf 86' lang='lat' dir='ltr'><strong>articulos</strong></span> <span class='ocrx_word' id='word_1_447' title='bbox 4272 947 4629 1013; x_wconf 80' lang='lat' dir='ltr'><strong>orthodoxae</strong></span> 
     </span>
     <span class='ocr_line' id='line_1_68' title="bbox 2717 1034 4632 1119; baseline -0.001 -19"><span class='ocrx_word' id='word_1_448' title='bbox 2717 1035 3082 1119; x_wconf 80' lang='lat' dir='ltr'><strong>religionis,</strong></span> <span class='ocrx_word' id='word_1_449' title='bbox 3138 1055 3214 1101; x_wconf 91' lang='grc'><strong>66</strong></span> <span class='ocrx_word' id='word_1_450' title='bbox 3267 1034 3607 1100; x_wconf 89' lang='lat' dir='ltr'><strong>damnatos</strong></span> <span class='ocrx_word' id='word_1_451' title='bbox 3662 1035 3864 1100; x_wconf 88' lang='lat' dir='ltr'><strong>libros</strong></span> <span class='ocrx_word' id='word_1_452' title='bbox 3903 1034 4286 1100; x_wconf 89' lang='lat' dir='ltr'><strong>innumeros</strong></span> <span class='ocrx_word' id='word_1_453' title='bbox 4303 1085 4319 1114; x_wconf 93' lang='lat'><strong>,</strong></span> <span class='ocrx_word' id='word_1_454' title='bbox 4375 1035 4445 1098; x_wconf 92' lang='lat' dir='ltr'><strong>in</strong></span> <span class='ocrx_word' id='word_1_455' title='bbox 4485 1036 4632 1116; x_wconf 83' lang='lat' dir='ltr'><strong>queis</strong></span> 
     </span>
     <span class='ocr_line' id='line_1_69' title="bbox 2718 1117 4630 1204; baseline -0.001 -18"><span class='ocrx_word' id='word_1_456' title='bbox 2718 1120 2987 1186; x_wconf 78' lang='lat' dir='ltr'><strong>Erasmi</strong></span> <span class='ocrx_word' id='word_1_457' title='bbox 3039 1121 3474 1204; x_wconf 87' lang='lat' dir='ltr'><strong>paraphrases</strong></span> <span class='ocrx_word' id='word_1_458' title='bbox 3527 1141 3754 1185; x_wconf 90' lang='lat' dir='ltr'><strong>omnes</strong></span> <span class='ocrx_word' id='word_1_459' title='bbox 3768 1171 3785 1199; x_wconf 94' lang='lat'><strong>,</strong></span> <span class='ocrx_word' id='word_1_460' title='bbox 3829 1120 4238 1186; x_wconf 87' lang='lat' dir='ltr'><strong>enchiridion</strong></span> <span class='ocrx_word' id='word_1_461' title='bbox 4252 1170 4269 1198; x_wconf 94' lang='lat'><strong>,</strong></span> <span class='ocrx_word' id='word_1_462' title='bbox 4330 1117 4630 1201; x_wconf 80' lang='lat' dir='ltr'><strong>colloquia,</strong></span> 
     </span>
     <span class='ocr_line' id='line_1_70' title="bbox 2719 1204 4636 1291; baseline 0 -21"><span class='ocrx_word' id='word_1_463' title='bbox 2719 1205 2801 1270; x_wconf 90' lang='lat' dir='ltr'><strong>de</strong></span> <span class='ocrx_word' id='word_1_464' title='bbox 2823 1227 2940 1271; x_wconf 91' lang='lat' dir='ltr'><strong>esu</strong></span> <span class='ocrx_word' id='word_1_465' title='bbox 2963 1206 3280 1273; x_wconf 88' lang='lat' dir='ltr'><strong>carnium.</strong></span> <span class='ocrx_word' id='word_1_466' title='bbox 3297 1209 3316 1247; x_wconf 87' lang='lat'>¹</span> <span class='ocrx_word' id='word_1_467' title='bbox 3332 1206 3381 1291; x_wconf 88' lang='lat'><strong>¹)</strong></span> <span class='ocrx_word' id='word_1_468' title='bbox 3404 1205 3930 1272; x_wconf 77' lang='lat' dir='ltr'><strong>Brunsvieensem</strong></span> <span class='ocrx_word' id='word_1_469' title='bbox 3950 1226 4176 1271; x_wconf 90' lang='lat' dir='ltr'><strong>senem</strong></span> <span class='ocrx_word' id='word_1_470' title='bbox 4196 1205 4266 1270; x_wconf 93' lang='lat' dir='ltr'><strong>in</strong></span> <span class='ocrx_word' id='word_1_471' title='bbox 4280 1204 4636 1289; x_wconf 88' lang='lat' dir='ltr'><strong>Zigenheim</strong></span> 
     </span>
     <span class='ocr_line' id='line_1_71' title="bbox 2717 1290 4637 1375; baseline -0.002 -17"><span class='ocrx_word' id='word_1_472' title='bbox 2717 1298 2982 1375; x_wconf 88' lang='lat' dir='ltr'><strong>captum</strong></span> <span class='ocrx_word' id='word_1_473' title='bbox 3015 1291 3292 1357; x_wconf 91' lang='lat' dir='ltr'><strong>detineri</strong></span> <span class='ocrx_word' id='word_1_474' title='bbox 3315 1290 3494 1357; x_wconf 90' lang='lat' dir='ltr'><strong>haud</strong></span> <span class='ocrx_word' id='word_1_475' title='bbox 3518 1290 3712 1357; x_wconf 90' lang='lat' dir='ltr'><strong>dubie</strong></span> <span class='ocrx_word' id='word_1_476' title='bbox 3746 1301 3942 1357; x_wconf 90' lang='lat' dir='ltr'><strong>antea</strong></span> <span class='ocrx_word' id='word_1_477' title='bbox 3973 1291 4318 1358; x_wconf 86' lang='lat' dir='ltr'><strong>audivisti:</strong></span> <span class='ocrx_word' id='word_1_478' title='bbox 4345 1291 4637 1356; x_wconf 87' lang='lat' dir='ltr'><strong>iuniorem</strong></span> 
     </span>
     <span class='ocr_line' id='line_1_72' title="bbox 2716 1376 4640 1461; baseline -0.001 -18"><span class='ocrx_word' id='word_1_479' title='bbox 2716 1378 2930 1443; x_wconf 88' lang='lat' dir='ltr'><strong>filium</strong></span> <span class='ocrx_word' id='word_1_480' title='bbox 2954 1376 3249 1443; x_wconf 79' lang='lat' dir='ltr'><strong>Carolum</strong></span> <span class='ocrx_word' id='word_1_481' title='bbox 3285 1377 3587 1444; x_wconf 54' lang='lat' dir='ltr'><strong>Victorem</strong></span> <span class='ocrx_word' id='word_1_482' title='bbox 3629 1378 3976 1461; x_wconf 84' lang='lat' dir='ltr'><strong>Marpurgi</strong></span> <span class='ocrx_word' id='word_1_483' title='bbox 4019 1376 4377 1456; x_wconf 88' lang='lat' dir='ltr'><strong>adservari,</strong></span> <span class='ocrx_word' id='word_1_484' title='bbox 4419 1377 4489 1440; x_wconf 89' lang='lat' dir='ltr'><strong>in</strong></span> <span class='ocrx_word' id='word_1_485' title='bbox 4522 1376 4640 1442; x_wconf 88' lang='lat' dir='ltr'><strong>loco</strong></span> 
     </span>
     <span class='ocr_line' id='line_1_73' title="bbox 2717 1462 4642 1547; baseline -0.001 -20"><span class='ocrx_word' id='word_1_486' title='bbox 2717 1464 3075 1547; x_wconf 82' lang='lat' dir='ltr'><strong>gymnasii,</strong></span> <span class='ocrx_word' id='word_1_487' title='bbox 3119 1462 3289 1528; x_wconf 85' lang='lat' dir='ltr'><strong>forte</strong></span> <span class='ocrx_word' id='word_1_488' title='bbox 3330 1472 3406 1528; x_wconf 90' lang='lat' dir='ltr'><strong>ut</strong></span> <span class='ocrx_word' id='word_1_489' title='bbox 3448 1462 3657 1529; x_wconf 89' lang='lat' dir='ltr'><strong>discat</strong></span> <span class='ocrx_word' id='word_1_490' title='bbox 3697 1471 3919 1529; x_wconf 87' lang='lat' dir='ltr'><strong>utrum</strong></span> <span class='ocrx_word' id='word_1_491' title='bbox 3963 1464 4175 1529; x_wconf 88' lang='lat' dir='ltr'><strong>victor</strong></span> <span class='ocrx_word' id='word_1_492' title='bbox 4222 1462 4510 1528; x_wconf 83' lang='lat' dir='ltr'><strong>activum</strong></span> <span class='ocrx_word' id='word_1_493' title='bbox 4547 1468 4642 1526; x_wconf 88' lang='lat' dir='ltr'><strong>aut</strong></span> 
     </span>
     <span class='ocr_line' id='line_1_74' title="bbox 2716 1547 4642 1632; baseline -0.001 -19"><span class='ocrx_word' id='word_1_494' title='bbox 2716 1550 3051 1631; x_wconf 86' lang='lat' dir='ltr'><strong>passivum</strong></span> <span class='ocrx_word' id='word_1_495' title='bbox 3075 1548 3179 1614; x_wconf 90' lang='lat' dir='ltr'><strong>sit.</strong></span> <span class='ocrx_word' id='word_1_496' title='bbox 3196 1551 3279 1632; x_wconf 74' lang='grc'><strong>12)</strong></span> <span class='ocrx_word' id='word_1_497' title='bbox 3338 1547 3473 1614; x_wconf 90' lang='lat' dir='ltr'><strong>Sed</strong></span> <span class='ocrx_word' id='word_1_498' title='bbox 3493 1549 3675 1616; x_wconf 90' lang='lat' dir='ltr'><strong>iocus</strong></span> <span class='ocrx_word' id='word_1_499' title='bbox 3700 1556 3816 1615; x_wconf 87' lang='lat' dir='ltr'><strong>est.</strong></span> <span class='ocrx_word' id='word_1_500' title='bbox 3877 1548 4152 1614; x_wconf 86' lang='lat' dir='ltr'><strong>Utinam</strong></span> <span class='ocrx_word' id='word_1_501' title='bbox 4173 1549 4459 1613; x_wconf 88' lang='lat' dir='ltr'><strong>istorum</strong></span> <span class='ocrx_word' id='word_1_502' title='bbox 4489 1548 4642 1630; x_wconf 88' lang='lat' dir='ltr'><strong>prin·</strong></span> 
     </span>
     <span class='ocr_line' id='line_1_75' title="bbox 2715 1633 4645 1719; baseline -0.002 -18"><span class='ocrx_word' id='word_1_503' title='bbox 2715 1634 2935 1717; x_wconf 90' lang='lat' dir='ltr'><strong>cipum</strong></span> <span class='ocrx_word' id='word_1_504' title='bbox 2978 1654 3054 1699; x_wconf 90' lang='lat' dir='ltr'><strong>ac</strong></span> <span class='ocrx_word' id='word_1_505' title='bbox 3096 1633 3372 1700; x_wconf 88' lang='lat' dir='ltr'><strong>aliorum</strong></span> <span class='ocrx_word' id='word_1_506' title='bbox 3416 1633 3614 1701; x_wconf 90' lang='lat' dir='ltr'><strong>corda</strong></span> <span class='ocrx_word' id='word_1_507' title='bbox 3654 1641 4015 1719; x_wconf 88' lang='lat' dir='ltr'><strong>tangantur</strong></span> <span class='ocrx_word' id='word_1_508' title='bbox 4056 1634 4452 1719; x_wconf 82' lang='lat' dir='ltr'><strong>cogitatione</strong></span> <span class='ocrx_word' id='word_1_509' title='bbox 4492 1652 4645 1699; x_wconf 89' lang='lat' dir='ltr'><strong>com·</strong></span> 
     </span>
     <span class='ocr_line' id='line_1_76' title="bbox 2715 1717 4648 1802; baseline -0.001 -18"><span class='ocrx_word' id='word_1_510' title='bbox 2715 1721 2935 1785; x_wconf 91' lang='lat' dir='ltr'><strong>munis</strong></span> <span class='ocrx_word' id='word_1_511' title='bbox 2977 1719 3148 1786; x_wconf 90' lang='lat' dir='ltr'><strong>boni.</strong></span> <span class='ocrx_word' id='word_1_512' title='bbox 3237 1719 3641 1787; x_wconf 89' lang='lat' dir='ltr'><strong>Osculentur</strong></span> <span class='ocrx_word' id='word_1_513' title='bbox 3680 1721 3890 1786; x_wconf 88' lang='lat' dir='ltr'><strong>filium</strong></span> <span class='ocrx_word' id='word_1_514' title='bbox 3908 1770 3923 1795; x_wconf 87' lang='lat'><strong>,</strong></span> <span class='ocrx_word' id='word_1_515' title='bbox 3978 1730 4046 1786; x_wconf 89' lang='lat' dir='ltr'><strong>et</strong></span> <span class='ocrx_word' id='word_1_516' title='bbox 4087 1718 4345 1787; x_wconf 89' lang='lat' dir='ltr'><strong>discant</strong></span> <span class='ocrx_word' id='word_1_517' title='bbox 4381 1717 4541 1802; x_wconf 90' lang='lat' dir='ltr'><strong>quid</strong></span> <span class='ocrx_word' id='word_1_518' title='bbox 4576 1718 4648 1784; x_wconf 84' lang='lat' dir='ltr'><strong>sit</strong></span> 
     </span>
     <span class='ocr_line' id='line_1_77' title="bbox 2717 1804 4647 1890; baseline -0.001 -19"><span class='ocrx_word' id='word_1_519' title='bbox 2717 1827 2937 1871; x_wconf 88' lang='lat' dir='ltr'><strong>amare</strong></span> <span class='ocrx_word' id='word_1_520' title='bbox 2980 1813 3048 1870; x_wconf 89' lang='lat' dir='ltr'><strong>et</strong></span> <span class='ocrx_word' id='word_1_521' title='bbox 3088 1806 3316 1871; x_wconf 88' lang='lat' dir='ltr'><strong>iuvare</strong></span> <span class='ocrx_word' id='word_1_522' title='bbox 3354 1806 3712 1883; x_wconf 87' lang='lat' dir='ltr'><strong>ecclesiam,</strong></span> <span class='ocrx_word' id='word_1_523' title='bbox 3757 1813 3825 1872; x_wconf 92' lang='lat' dir='ltr'><strong>et</strong></span> <span class='ocrx_word' id='word_1_524' title='bbox 3856 1805 4021 1871; x_wconf 85' lang='lat' dir='ltr'><strong>illud</strong></span> <span class='ocrx_word' id='word_1_525' title='bbox 4056 1806 4328 1890; x_wconf 85' lang='lat' dir='ltr'><strong>psalmi:</strong></span> <span class='ocrx_word' id='word_1_526' title='bbox 4375 1804 4647 1871; x_wconf 82' lang='lat' dir='ltr'><strong>Confun-</strong></span> 
     </span>
     <span class='ocr_line' id='line_1_78' title="bbox 2717 1890 3939 1974; baseline 0 -18"><span class='ocrx_word' id='word_1_527' title='bbox 2717 1891 2962 1956; x_wconf 91' lang='lat' dir='ltr'><strong>dantur</strong></span> <span class='ocrx_word' id='word_1_528' title='bbox 3003 1913 3230 1957; x_wconf 90' lang='lat' dir='ltr'><strong>omnes</strong></span> <span class='ocrx_word' id='word_1_529' title='bbox 3274 1892 3387 1974; x_wconf 91' lang='lat' dir='ltr'><strong>qui</strong></span> <span class='ocrx_word' id='word_1_530' title='bbox 3431 1892 3717 1956; x_wconf 89' lang='lat' dir='ltr'><strong>oderunt</strong></span> <span class='ocrx_word' id='word_1_531' title='bbox 3757 1890 3939 1958; x_wconf 84' lang='lat' dir='ltr'><strong>Sion.</strong></span> 
     </span>
    </p>

    <p class='ocr_par' dir='ltr' id='par_1_17' title="bbox 2708 1975 4664 2898">
     <span class='ocr_line' id='line_1_79' title="bbox 2888 1975 4651 2060; baseline -0.001 -18"><span class='ocrx_word' id='word_1_532' title='bbox 2888 1975 3084 2057; x_wconf 77' lang='lat' dir='ltr'><strong>Quod</strong></span> <span class='ocrx_word' id='word_1_533' title='bbox 3144 1977 3375 2043; x_wconf 89' lang='lat' dir='ltr'><strong>Ursini</strong></span> <span class='ocrx_word' id='word_1_534' title='bbox 3397 1981 3482 2051; x_wconf 76' lang='lat'><strong>¹⁸)</strong></span> <span class='ocrx_word' id='word_1_535' title='bbox 3560 1978 3787 2042; x_wconf 80' lang='lat' dir='ltr'><strong>dextre</strong></span> <span class='ocrx_word' id='word_1_536' title='bbox 3849 1976 4034 2042; x_wconf 88' lang='lat' dir='ltr'><strong>vobis</strong></span> <span class='ocrx_word' id='word_1_537' title='bbox 4098 1978 4168 2042; x_wconf 93' lang='lat' dir='ltr'><strong>in</strong></span> <span class='ocrx_word' id='word_1_538' title='bbox 4233 1975 4651 2060; x_wconf 88' lang='lat' dir='ltr'><strong>trepidatione</strong></span> 
     </span>
     <span class='ocr_line' id='line_1_80' title="bbox 2717 2061 4649 2145; baseline -0.002 -18"><span class='ocrx_word' id='word_1_539' title='bbox 2717 2061 3097 2132; x_wconf 85' lang='lat' dir='ltr'><strong>adfuerunt.</strong></span> <span class='ocrx_word' id='word_1_540' title='bbox 3155 2063 3404 2128; x_wconf 87' lang='lat' dir='ltr'><strong>faciunt</strong></span> <span class='ocrx_word' id='word_1_541' title='bbox 3461 2063 3631 2145; x_wconf 88' lang='lat' dir='ltr'><strong>quod</strong></span> <span class='ocrx_word' id='word_1_542' title='bbox 3689 2064 3876 2129; x_wconf 90' lang='lat' dir='ltr'><strong>decet</strong></span> <span class='ocrx_word' id='word_1_543' title='bbox 3925 2064 4107 2128; x_wconf 89' lang='lat' dir='ltr'><strong>viros</strong></span> <span class='ocrx_word' id='word_1_544' title='bbox 4164 2070 4233 2127; x_wconf 94' lang='lat' dir='ltr'><strong>et</strong></span> <span class='ocrx_word' id='word_1_545' title='bbox 4275 2063 4649 2130; x_wconf 79' lang='lat' dir='ltr'><strong>Germanos.</strong></span> 
     </span>
     <span class='ocr_line' id='line_1_81' title="bbox 2716 2147 4654 2215; baseline -0.001 -2"><span class='ocrx_word' id='word_1_546' title='bbox 2716 2149 2819 2213; x_wconf 91' lang='lat' dir='ltr'><strong>De</strong></span> <span class='ocrx_word' id='word_1_547' title='bbox 2847 2147 3143 2214; x_wconf 81' lang='lat' dir='ltr'><strong>Sabaudo</strong></span> <span class='ocrx_word' id='word_1_548' title='bbox 3175 2149 3345 2213; x_wconf 90' lang='lat' dir='ltr'><strong>forte</strong></span> <span class='ocrx_word' id='word_1_549' title='bbox 3379 2149 3602 2214; x_wconf 90' lang='lat' dir='ltr'><strong>licebit</strong></span> <span class='ocrx_word' id='word_1_550' title='bbox 3640 2148 3765 2215; x_wconf 88' lang='grc'>1106</span> <span class='ocrx_word' id='word_1_551' title='bbox 3811 2149 4056 2215; x_wconf 90' lang='lat' dir='ltr'><strong>dicere:</strong></span> <span class='ocrx_word' id='word_1_552' title='bbox 4102 2148 4350 2214; x_wconf 84' lang='lat' dir='ltr'><strong>frustra</strong></span> <span class='ocrx_word' id='word_1_553' title='bbox 4394 2157 4500 2214; x_wconf 90' lang='lat' dir='ltr'><strong>est</strong></span> <span class='ocrx_word' id='word_1_554' title='bbox 4531 2148 4654 2213; x_wconf 89' lang='lat' dir='ltr'><strong>sine</strong></span> 
     </span>
     <span class='ocr_line' id='line_1_82' title="bbox 2716 2232 4655 2313; baseline -0.001 -15"><span class='ocrx_word' id='word_1_555' title='bbox 2716 2234 2966 2299; x_wconf 85' lang='lat' dir='ltr'><strong>viribus</strong></span> <span class='ocrx_word' id='word_1_556' title='bbox 3008 2235 3126 2298; x_wconf 88' lang='lat' dir='ltr'><strong>ira.</strong></span> <span class='ocrx_word' id='word_1_557' title='bbox 3193 2235 3376 2300; x_wconf 92' lang='lat' dir='ltr'><strong>Deus</strong></span> <span class='ocrx_word' id='word_1_558' title='bbox 3418 2236 3806 2300; x_wconf 86' lang='lat' dir='ltr'><strong>misereatur</strong></span> <span class='ocrx_word' id='word_1_559' title='bbox 3846 2236 3985 2300; x_wconf 90' lang='lat' dir='ltr'><strong>orbi</strong></span> <span class='ocrx_word' id='word_1_560' title='bbox 4030 2234 4414 2313; x_wconf 80' lang='lat' dir='ltr'><strong>christianO,</strong></span> <span class='ocrx_word' id='word_1_561' title='bbox 4461 2242 4529 2300; x_wconf 91' lang='lat' dir='ltr'><strong>et</strong></span> <span class='ocrx_word' id='word_1_562' title='bbox 4561 2232 4655 2297; x_wconf 92' lang='lat' dir='ltr'><strong>do-</strong></span> 
     </span>
     <span class='ocr_line' id='line_1_83' title="bbox 2716 2317 4657 2403; baseline -0.002 -20"><span class='ocrx_word' id='word_1_563' title='bbox 2716 2329 2831 2383; x_wconf 92' lang='lat' dir='ltr'><strong>net</strong></span> <span class='ocrx_word' id='word_1_564' title='bbox 2889 2321 3236 2385; x_wconf 87' lang='lat' dir='ltr'><strong>veritatem</strong></span> <span class='ocrx_word' id='word_1_565' title='bbox 3293 2328 3361 2385; x_wconf 90' lang='lat' dir='ltr'><strong>et</strong></span> <span class='ocrx_word' id='word_1_566' title='bbox 3417 2341 3644 2403; x_wconf 89' lang='lat' dir='ltr'><strong>pacem</strong></span> <span class='ocrx_word' id='word_1_567' title='bbox 3698 2322 3770 2385; x_wconf 91' lang='lat' dir='ltr'><strong>in</strong></span> <span class='ocrx_word' id='word_1_568' title='bbox 3839 2321 4065 2385; x_wconf 90' lang='lat' dir='ltr'><strong>diebus</strong></span> <span class='ocrx_word' id='word_1_569' title='bbox 4136 2321 4402 2385; x_wconf 89' lang='lat' dir='ltr'><strong>nostris.</strong></span> <span class='ocrx_word' id='word_1_570' title='bbox 4495 2317 4657 2384; x_wconf 88' lang='lat' dir='ltr'><strong>Sunt</strong></span> 
     </span>
     <span class='ocr_line' id='line_1_84' title="bbox 2713 2404 4654 2490; baseline -0.001 -20"><span class='ocrx_word' id='word_1_571' title='bbox 2713 2406 2893 2470; x_wconf 92' lang='lat' dir='ltr'><strong>enim</strong></span> <span class='ocrx_word' id='word_1_572' title='bbox 2928 2406 3040 2488; x_wconf 92' lang='lat' dir='ltr'><strong>qui</strong></span> <span class='ocrx_word' id='word_1_573' title='bbox 3074 2413 3371 2471; x_wconf 89' lang='lat' dir='ltr'><strong>metuant</strong></span> <span class='ocrx_word' id='word_1_574' title='bbox 3405 2406 3662 2472; x_wconf 87' lang='lat' dir='ltr'><strong>concilii</strong></span> <span class='ocrx_word' id='word_1_575' title='bbox 3684 2404 4058 2471; x_wconf 81' lang='lat' dir='ltr'><strong>Tridentini</strong></span> <span class='ocrx_word' id='word_1_576' title='bbox 4094 2404 4654 2490; x_wconf 87' lang='lat' dir='ltr'><strong>sanguinolentam</strong></span> 
     </span>
     <span class='ocr_line' id='line_1_85' title="bbox 2712 2489 4659 2575; baseline -0.002 -19"><span class='ocrx_word' id='word_1_577' title='bbox 2712 2491 3191 2575; x_wconf 88' lang='lat' dir='ltr'><strong>catastrophen.</strong></span> <span class='ocrx_word' id='word_1_578' title='bbox 3282 2489 3419 2557; x_wconf 92' lang='lat' dir='ltr'><strong>Sed</strong></span> <span class='ocrx_word' id='word_1_579' title='bbox 3461 2502 3764 2574; x_wconf 90' lang='lat' dir='ltr'><strong>coeptum</strong></span> <span class='ocrx_word' id='word_1_580' title='bbox 3808 2499 3908 2558; x_wconf 90' lang='lat' dir='ltr'><strong>est</strong></span> <span class='ocrx_word' id='word_1_581' title='bbox 3951 2491 4365 2556; x_wconf 87' lang='lat' dir='ltr'><strong>Wormatiae</strong></span> <span class='ocrx_word' id='word_1_582' title='bbox 4413 2489 4659 2575; x_wconf 86' lang='lat' dir='ltr'><strong>praelu-</strong></span> 
     </span>
     <span class='ocr_line' id='line_1_86' title="bbox 2713 2575 4659 2655; baseline -0.001 -14"><span class='ocrx_word' id='word_1_583' title='bbox 2713 2575 2894 2641; x_wconf 90' lang='lat' dir='ltr'><strong>dium</strong></span> <span class='ocrx_word' id='word_1_584' title='bbox 2940 2577 3007 2641; x_wconf 90' lang='lat' dir='ltr'><strong>in</strong></span> <span class='ocrx_word' id='word_1_585' title='bbox 3053 2576 3335 2643; x_wconf 88' lang='lat' dir='ltr'><strong>comitiis</strong></span> <span class='ocrx_word' id='word_1_586' title='bbox 3379 2580 3534 2642; x_wconf 92' lang='lat' dir='ltr'><strong>anni</strong></span> <span class='ocrx_word' id='word_1_587' title='bbox 3560 2582 3661 2655; x_wconf 88' lang='lat'><strong>21,</strong></span> <span class='ocrx_word' id='word_1_588' title='bbox 3707 2587 3784 2642; x_wconf 90' lang='lat' dir='ltr'><strong>ut</strong></span> <span class='ocrx_word' id='word_1_589' title='bbox 3823 2578 4143 2643; x_wconf 79' lang='lat' dir='ltr'><strong>Aleander</strong></span> <span class='ocrx_word' id='word_1_590' title='bbox 4183 2588 4250 2641; x_wconf 91' lang='lat' dir='ltr'><strong>et</strong></span> <span class='ocrx_word' id='word_1_591' title='bbox 4295 2577 4413 2643; x_wconf 90' lang='lat' dir='ltr'><strong>alii</strong></span> <span class='ocrx_word' id='word_1_592' title='bbox 4459 2578 4659 2642; x_wconf 88' lang='lat' dir='ltr'><strong>eiacu-</strong></span> 
     </span>
     <span class='ocr_line' id='line_1_87' title="bbox 2709 2659 4661 2740; baseline -0.001 -15"><span class='ocrx_word' id='word_1_593' title='bbox 2709 2661 3007 2727; x_wconf 89' lang='lat' dir='ltr'><strong>larentur</strong></span> <span class='ocrx_word' id='word_1_594' title='bbox 3048 2662 3210 2728; x_wconf 89' lang='lat' dir='ltr'><strong>istas</strong></span> <span class='ocrx_word' id='word_1_595' title='bbox 3252 2683 3464 2740; x_wconf 88' lang='lat' dir='ltr'><strong>voces,</strong></span> <span class='ocrx_word' id='word_1_596' title='bbox 3510 2684 3581 2728; x_wconf 91' lang='grc'><strong>66</strong></span> <span class='ocrx_word' id='word_1_597' title='bbox 3605 2663 4004 2728; x_wconf 83' lang='lat' dir='ltr'><strong>Germaniae</strong></span> <span class='ocrx_word' id='word_1_598' title='bbox 4047 2663 4498 2729; x_wconf 86' lang='lat' dir='ltr'><strong>instructuros</strong></span> <span class='ocrx_word' id='word_1_599' title='bbox 4537 2659 4661 2725; x_wconf 88' lang='lat' dir='ltr'><strong>bal-</strong></span> 
     </span>
     <span class='ocr_line' id='line_1_88' title="bbox 2710 2746 4664 2832; baseline 0 -21"><span class='ocrx_word' id='word_1_600' title='bbox 2710 2768 2909 2811; x_wconf 92' lang='lat' dir='ltr'><strong>neum</strong></span> <span class='ocrx_word' id='word_1_601' title='bbox 2952 2749 3405 2832; x_wconf 89' lang='lat' dir='ltr'><strong>sanguineum.</strong></span> <span class='ocrx_word' id='word_1_602' title='bbox 3509 2747 3838 2815; x_wconf 91' lang='lat' dir='ltr'><strong>Dominus</strong></span> <span class='ocrx_word' id='word_1_603' title='bbox 3882 2748 4178 2815; x_wconf 81' lang='lat' dir='ltr'><strong>Sabaoth</strong></span> <span class='ocrx_word' id='word_1_604' title='bbox 4230 2748 4476 2832; x_wconf 89' lang='lat' dir='ltr'><strong>perdat</strong></span> <span class='ocrx_word' id='word_1_605' title='bbox 4528 2746 4664 2811; x_wconf 90' lang='lat' dir='ltr'><strong>illos</strong></span> 
     </span>
     <span class='ocr_line' id='line_1_89' title="bbox 2708 2832 3462 2898; baseline 0 0"><span class='ocrx_word' id='word_1_606' title='bbox 2708 2832 3134 2898; x_wconf 87' lang='lat' dir='ltr'><strong>balneatores.</strong></span> <span class='ocrx_word' id='word_1_607' title='bbox 3223 2834 3462 2898; x_wconf 85' lang='lat' dir='ltr'><strong>Amen.</strong></span> 
     </span>
    </p>

    <p class='ocr_par' dir='ltr' id='par_1_18' title="bbox 2704 2916 4668 3432">
     <span class='ocr_line' id='line_1_90' title="bbox 2878 2916 4664 3001; baseline -0.001 -18"><span class='ocrx_word' id='word_1_608' title='bbox 2878 2919 3066 2984; x_wconf 90' lang='lat' dir='ltr'><strong>Bene</strong></span> <span class='ocrx_word' id='word_1_609' title='bbox 3109 2918 3273 2997; x_wconf 89' lang='lat' dir='ltr'><strong>vale,</strong></span> <span class='ocrx_word' id='word_1_610' title='bbox 3320 2921 3411 2983; x_wconf 92' lang='lat' dir='ltr'><strong>mi</strong></span> <span class='ocrx_word' id='word_1_611' title='bbox 3459 2919 3743 2999; x_wconf 73' lang='lat' dir='ltr'><strong>Calvine,</strong></span> <span class='ocrx_word' id='word_1_612' title='bbox 3797 2922 4018 2985; x_wconf 91' lang='lat' dir='ltr'><strong>animo</strong></span> <span class='ocrx_word' id='word_1_613' title='bbox 4075 2939 4223 2985; x_wconf 92' lang='lat' dir='ltr'><strong>meo</strong></span> <span class='ocrx_word' id='word_1_614' title='bbox 4266 2938 4540 3001; x_wconf 89' lang='lat' dir='ltr'><strong>semper</strong></span> <span class='ocrx_word' id='word_1_615' title='bbox 4581 2916 4664 2981; x_wconf 88' lang='lat' dir='ltr'><strong>di·</strong></span> 
     </span>
     <span class='ocr_line' id='line_1_91' title="bbox 2706 3001 4666 3089; baseline 0.001 -23"><span class='ocrx_word' id='word_1_616' title='bbox 2706 3001 2892 3082; x_wconf 91' lang='lat' dir='ltr'><strong>lecte,</strong></span> <span class='ocrx_word' id='word_1_617' title='bbox 2937 3013 3004 3070; x_wconf 89' lang='lat' dir='ltr'><strong>et</strong></span> <span class='ocrx_word' id='word_1_618' title='bbox 3042 3004 3212 3069; x_wconf 90' lang='lat' dir='ltr'><strong>hanc</strong></span> <span class='ocrx_word' id='word_1_619' title='bbox 3245 3005 3589 3089; x_wconf 89' lang='lat' dir='ltr'><strong>epistolam</strong></span> <span class='ocrx_word' id='word_1_620' title='bbox 3623 3004 3778 3070; x_wconf 91' lang='lat' dir='ltr'><strong>boni</strong></span> <span class='ocrx_word' id='word_1_621' title='bbox 3813 3004 4099 3072; x_wconf 89' lang='lat' dir='ltr'><strong>consule.</strong></span> <span class='ocrx_word' id='word_1_622' title='bbox 4168 3003 4459 3089; x_wconf 85' lang='lat' dir='ltr'><strong>Saepius</strong></span> <span class='ocrx_word' id='word_1_623' title='bbox 4496 3003 4666 3069; x_wconf 89' lang='grc'>6111111</span> 
     </span>
     <span class='ocr_line' id='line_1_92' title="bbox 2707 3090 4668 3174; baseline 0 -19"><span class='ocrx_word' id='word_1_624' title='bbox 2707 3091 2791 3155; x_wconf 84' lang='grc' dir='ltr'><strong>6ᾶ</strong></span> <span class='ocrx_word' id='word_1_625' title='bbox 2835 3098 2899 3156; x_wconf 89' lang='lat' dir='ltr'><strong>te</strong></span> <span class='ocrx_word' id='word_1_626' title='bbox 2943 3092 3325 3157; x_wconf 89' lang='lat' dir='ltr'><strong>scriberem:</strong></span> <span class='ocrx_word' id='word_1_627' title='bbox 3370 3092 3554 3174; x_wconf 90' lang='lat' dir='ltr'><strong>atqui</strong></span> <span class='ocrx_word' id='word_1_628' title='bbox 3597 3100 3824 3158; x_wconf 88' lang='lat' dir='ltr'><strong>sancta</strong></span> <span class='ocrx_word' id='word_1_629' title='bbox 3857 3101 3974 3157; x_wconf 83' lang='lat' dir='ltr'><strong>tua</strong></span> <span class='ocrx_word' id='word_1_630' title='bbox 4017 3091 4238 3157; x_wconf 91' lang='lat' dir='ltr'><strong>studia</strong></span> <span class='ocrx_word' id='word_1_631' title='bbox 4279 3113 4422 3156; x_wconf 90' lang='lat' dir='ltr'><strong>non</strong></span> <span class='ocrx_word' id='word_1_632' title='bbox 4471 3090 4668 3156; x_wconf 90' lang='lat' dir='ltr'><strong>liben-</strong></span> 
     </span>
     <span class='ocr_line' id='line_1_93' title="bbox 2706 3176 4663 3262; baseline 0.001 -22"><span class='ocrx_word' id='word_1_633' title='bbox 2706 3184 2809 3241; x_wconf 91' lang='lat' dir='ltr'><strong>ter</strong></span> <span class='ocrx_word' id='word_1_634' title='bbox 2841 3176 3126 3259; x_wconf 91' lang='lat' dir='ltr'><strong>impedio</strong></span> <span class='ocrx_word' id='word_1_635' title='bbox 3159 3176 3456 3260; x_wconf 89' lang='lat' dir='ltr'><strong>legendis</strong></span> <span class='ocrx_word' id='word_1_636' title='bbox 3491 3177 3656 3242; x_wconf 88' lang='lat' dir='ltr'><strong>meis</strong></span> <span class='ocrx_word' id='word_1_637' title='bbox 3683 3177 4098 3262; x_wconf 89' lang='lat' dir='ltr'><strong>negligenter</strong></span> <span class='ocrx_word' id='word_1_638' title='bbox 4135 3177 4400 3260; x_wconf 88' lang='lat' dir='ltr'><strong>scriptis</strong></span> <span class='ocrx_word' id='word_1_639' title='bbox 4437 3176 4663 3242; x_wconf 90' lang='lat' dir='ltr'><strong>literis.</strong></span> 
     </span>
     <span class='ocr_line' id='line_1_94' title="bbox 2707 3259 4668 3348; baseline -0.001 -21"><span class='ocrx_word' id='word_1_640' title='bbox 2707 3259 2932 3327; x_wconf 90' lang='lat' dir='ltr'><strong>Offero</strong></span> <span class='ocrx_word' id='word_1_641' title='bbox 2973 3271 3194 3327; x_wconf 91' lang='lat' dir='ltr'><strong>tamen</strong></span> <span class='ocrx_word' id='word_1_642' title='bbox 3237 3284 3343 3327; x_wconf 92' lang='lat' dir='ltr'><strong>me</strong></span> <span class='ocrx_word' id='word_1_643' title='bbox 3385 3261 3466 3327; x_wconf 88' lang='lat' dir='ltr'><strong>ad</strong></span> <span class='ocrx_word' id='word_1_644' title='bbox 3512 3262 3819 3346; x_wconf 90' lang='lat' dir='ltr'><strong>obsequia</strong></span> <span class='ocrx_word' id='word_1_645' title='bbox 3857 3273 3990 3341; x_wconf 91' lang='lat' dir='ltr'><strong>tua,</strong></span> <span class='ocrx_word' id='word_1_646' title='bbox 4046 3264 4106 3328; x_wconf 94' lang='lat' dir='ltr'><strong>si</strong></span> <span class='ocrx_word' id='word_1_647' title='bbox 4149 3263 4370 3346; x_wconf 89' lang='lat' dir='ltr'><strong>aliqua</strong></span> <span class='ocrx_word' id='word_1_648' title='bbox 4419 3263 4668 3348; x_wconf 87' lang='lat' dir='ltr'><strong>possim</strong></span> 
     </span>
     <span class='ocr_line' id='line_1_95' title="bbox 2704 3348 4262 3432; baseline -0.001 -20"><span class='ocrx_word' id='word_1_649' title='bbox 2704 3354 3062 3429; x_wconf 88' lang='lat' dir='ltr'><strong>praestare.</strong></span> <span class='ocrx_word' id='word_1_650' title='bbox 3150 3348 3576 3432; x_wconf 89' lang='lat' dir='ltr'><strong>Argentorati</strong></span> <span class='ocrx_word' id='word_1_651' title='bbox 3622 3350 3686 3432; x_wconf 88' lang='lat' dir='ltr'><strong>vj</strong></span> <span class='ocrx_word' id='word_1_652' title='bbox 3734 3349 4028 3414; x_wconf 88' lang='lat' dir='ltr'><strong>Ianuarii</strong></span> <span class='ocrx_word' id='word_1_653' title='bbox 4081 3352 4262 3413; x_wconf 84' lang='lat'><strong>1546.</strong></span> 
     </span>
    </p>

    <p class='ocr_par' dir='ltr' id='par_1_19' title="bbox 2872 3433 4668 3518">
     <span class='ocr_line' id='line_1_96' title="bbox 2872 3433 4668 3518; baseline -0.001 -20"><span class='ocrx_word' id='word_1_654' title='bbox 2872 3434 3118 3498; x_wconf 89' lang='lat' dir='ltr'><strong>Petrus</strong></span> <span class='ocrx_word' id='word_1_655' title='bbox 3138 3433 3510 3500; x_wconf 73' lang='lat' dir='ltr'><strong>Alexander</strong></span> <span class='ocrx_word' id='word_1_656' title='bbox 3532 3435 3612 3515; x_wconf 86' lang='lat'><strong>¹⁴)</strong></span> <span class='ocrx_word' id='word_1_657' title='bbox 3649 3434 3916 3518; x_wconf 90' lang='lat' dir='ltr'><strong>reginae</strong></span> <span class='ocrx_word' id='word_1_658' title='bbox 3951 3435 4367 3501; x_wconf 90' lang='lat' dir='ltr'><strong>concionator</strong></span> <span class='ocrx_word' id='word_1_659' title='bbox 4391 3433 4668 3501; x_wconf 89' lang='lat' dir='ltr'><strong>Heidel-</strong></span> 
     </span>
    </p>
   </div>
   <div class='ocr_carea' id='block_1_11' title="bbox 2705 3588 3116 3600">
    <p class='ocr_par' dir='ltr' id='par_1_20' title="bbox 2705 3588 3116 3600">
     <span class='ocr_line' id='line_1_97' title="bbox 2705 3588 3116 3600; baseline 0 0"><span class='ocrx_word' id='word_1_660' title='bbox 2705 3588 3116 3600; x_wconf 95' lang='lat' dir='ltr'><strong> </strong></span> 
     </span>
    </p>
   </div>
   <div class='ocr_carea' id='block_1_12' title="bbox 2699 3687 4669 4651">
    <p class='ocr_par' dir='ltr' id='par_1_21' title="bbox 2701 3687 4667 4031">
     <span class='ocr_line' id='line_1_98' title="bbox 2702 3687 4666 3761; baseline 0.001 -19"><span class='ocrx_word' id='word_1_661' title='bbox 2702 3688 2744 3742; x_wconf 90' lang='lat'><strong>1.</strong></span> <span class='ocrx_word' id='word_1_662' title='bbox 2787 3687 2899 3742; x_wconf 83' lang='grc'>152.</span> <span class='ocrx_word' id='word_1_663' title='bbox 2986 3688 3210 3758; x_wconf 78' lang='lat' dir='ltr'><strong>Gerdes,</strong></span> <span class='ocrx_word' id='word_1_664' title='bbox 3255 3690 3380 3743; x_wconf 76' lang='lat' dir='ltr'><strong>hist.</strong></span> <span class='ocrx_word' id='word_1_665' title='bbox 3428 3690 3529 3754; x_wconf 80' lang='lat' dir='ltr'><strong>ref.</strong></span> <span class='ocrx_word' id='word_1_666' title='bbox 3582 3690 3682 3743; x_wconf 88' lang='lat'><strong>111.</strong></span> <span class='ocrx_word' id='word_1_667' title='bbox 3734 3688 3818 3744; x_wconf 84' lang='lat'><strong>58.</strong></span> <span class='ocrx_word' id='word_1_668' title='bbox 3905 3690 3989 3745; x_wconf 90' lang='lat' dir='ltr'><strong>Le</strong></span> <span class='ocrx_word' id='word_1_669' title='bbox 4035 3690 4222 3761; x_wconf 70' lang='lat' dir='ltr'><strong>Lonq,</strong></span> <span class='ocrx_word' id='word_1_670' title='bbox 4275 3691 4579 3748; x_wconf 72' lang='lat' dir='ltr'><strong>Boeksaal</strong></span> <span class='ocrx_word' id='word_1_671' title='bbox 4620 3690 4666 3744; x_wconf 78' lang='lat' dir='ltr'><strong>d.</strong></span> 
     </span>
     <span class='ocr_line' id='line_1_99' title="bbox 2704 3755 4667 3828; baseline 0.003 -18"><span class='ocrx_word' id='word_1_672' title='bbox 2704 3756 2908 3811; x_wconf 76' lang='lat' dir='ltr'><strong>nederl.</strong></span> <span class='ocrx_word' id='word_1_673' title='bbox 2944 3756 3146 3828; x_wconf 80' lang='lat' dir='ltr'><strong>Bybels</strong></span> <span class='ocrx_word' id='word_1_674' title='bbox 3174 3775 3232 3824; x_wconf 81' lang='lat' dir='ltr'><strong>p.</strong></span> <span class='ocrx_word' id='word_1_675' title='bbox 3279 3756 3399 3811; x_wconf 80' lang='lat'><strong>567.</strong></span> <span class='ocrx_word' id='word_1_676' title='bbox 3479 3755 3590 3826; x_wconf 76' lang='lat' dir='ltr'><strong>Qui</strong></span> <span class='ocrx_word' id='word_1_677' title='bbox 3634 3758 3701 3812; x_wconf 82' lang='lat' dir='ltr'><strong>de</strong></span> <span class='ocrx_word' id='word_1_678' title='bbox 3747 3775 3896 3813; x_wconf 76' lang='grc'>011110</span> <span class='ocrx_word' id='word_1_679' title='bbox 3943 3761 4134 3815; x_wconf 78' lang='lat' dir='ltr'><strong>mortis</strong></span> <span class='ocrx_word' id='word_1_680' title='bbox 4179 3776 4216 3813; x_wconf 90' lang='lat' dir='ltr'><strong>a</strong></span> <span class='ocrx_word' id='word_1_681' title='bbox 4320 3762 4332 3773; x_wconf 87' lang='grc'>·</span> <span class='ocrx_word' id='word_1_682' title='bbox 4411 3767 4511 3825; x_wconf 77' lang='lat' dir='ltr'><strong>nt,</strong></span> <span class='ocrx_word' id='word_1_683' title='bbox 4562 3774 4667 3815; x_wconf 73' lang='grc'>0110</span> 
     </span>
     <span class='ocr_line' id='line_1_100' title="bbox 2703 3827 4667 3898; baseline 0.003 -19"><span class='ocrx_word' id='word_1_684' title='bbox 2703 3833 2882 3880; x_wconf 75' lang='lat' dir='ltr'><strong>tamen</strong></span> <span class='ocrx_word' id='word_1_685' title='bbox 2917 3841 3010 3879; x_wconf 85' lang='lat' dir='ltr'><strong>ore</strong></span> <span class='ocrx_word' id='word_1_686' title='bbox 3042 3827 3365 3892; x_wconf 67' lang='lat' dir='ltr'><strong>profitentur</strong></span> <span class='ocrx_word' id='word_1_687' title='bbox 3408 3827 3677 3894; x_wconf 72' lang='lat' dir='ltr'><strong>supplicio</strong></span> <span class='ocrx_word' id='word_1_688' title='bbox 3721 3828 3974 3895; x_wconf 77' lang='lat' dir='ltr'><strong>affectum</strong></span> <span class='ocrx_word' id='word_1_689' title='bbox 4021 3830 4155 3898; x_wconf 70' lang='lat' dir='ltr'><strong>quia</strong></span> <span class='ocrx_word' id='word_1_690' title='bbox 4188 3830 4270 3883; x_wconf 77' lang='lat' dir='ltr'><strong>al*</strong></span> <span class='ocrx_word' id='word_1_691' title='bbox 4384 3832 4398 3842; x_wconf 86' lang='lat'><strong>‘</strong></span> <span class='ocrx_word' id='word_1_692' title='bbox 4433 3835 4667 3884; x_wconf 73' lang='lat' dir='ltr'><strong>annota-</strong></span> 
     </span>
     <span class='ocr_line' id='line_1_101' title="bbox 2701 3894 4664 3964; baseline 0.001 -15"><span class='ocrx_word' id='word_1_693' title='bbox 2701 3895 2841 3949; x_wconf 74' lang='lat' dir='ltr'><strong>verit</strong></span> <span class='ocrx_word' id='word_1_694' title='bbox 2876 3895 2972 3947; x_wconf 88' lang='lat' dir='ltr'><strong>dat</strong></span> <span class='ocrx_word' id='word_1_695' title='bbox 3006 3894 3076 3946; x_wconf 88' lang='lat' dir='ltr'><strong>de</strong></span> <span class='ocrx_word' id='word_1_696' title='bbox 3110 3894 3364 3964; x_wconf 86' lang='lat' dir='ltr'><strong>saligheit</strong></span> <span class='ocrx_word' id='word_1_697' title='bbox 3386 3895 3485 3949; x_wconf 88' lang='lat' dir='ltr'><strong>der</strong></span> <span class='ocrx_word' id='word_1_698' title='bbox 3508 3896 3799 3948; x_wconf 87' lang='lat' dir='ltr'><strong>menschen</strong></span> <span class='ocrx_word' id='word_1_699' title='bbox 3833 3898 4010 3951; x_wconf 83' lang='lat' dir='ltr'><strong>alleen</strong></span> <span class='ocrx_word' id='word_1_700' title='bbox 4045 3899 4200 3956; x_wconf 85' lang='lat' dir='ltr'><strong>komt</strong></span> <span class='ocrx_word' id='word_1_701' title='bbox 4233 3898 4373 3952; x_wconf 88' lang='lat' dir='ltr'><strong>door</strong></span> <span class='ocrx_word' id='word_1_702' title='bbox 4393 3898 4664 3952; x_wconf 74' lang='lat' dir='ltr'><strong>Christus-</strong></span> 
     </span>
     <span class='ocr_line' id='line_1_102' title="bbox 2718 3962 3818 4031; baseline -0.003 -12"><span class='ocrx_word' id='word_1_703' title='bbox 2718 3963 2920 4031; x_wconf 71' lang='lat' dir='ltr'><strong>Viqaia</strong></span> <span class='ocrx_word' id='word_1_704' title='bbox 2954 3962 3212 4016; x_wconf 76' lang='lat' dir='ltr'><strong>Andreae</strong></span> <span class='ocrx_word' id='word_1_705' title='bbox 3242 3971 3324 4018; x_wconf 84' lang='lat' dir='ltr'><strong>est</strong></span> <span class='ocrx_word' id='word_1_706' title='bbox 3353 3963 3436 4016; x_wconf 82' lang='lat'><strong>29.</strong></span> <span class='ocrx_word' id='word_1_707' title='bbox 3475 3962 3818 4020; x_wconf 82' lang='lat' dir='ltr'><strong>Novembris.</strong></span> 
     </span>
    </p>

    <p class='ocr_par' dir='ltr' id='par_1_22' title="bbox 2703 4029 4669 4307">
     <span class='ocr_line' id='line_1_103' title="bbox 2881 4029 4667 4105; baseline 0.003 -23"><span class='ocrx_word' id='word_1_708' title='bbox 2881 4029 2972 4093; x_wconf 92' lang='grc'><strong>11)</strong></span> <span class='ocrx_word' id='word_1_709' title='bbox 3019 4030 3177 4085; x_wconf 83' lang='lat' dir='ltr'><strong>Tales</strong></span> <span class='ocrx_word' id='word_1_710' title='bbox 3211 4033 3435 4087; x_wconf 63' lang='grc'>01116011·</span> <span class='ocrx_word' id='word_1_711' title='bbox 3450 4036 3670 4102; x_wconf 77' lang='lat' dir='ltr'><strong>saepias</strong></span> <span class='ocrx_word' id='word_1_712' title='bbox 3703 4049 3740 4086; x_wconf 91' lang='lat' dir='ltr'><strong>a</strong></span> <span class='ocrx_word' id='word_1_713' title='bbox 3761 4031 4074 4088; x_wconf 76' lang='lat' dir='ltr'><strong>Serbonieis</strong></span> <span class='ocrx_word' id='word_1_714' title='bbox 4099 4036 4471 4105; x_wconf 69' lang='lat' dir='ltr'><strong>promulqati,</strong></span> <span class='ocrx_word' id='word_1_715' title='bbox 4508 4037 4667 4090; x_wconf 68' lang='lat' dir='ltr'><strong>etiam</strong></span> 
     </span>
     <span class='ocr_line' id='line_1_104' title="bbox 2703 4100 4667 4171; baseline 0.001 -16"><span class='ocrx_word' id='word_1_716' title='bbox 2703 4106 2896 4155; x_wconf 80' lang='lat' dir='ltr'><strong>contra</strong></span> <span class='ocrx_word' id='word_1_717' title='bbox 2937 4100 3237 4154; x_wconf 76' lang='lat' dir='ltr'><strong>Calvinum.</strong></span> <span class='ocrx_word' id='word_1_718' title='bbox 3297 4101 3517 4160; x_wconf 71' lang='lat' dir='ltr'><strong>,Beatus</strong></span> <span class='ocrx_word' id='word_1_719' title='bbox 3556 4101 3890 4168; x_wconf 75' lang='lat' dir='ltr'><strong>Rhenanus,</strong></span> <span class='ocrx_word' id='word_1_720' title='bbox 3940 4101 4178 4171; x_wconf 76' lang='lat' dir='ltr'><strong>Operum</strong></span> <span class='ocrx_word' id='word_1_721' title='bbox 4215 4103 4462 4159; x_wconf 73' lang='lat' dir='ltr'><strong>Erasmi</strong></span> <span class='ocrx_word' id='word_1_722' title='bbox 4495 4104 4667 4159; x_wconf 72' lang='lat' dir='ltr'><strong>editor</strong></span> 
     </span>
     <span class='ocr_line' id='line_1_105' title="bbox 2704 4166 4669 4237; baseline 0.002 -14"><span class='ocrx_word' id='word_1_723' title='bbox 2704 4170 2838 4223; x_wconf 73' lang='lat' dir='ltr'><strong>obiit</strong></span> <span class='ocrx_word' id='word_1_724' title='bbox 2872 4185 2924 4221; x_wconf 88' lang='lat' dir='ltr'><strong>a.</strong></span> <span class='ocrx_word' id='word_1_725' title='bbox 2962 4166 3114 4226; x_wconf 81' lang='lat'><strong>1547.</strong></span> <span class='ocrx_word' id='word_1_726' title='bbox 3203 4168 3349 4223; x_wconf 76' lang='lat' dir='ltr'><strong>Eius</strong></span> <span class='ocrx_word' id='word_1_727' title='bbox 3389 4171 3558 4224; x_wconf 78' lang='lat' dir='ltr'><strong>vitam</strong></span> <span class='ocrx_word' id='word_1_728' title='bbox 3599 4171 3860 4237; x_wconf 67' lang='lat' dir='ltr'><strong>praefixit</strong></span> <span class='ocrx_word' id='word_1_729' title='bbox 3907 4170 3989 4224; x_wconf 88' lang='lat' dir='ltr'><strong>Io.</strong></span> <span class='ocrx_word' id='word_1_730' title='bbox 4029 4170 4308 4227; x_wconf 66' lang='lat' dir='ltr'><strong>sturmius</strong></span> <span class='ocrx_word' id='word_1_731' title='bbox 4350 4185 4385 4225; x_wconf 89' lang='grc' dir='ltr'><em>ο</em></span> <span class='ocrx_word' id='word_1_732' title='bbox 4513 4175 4528 4188; x_wconf 89' lang='grc'>·</span> <span class='ocrx_word' id='word_1_733' title='bbox 4557 4177 4669 4228; x_wconf 69' lang='lat' dir='ltr'><strong>ean</strong></span> 
     </span>
     <span class='ocr_line' id='line_1_106' title="bbox 2703 4238 4549 4307; baseline 0.002 -15"><span class='ocrx_word' id='word_1_734' title='bbox 2703 4238 3065 4292; x_wconf 78' lang='lat' dir='ltr'><strong>celeberrimo.-</strong></span> <span class='ocrx_word' id='word_1_735' title='bbox 3100 4239 3303 4292; x_wconf 84' lang='lat' dir='ltr'><strong>Rerum</strong></span> <span class='ocrx_word' id='word_1_736' title='bbox 3339 4239 3771 4307; x_wconf 80' lang='lat' dir='ltr'><strong>germanicarum</strong></span> <span class='ocrx_word' id='word_1_737' title='bbox 3805 4240 3859 4292; x_wconf 91' lang='lat' dir='ltr'><strong>ll.</strong></span> <span class='ocrx_word' id='word_1_738' title='bbox 3896 4245 4027 4293; x_wconf 79' lang='lat' dir='ltr'><strong>tres.</strong></span> <span class='ocrx_word' id='word_1_739' title='bbox 4098 4241 4224 4294; x_wconf 84' lang='lat' dir='ltr'><strong>Bas.</strong></span> <span class='ocrx_word' id='word_1_740' title='bbox 4263 4240 4367 4296; x_wconf 76' lang='lat'><strong>155</strong></span> <span class='ocrx_word' id='word_1_741' title='bbox 4446 4243 4549 4296; x_wconf 79' lang='lat' dir='ltr'><strong>fol.</strong></span> 
     </span>
    </p>

    <p class='ocr_par' dir='ltr' id='par_1_23' title="bbox 2699 4304 4669 4583">
     <span class='ocr_line' id='line_1_107' title="bbox 2876 4304 4669 4377; baseline 0.004 -20"><span class='ocrx_word' id='word_1_742' title='bbox 2876 4304 2969 4371; x_wconf 88' lang='grc'><strong>12)</strong></span> <span class='ocrx_word' id='word_1_743' title='bbox 3013 4308 3286 4364; x_wconf 77' lang='lat' dir='ltr'><strong>Henricus</strong></span> <span class='ocrx_word' id='word_1_744' title='bbox 3339 4307 3455 4361; x_wconf 75' lang='lat' dir='ltr'><strong>dua:</strong></span> <span class='ocrx_word' id='word_1_745' title='bbox 3498 4324 3535 4360; x_wconf 91' lang='lat' dir='ltr'><strong>a</strong></span> <span class='ocrx_word' id='word_1_746' title='bbox 3586 4306 3945 4377; x_wconf 61' lang='lat' dir='ltr'><strong>Lanafflavio</strong></span> <span class='ocrx_word' id='word_1_747' title='bbox 3993 4308 4236 4364; x_wconf 77' lang='lat' dir='ltr'><strong>Hassiae</strong></span> <span class='ocrx_word' id='word_1_748' title='bbox 4276 4317 4330 4365; x_wconf 76' lang='lat' dir='ltr'><strong>et</strong></span> <span class='ocrx_word' id='word_1_749' title='bbox 4379 4310 4669 4366; x_wconf 71' lang='lat' dir='ltr'><strong>Mam-itio</strong></span> 
     </span>
     <span class='ocr_line' id='line_1_108' title="bbox 2705 4377 4669 4444; baseline 0.003 -16"><span class='ocrx_word' id='word_1_750' title='bbox 2705 4380 2995 4442; x_wconf 72' lang='lat' dir='ltr'><strong>superatas</strong></span> <span class='ocrx_word' id='word_1_751' title='bbox 3028 4380 3080 4428; x_wconf 74' lang='lat' dir='ltr'><strong>et</strong></span> <span class='ocrx_word' id='word_1_752' title='bbox 3112 4390 3406 4444; x_wconf 77' lang='lat' dir='ltr'><strong>oppressas</strong></span> <span class='ocrx_word' id='word_1_753' title='bbox 3451 4381 3504 4429; x_wconf 81' lang='lat' dir='ltr'><strong>et</strong></span> <span class='ocrx_word' id='word_1_754' title='bbox 3548 4377 3663 4428; x_wconf 78' lang='lat' dir='ltr'><strong>suis</strong></span> <span class='ocrx_word' id='word_1_755' title='bbox 3695 4377 3721 4430; x_wconf 78' lang='grc'><strong>1·</strong></span> <span class='ocrx_word' id='word_1_756' title='bbox 3757 4378 3875 4429; x_wconf 79' lang='lat' dir='ltr'><strong>sius</strong></span> <span class='ocrx_word' id='word_1_757' title='bbox 3919 4377 4183 4432; x_wconf 63' lang='lat' dir='ltr'><strong>tuditibus</strong></span> <span class='ocrx_word' id='word_1_758' title='bbox 4226 4380 4293 4434; x_wconf 89' lang='lat' dir='ltr'><strong>ob</strong></span> <span class='ocrx_word' id='word_1_759' title='bbox 4341 4378 4546 4435; x_wconf 76' lang='lat' dir='ltr'><strong>debita</strong></span> <span class='ocrx_word' id='word_1_760' title='bbox 4577 4378 4669 4433; x_wconf 72' lang='lat' dir='ltr'><strong>sti·</strong></span> 
     </span>
     <span class='ocr_line' id='line_1_109' title="bbox 2699 4441 4669 4513; baseline 0.003 -15"><span class='ocrx_word' id='word_1_761' title='bbox 2699 4443 2905 4512; x_wconf 72' lang='lat' dir='ltr'><strong>pendia</strong></span> <span class='ocrx_word' id='word_1_762' title='bbox 2938 4441 3273 4499; x_wconf 75' lang='lat' dir='ltr'><strong>rebellionem</strong></span> <span class='ocrx_word' id='word_1_763' title='bbox 3313 4445 3653 4498; x_wconf 73' lang='lat' dir='ltr'><strong>minantibus</strong></span> <span class='ocrx_word' id='word_1_764' title='bbox 3734 4444 3982 4513; x_wconf 68' lang='lat' dir='ltr'><strong>iffidens,</strong></span> <span class='ocrx_word' id='word_1_765' title='bbox 4030 4461 4088 4500; x_wconf 87' lang='lat' dir='ltr'><strong>se</strong></span> <span class='ocrx_word' id='word_1_766' title='bbox 4130 4462 4251 4500; x_wconf 76' lang='grc'>60111</span> <span class='ocrx_word' id='word_1_767' title='bbox 4291 4448 4415 4512; x_wconf 74' lang='lat' dir='ltr'><strong>filio</strong></span> <span class='ocrx_word' id='word_1_768' title='bbox 4472 4448 4669 4503; x_wconf 83' lang='lat' dir='ltr'><strong>Garolo</strong></span> 
     </span>
     <span class='ocr_line' id='line_1_110' title="bbox 2699 4510 4089 4583; baseline 0.001 -17"><span class='ocrx_word' id='word_1_769' title='bbox 2699 4513 2897 4566; x_wconf 74' lang='lat' dir='ltr'><strong>victori</strong></span> <span class='ocrx_word' id='word_1_770' title='bbox 2934 4510 3150 4565; x_wconf 75' lang='lat' dir='ltr'><strong>Saaeom&#39;</strong></span> <span class='ocrx_word' id='word_1_771' title='bbox 3180 4512 3401 4568; x_wconf 76' lang='lat' dir='ltr'><strong>dedidit.</strong></span> <span class='ocrx_word' id='word_1_772' title='bbox 3478 4510 3718 4567; x_wconf 75' lang='lat' dir='ltr'><strong>Sleiclan.</strong></span> <span class='ocrx_word' id='word_1_773' title='bbox 3749 4530 3807 4582; x_wconf 83' lang='lat' dir='ltr'><strong>p.</strong></span> <span class='ocrx_word' id='word_1_774' title='bbox 3840 4511 3949 4567; x_wconf 85' lang='lat'><strong>400</strong></span> <span class='ocrx_word' id='word_1_775' title='bbox 3982 4529 4089 4583; x_wconf 77' lang='lat' dir='ltr'><strong>seq.</strong></span> 
     </span>
    </p>

    <p class='ocr_par' dir='ltr' id='par_1_24' title="bbox 2873 4578 4668 4651">
     <span class='ocr_line' id='line_1_111' title="bbox 2873 4578 4668 4651; baseline 0.004 -19"><span class='ocrx_word' id='word_1_776' title='bbox 2873 4578 2967 4645; x_wconf 83' lang='lat'><strong>13)</strong></span> <span class='ocrx_word' id='word_1_777' title='bbox 3010 4579 3097 4634; x_wconf 88' lang='lat' dir='ltr'><strong>De</strong></span> <span class='ocrx_word' id='word_1_778' title='bbox 3132 4581 3505 4636; x_wconf 66' lang='lat' dir='ltr'><strong>Bernerzstbas</strong></span> <span class='ocrx_word' id='word_1_779' title='bbox 3528 4581 3777 4636; x_wconf 76' lang='lat' dir='ltr'><strong>Genevae</strong></span> <span class='ocrx_word' id='word_1_780' title='bbox 3808 4583 4079 4638; x_wconf 64' lang='lat' dir='ltr'><strong>amelium</strong></span> <span class='ocrx_word' id='word_1_781' title='bbox 4112 4584 4481 4651; x_wconf 70' lang='lat' dir='ltr'><strong>offerenitbus</strong></span> <span class='ocrx_word' id='word_1_782' title='bbox 4517 4602 4572 4641; x_wconf 79' lang='lat' dir='ltr'><strong>v.</strong></span> <span class='ocrx_word' id='word_1_783' title='bbox 4594 4583 4668 4639; x_wconf 74' lang='lat' dir='ltr'><strong>N.</strong></span> 
     </span>
    </p>
   </div>
   <div class='ocr_carea' id='block_1_13' title="bbox 2697 4647 4673 5411">
    <p class='ocr_par' dir='ltr' id='par_1_25' title="bbox 2701 4647 3668 4716">
     <span class='ocr_line' id='line_1_112' title="bbox 2701 4647 3668 4716; baseline 0.004 -15"><span class='ocrx_word' id='word_1_784' title='bbox 2701 4647 2819 4716; x_wconf 81' lang='grc'>750,</span> <span class='ocrx_word' id='word_1_785' title='bbox 2851 4655 2963 4703; x_wconf 74' lang='lat' dir='ltr'><strong>not.</strong></span> <span class='ocrx_word' id='word_1_786' title='bbox 3000 4647 3068 4701; x_wconf 85' lang='lat'><strong>12</strong></span> <span class='ocrx_word' id='word_1_787' title='bbox 3102 4656 3153 4702; x_wconf 80' lang='lat' dir='ltr'><strong>et</strong></span> <span class='ocrx_word' id='word_1_788' title='bbox 3190 4649 3411 4705; x_wconf 75' lang='lat' dir='ltr'><strong>Racbat</strong></span> <span class='ocrx_word' id='word_1_789' title='bbox 3443 4649 3512 4703; x_wconf 88' lang='lat' dir='ltr'><strong>V.</strong></span> <span class='ocrx_word' id='word_1_790' title='bbox 3548 4649 3668 4705; x_wconf 83' lang='lat'><strong>305.</strong></span> 
     </span>
    </p>

    <p class='ocr_par' dir='ltr' id='par_1_26' title="bbox 2697 4716 4673 5129">
     <span class='ocr_line' id='line_1_113' title="bbox 2878 4716 4672 4790; baseline 0.004 -22"><span class='ocrx_word' id='word_1_791' title='bbox 2878 4716 2964 4782; x_wconf 82' lang='lat'><strong>14)</strong></span> <span class='ocrx_word' id='word_1_792' title='bbox 3003 4717 3205 4771; x_wconf 78' lang='lat' dir='ltr'><strong>Petrus</strong></span> <span class='ocrx_word' id='word_1_793' title='bbox 3254 4718 3572 4772; x_wconf 72' lang='lat' dir='ltr'><strong>Alea-ander</strong></span> <span class='ocrx_word' id='word_1_794' title='bbox 3584 4759 3601 4787; x_wconf 95' lang='lat'><strong>,</strong></span> <span class='ocrx_word' id='word_1_795' title='bbox 3654 4720 3771 4773; x_wconf 75' lang='lat' dir='ltr'><strong>nisi</strong></span> <span class='ocrx_word' id='word_1_796' title='bbox 3845 4719 4081 4786; x_wconf 75' lang='lat' dir='ltr'><strong>allimur,</strong></span> <span class='ocrx_word' id='word_1_797' title='bbox 4141 4719 4449 4777; x_wconf 74' lang='lat' dir='ltr'><strong>Carmelita</strong></span> <span class='ocrx_word' id='word_1_798' title='bbox 4517 4721 4672 4790; x_wconf 70' lang='lat' dir='ltr'><strong>apud</strong></span> 
     </span>
     <span class='ocr_line' id='line_1_114' title="bbox 2700 4785 4673 4857; baseline 0.004 -20"><span class='ocrx_word' id='word_1_799' title='bbox 2700 4785 2988 4840; x_wconf 71' lang='lat' dir='ltr'><strong>Atrebates</strong></span> <span class='ocrx_word' id='word_1_800' title='bbox 3018 4787 3219 4852; x_wconf 74' lang='lat' dir='ltr'><strong>fuerat,</strong></span> <span class='ocrx_word' id='word_1_801' title='bbox 3259 4792 3453 4855; x_wconf 77' lang='lat' dir='ltr'><strong>postea</strong></span> <span class='ocrx_word' id='word_1_802' title='bbox 3492 4788 3716 4841; x_wconf 76' lang='lat' dir='ltr'><strong>Mariae</strong></span> <span class='ocrx_word' id='word_1_803' title='bbox 3810 4789 4081 4856; x_wconf 74' lang='lat' dir='ltr'><strong>anqart&#39;ae</strong></span> <span class='ocrx_word' id='word_1_804' title='bbox 4114 4791 4350 4857; x_wconf 63' lang='lat' dir='ltr'><strong>reginae,</strong></span> <span class='ocrx_word' id='word_1_805' title='bbox 4397 4788 4673 4845; x_wconf 72' lang='lat' dir='ltr'><strong>Caesaris</strong></span> 
     </span>
     <span class='ocr_line' id='line_1_115' title="bbox 2700 4855 4671 4927; baseline 0.003 -20"><span class='ocrx_word' id='word_1_806' title='bbox 2700 4857 2935 4921; x_wconf 85' lang='lat' dir='ltr'><strong>sororis,</strong></span> <span class='ocrx_word' id='word_1_807' title='bbox 2991 4856 3359 4922; x_wconf 73' lang='lat' dir='ltr'><strong>cappellanus.</strong></span> <span class='ocrx_word' id='word_1_808' title='bbox 3443 4855 3582 4910; x_wconf 79' lang='lat' dir='ltr'><strong>Post</strong></span> <span class='ocrx_word' id='word_1_809' title='bbox 3629 4856 3962 4911; x_wconf 67' lang='lat' dir='ltr'><strong>Gau-nerium</strong></span> <span class='ocrx_word' id='word_1_810' title='bbox 4005 4863 4057 4911; x_wconf 76' lang='lat' dir='ltr'><strong>et</strong></span> <span class='ocrx_word' id='word_1_811' title='bbox 4102 4856 4433 4927; x_wconf 66' lang='lat' dir='ltr'><strong>Boqm‘num</strong></span> <span class='ocrx_word' id='word_1_812' title='bbox 4485 4864 4671 4915; x_wconf 66' lang='lat' dir='ltr'><strong>eoem</strong></span> 
     </span>
     <span class='ocr_line' id='line_1_116' title="bbox 2705 4922 4671 4995; baseline 0.003 -18"><span class='ocrx_word' id='word_1_813' title='bbox 2705 4922 2912 4977; x_wconf 75' lang='lat' dir='ltr'><strong>Gallici</strong></span> <span class='ocrx_word' id='word_1_814' title='bbox 2960 4922 3441 4990; x_wconf 72' lang='lat' dir='ltr'><strong>Arqentoratensis</strong></span> <span class='ocrx_word' id='word_1_815' title='bbox 3504 4926 3877 4991; x_wconf 75' lang='lat' dir='ltr'><strong>concionator,</strong></span> <span class='ocrx_word' id='word_1_816' title='bbox 3938 4931 4069 4980; x_wconf 78' lang='lat' dir='ltr'><strong>tunc</strong></span> <span class='ocrx_word' id='word_1_817' title='bbox 4118 4928 4381 4995; x_wconf 61' lang='lat' dir='ltr'><strong>nuperis</strong></span> <span class='ocrx_word' id='word_1_818' title='bbox 4439 4927 4671 4982; x_wconf 69' lang='lat' dir='ltr'><strong>Heidel-</strong></span> 
     </span>
     <span class='ocr_line' id='line_1_117' title="bbox 2697 4989 4667 5062; baseline 0.002 -15"><span class='ocrx_word' id='word_1_819' title='bbox 2697 4992 2894 5060; x_wconf 74' lang='lat' dir='ltr'><strong>beryae</strong></span> <span class='ocrx_word' id='word_1_820' title='bbox 2926 4989 2992 5044; x_wconf 83' lang='lat' dir='ltr'><strong>de</strong></span> <span class='ocrx_word' id='word_1_821' title='bbox 3027 4992 3163 5059; x_wconf 82' lang='lat' dir='ltr'><strong>ebat,</strong></span> <span class='ocrx_word' id='word_1_822' title='bbox 3215 4993 3363 5061; x_wconf 72' lang='lat' dir='ltr'><strong>quod</strong></span> <span class='ocrx_word' id='word_1_823' title='bbox 3395 4993 3630 5047; x_wconf 78' lang='lat' dir='ltr'><strong>nescisse</strong></span> <span class='ocrx_word' id='word_1_824' title='bbox 3679 4993 3936 5048; x_wconf 76' lang='lat' dir='ltr'><strong>videntur</strong></span> <span class='ocrx_word' id='word_1_825' title='bbox 3989 4992 4178 5049; x_wconf 73' lang='lat' dir='ltr'><strong>Seisen</strong></span> <span class='ocrx_word' id='word_1_826' title='bbox 4229 4994 4387 5062; x_wconf 70' lang='lat' dir='ltr'><strong>(Ber.</strong></span> <span class='ocrx_word' id='word_1_827' title='bbox 4444 4997 4517 5050; x_wconf 73' lang='lat' dir='ltr'><strong>in</strong></span> <span class='ocrx_word' id='word_1_828' title='bbox 4556 4995 4667 5062; x_wconf 70' lang='lat' dir='ltr'><strong>E),</strong></span> 
     </span>
     <span class='ocr_line' id='line_1_118' title="bbox 2698 5059 4672 5129; baseline 0.004 -16"><span class='ocrx_word' id='word_1_829' title='bbox 2698 5060 2891 5114; x_wconf 71' lang='lat' dir='ltr'><strong>Hauts</strong></span> <span class='ocrx_word' id='word_1_830' title='bbox 2923 5060 2948 5126; x_wconf 92' lang='lat'><strong>(</strong></span> <span class='ocrx_word' id='word_1_831' title='bbox 3009 5059 3144 5114; x_wconf 76' lang='lat' dir='ltr'><strong>esch.</strong></span> <span class='ocrx_word' id='word_1_832' title='bbox 3180 5060 3278 5114; x_wconf 80' lang='lat' dir='ltr'><strong>der</strong></span> <span class='ocrx_word' id='word_1_833' title='bbox 3323 5059 3480 5115; x_wconf 78' lang='lat' dir='ltr'><strong>Univ.</strong></span> <span class='ocrx_word' id='word_1_834' title='bbox 3514 5060 3619 5129; x_wconf 87' lang='lat' dir='ltr'><strong>H.)</strong></span> <span class='ocrx_word' id='word_1_835' title='bbox 3676 5061 3871 5117; x_wconf 68' lang='lat' dir='ltr'><strong>Sto-uve</strong></span> <span class='ocrx_word' id='word_1_836' title='bbox 3906 5062 4232 5129; x_wconf 62' lang='lat' dir='ltr'><strong>(psalenbche</strong></span> <span class='ocrx_word' id='word_1_837' title='bbox 4269 5063 4399 5129; x_wconf 71' lang='lat' dir='ltr'><strong>Res.</strong></span> <span class='ocrx_word' id='word_1_838' title='bbox 4446 5063 4672 5127; x_wconf 69' lang='lat' dir='ltr'><strong>Goeeb.)</strong></span> 
     </span>
    </p>

    <p class='ocr_par' dir='ltr' id='par_1_27' title="bbox 2697 5104 4673 5411">
     <span class='ocr_line' id='line_1_119' title="bbox 2969 5104 4673 5208; baseline 0.004 -26"><span class='ocrx_word' id='word_1_839' title='bbox 2969 5196 2980 5208; x_wconf 28' lang='grc' dir='ltr'>ι</span> <span class='ocrx_word' id='word_1_840' title='bbox 3104 5127 3329 5193; x_wconf 66' lang='lat' dir='ltr'><strong>(aeson.</strong></span> <span class='ocrx_word' id='word_1_841' title='bbox 3378 5131 3476 5184; x_wconf 77' lang='lat' dir='ltr'><strong>aer</strong></span> <span class='ocrx_word' id='word_1_842' title='bbox 3526 5104 3822 5186; x_wconf 56' lang='lat' dir='ltr'><strong>badam</strong></span> <span class='ocrx_word' id='word_1_843' title='bbox 3870 5129 4080 5186; x_wconf 69' lang='lat' dir='ltr'><strong>Kirche</strong></span> <span class='ocrx_word' id='word_1_844' title='bbox 4122 5131 4165 5185; x_wconf 88' lang='lat'><strong>1.</strong></span> <span class='ocrx_word' id='word_1_845' title='bbox 4183 5159 4186 5163; x_wconf 28' lang='grc' dir='ltr'><strong><em>ι</em></strong></span> <span class='ocrx_word' id='word_1_846' title='bbox 4205 5129 4312 5185; x_wconf 77' lang='grc'><strong>340</strong></span> <span class='ocrx_word' id='word_1_847' title='bbox 4469 5137 4482 5148; x_wconf 86' lang='grc'><em>·</em></span> <span class='ocrx_word' id='word_1_848' title='bbox 4532 5138 4673 5189; x_wconf 63' lang='lat' dir='ltr'><strong>m</strong></span> 
     </span>
     <span class='ocr_line' id='line_1_120' title="bbox 2697 5197 4670 5277; baseline 0.003 -26"><span class='ocrx_word' id='word_1_849' title='bbox 2697 5212 2892 5251; x_wconf 76' lang='lat' dir='ltr'><strong>nomen</strong></span> <span class='ocrx_word' id='word_1_850' title='bbox 2927 5211 3046 5277; x_wconf 72' lang='lat' dir='ltr'><strong>eous</strong></span> <span class='ocrx_word' id='word_1_851' title='bbox 3077 5197 3340 5265; x_wconf 68' lang='lat' dir='ltr'><strong>iynorat.)</strong></span> <span class='ocrx_word' id='word_1_852' title='bbox 3416 5197 3523 5252; x_wconf 81' lang='lat' dir='ltr'><strong>Sed</strong></span> <span class='ocrx_word' id='word_1_853' title='bbox 3563 5199 3689 5254; x_wconf 77' lang='lat' dir='ltr'><strong>vide</strong></span> <span class='ocrx_word' id='word_1_854' title='bbox 3724 5199 3842 5255; x_wconf 87' lang='grc'>106.</span> <span class='ocrx_word' id='word_1_855' title='bbox 3879 5198 4181 5255; x_wconf 63' lang='lat' dir='ltr'><strong>Stat-mium</strong></span> <span class='ocrx_word' id='word_1_856' title='bbox 4214 5200 4292 5256; x_wconf 81' lang='lat' dir='ltr'><strong>ad</strong></span> <span class='ocrx_word' id='word_1_857' title='bbox 4490 5204 4504 5214; x_wconf 85' lang='lat'>‘</span> <span class='ocrx_word' id='word_1_858' title='bbox 4532 5215 4670 5272; x_wconf 66' lang='lat' dir='ltr'><strong>pu-</strong></span> 
     </span>
     <span class='ocr_line' id='line_1_121' title="bbox 2697 5264 4672 5411; baseline 0.003 -23"><span class='ocrx_word' id='word_1_859' title='bbox 2697 5264 3533 5392; x_wconf 42' lang='lat' dir='ltr'><strong>ssgrvzcgrffiggsscsshagea</strong></span> <span class='ocrx_word' id='word_1_860' title='bbox 3571 5264 3714 5394; x_wconf 50' lang='grc' dir='ltr'><strong>ἓξὲξ</strong></span> <span class='ocrx_word' id='word_1_861' title='bbox 3725 5269 3975 5405; x_wconf 55' lang='lat' dir='ltr'><strong>mes.</strong></span> <span class='ocrx_word' id='word_1_862' title='bbox 4010 5338 4082 5393; x_wconf 92' lang='lat'><strong>11.</strong></span> <span class='ocrx_word' id='word_1_863' title='bbox 4118 5285 4251 5402; x_wconf 59' lang='grc' dir='ltr'><strong>6ξέ)</strong></span> <span class='ocrx_word' id='word_1_864' title='bbox 4265 5268 4401 5392; x_wconf 58' lang='grc' dir='ltr'>1(ἔ11</span> <span class='ocrx_word' id='word_1_865' title='bbox 4422 5311 4672 5411; x_wconf 61' lang='lat' dir='ltr'><strong>Heydel:</strong></span> 
     </span>
    </p>
   </div>
   <div class='ocr_carea' id='block_1_14' title="bbox 2696 5128 3060 5183">
    <p class='ocr_par' dir='ltr' id='par_1_28' title="bbox 2696 5128 3060 5183">
     <span class='ocr_line' id='line_1_122' title="bbox 2696 5128 3060 5183; baseline -0.003 -1"><span class='ocrx_word' id='word_1_866' title='bbox 2696 5134 2748 5183; x_wconf 75' lang='lat' dir='ltr'><strong>et</strong></span> <span class='ocrx_word' id='word_1_867' title='bbox 2807 5128 3060 5182; x_wconf 80' lang='lat' dir='ltr'><strong>Vierordt</strong></span> 
     </span>
    </p>
   </div>
   <div class='ocr_carea' id='block_1_15' title="bbox 4777 5 4809 1662">
    <p class='ocr_par' dir='ltr' id='par_1_29' title="bbox 4777 5 4809 1662">
     <span class='ocr_line' id='line_1_123' title="bbox 4777 5 4809 1662; baseline 0 0"><span class='ocrx_word' id='word_1_868' title='bbox 4777 5 4809 1662; x_wconf 95' lang='lat' dir='ltr'><strong> </strong></span> 
     </span>
    </p>
   </div>
   <div class='ocr_carea' id='block_1_16' title="bbox 4776 1789 4796 2770">
    <p class='ocr_par' dir='ltr' id='par_1_30' title="bbox 4776 1789 4796 2770">
     <span class='ocr_line' id='line_1_124' title="bbox 4776 1789 4796 2770; baseline 0 0"><span class='ocrx_word' id='word_1_869' title='bbox 4776 1789 4796 2770; x_wconf 95' lang='lat' dir='ltr'><strong> </strong></span> 
     </span>
    </p>
   </div>
   <div class='ocr_carea' id='block_1_17' title="bbox 4752 2624 4791 3104">
    <p class='ocr_par' dir='ltr' id='par_1_31' title="bbox 4752 2624 4791 3104">
     <span class='ocr_line' id='line_1_125' title="bbox 4752 2624 4791 3104; baseline 0 0"><span class='ocrx_word' id='word_1_870' title='bbox 4752 2624 4791 3104; x_wconf 67' lang='grc'><strong>1</strong></span> 
     </span>
    </p>
   </div>
   <div class='ocr_carea' id='block_1_18' title="bbox 4795 4323 4806 5822">
    <p class='ocr_par' dir='ltr' id='par_1_32' title="bbox 4795 4323 4806 5822">
     <span class='ocr_line' id='line_1_126' title="bbox 4795 4323 4806 5822; baseline 0 0"><span class='ocrx_word' id='word_1_871' title='bbox 4795 4323 4806 5822; x_wconf 95' lang='lat' dir='ltr'><strong> </strong></span> 
     </span>
    </p>
   </div>
  </div>
 </body>
</html>
