4825 6175
636 407 758 472 515

622 592 901 684 cynicus
954 590 1188 674 aliquis
1229 590 1536 658 rideatur.
1555 593 1613 670 ⁸)
1699 591 1928 676 Neque
1970 593 2132 666 haec
2167 593 2308 666 dico
2348 603 2426 661 ut
2464 596 2583 661 ho-

631 678 877 746 minem
920 697 1205 756 moneas,
1253 679 1407 761 quia
1467 700 1598 743 non
1643 676 1869 744 dubito
1914 681 2069 763 quin
2114 680 2247 747 iam
2292 681 2583 747 remedia

629 764 857 829 omnia
895 763 1286 842 tentaveris,
1339 772 1405 829 et
1453 764 1566 829 vix
1617 765 1687 827 in
1731 772 1916 829 tanta
1955 765 2209 850 ingenii
2251 768 2583 849 protervia

630 849 826 916 utiles
867 848 1006 914 fore
1048 846 1525 916 admonit-iones
1560 870 1765 933 spero.
1834 849 2045 933 Oupio
2089 873 2248 917 sane
2293 851 2375 917 ad
2409 852 2582 937 pris-

629 934 843 1002 tinam
887 944 1174 1000 mentem
1209 934 1566 1001 reductum.
1634 934 1770 1001 Sed
1805 944 2115 1020 expertus
2150 957 2299 1002 sum
2339 938 2409 1003 in
2447 957 2582 1003 una

629 1020 926 1103 epistola,
970 1019 1167 1086 surdo
1211 1021 1357 1086 cani
1400 1019 1704 1099 fabulam,
1750 1021 1806 1086 si
1840 1022 1986 1103 quis
2020 1022 2118 1087 illi
2151 1044 2389 1089 sanum
2424 1043 2578 1088 con-

629 1105 852 1171 silium
892 1115 1222 1190 suggerat.
1311 1107 1455 1189 Ego
1513 1106 1764 1189 placide
1818 1128 2203 1191 summaque
2255 1107 2580 1174 modestia

630 1211 782 1256 eum
824 1191 1390 1274 reprehenderam.
1409 1192 1466 1276 ⁴)
1567 1191 1674 1257 Ita
1714 1194 2052 1276 rescripsit
2069 1195 2128 1273 ⁶)
2186 1214 2261 1259 ac
2315 1195 2374 1260 si
2428 1194 2578 1277 plus

629 1296 827 1359 quam
870 1277 1175 1341 atrociter
1231 1298 1269 1341 a
1326 1298 1432 1343 me
1473 1277 1694 1343 laesus
1735 1287 1924 1345 esset.
2012 1279 2095 1343 In
2134 1300 2212 1345 eo
2253 1279 2575 1363 intempe-

627 1363 789 1427 riem
855 1382 1041 1428 suam
1100 1383 1176 1429 ac
1245 1362 1416 1428 male
1475 1364 1905 1445 compositum
1964 1368 2204 1430 mentis
2257 1366 2575 1448 impetum

623 1444 928 1531 prodidit,
972 1445 1146 1530 quod
1186 1446 1372 1514 facile
1412 1449 1695 1532 ignosco.
1796 1447 1933 1514 Sed
1985 1451 2153 1532 quod
2213 1472 2342 1516 non
2389 1449 2574 1516 dubi-

624 1534 824 1607 tavit,
882 1543 1198 1616 quantum
1258 1532 1480 1611 audio,
1550 1533 1722 1614 apud
1778 1534 2213 1601 clarissimum
2272 1544 2572 1601 senatum

623 1627 924 1684 vestrum
967 1619 1250 1703 gloriari,
1297 1639 1474 1684 meas
1515 1619 1740 1684 literas
1784 1623 2178 1703 patrocinari
2221 1643 2376 1687 suae
2420 1619 2572 1688 cau-

625 1725 768 1783 sae,
827 1725 906 1769 ea
959 1724 1117 1770 vero
1187 1705 1454 1769 minime
1510 1704 1781 1770 ferenda
1833 1715 1935 1771 est
1988 1707 2390 1790 improbitas.
2481 1708 2571 1772 Et

571 1812 576 1817 ’
624 1797 846 1854 tamen
881 1790 992 1854 ubi
1027 1790 1250 1854 omnia
1285 1790 1589 1869 effutivit,
1635 1789 1790 1873 quid
1825 1791 2072 1858 iudices
2116 1793 2403 1857 retardet
2438 1816 2570 1858 non

627 1874 831 1940 video.
920 1876 1147 1940 'I'estes
1191 1874 1505 1958 producit.
1577 1877 1777 1959 Atqui
1823 1899 2030 1960 nuper
2076 1877 2328 1943 Farcllo
2374 1880 2574 1963 scrip-

622 1961 727 2038 sit,
774 1981 916 2026 rem
958 1981 1176 2026 coram
1225 1962 1363 2026 Deo
1418 1971 1629 2026 actam
1688 1982 1866 2039 esse,
1926 1964 2170 2045 absque
2231 1963 2572 2029 hominum

621 2046 1010 2111 testimonio.
1079 2046 1226 2110 Lon
1339 2067 1667 2130 nugarum
1711 2048 2039 2130 farragine
2061 2070 2321 2115 causam
2357 2050 2569 2114 invol-

620 2131 736 2197 vit.
829 2129 1158 2210 Quorsum
1201 2066 1315 2208 ig?
1335 2132 1464 2196 nisi
1510 2141 1583 2196 ut
1615 2132 1939 2199 iudicibus
1984 2134 2207 2199 oculos
2254 2135 2569 2217 perstrin-

623 2216 777 2301 gat?
843 2216 954 2281 Illi
988 2238 1144 2281 vero
1187 2217 1464 2281 nimium
1509 2225 1666 2281 sunt
1701 2219 2039 2300 patientes,
2086 2221 2193 2302 qui
2231 2221 2570 2301 patiuntur

621 2304 715 2366 ita
759 2300 881 2367 sibi
925 2301 1130 2366 illudi.
1220 2300 1357 2368 Sed
1412 2302 1606 2367 officii
1668 2305 1767 2368 tui
1822 2325 1963 2368 esse
2008 2304 2329 2384 existimo,
2387 2307 2567 2389 puel-

619 2387 772 2465 lam,
819 2408 1010 2469 quam
1057 2387 1276 2470 inique
1321 2389 1549 2452 vexari
1592 2387 1794 2465 videS,
1841 2399 1952 2453 tuo
1997 2391 2308 2474 suffragio
2350 2392 2565 2457 suble-

614 2493 802 2550 vare,
860 2482 926 2536 et
967 2473 1165 2538 simul
1209 2494 1435 2538 curare
1490 2481 1564 2537 ut
1607 2472 1894 2538 hominis
1941 2496 2169 2557 parum
2215 2476 2565 2542 verecundi

612 2558 963 2623 insolentia
1021 2565 1414 2624 coerceatur.
1505 2557 1836 2638 Quoniam
1896 2582 2052 2624 vero
2108 2581 2255 2625 mea
2311 2583 2564 2646 quoque

612 2643 924 2726 privatim
970 2643 1243 2708 interest
1283 2644 1425 2708 eius
1469 2645 1881 2722 calumniam,
1929 2667 2126 2728 quam
2169 2648 2333 2712 mihi
2376 2648 2561 2713 inus-

614 2730 719 2805 sit,
768 2728 957 2806 dilui,
1017 2739 1168 2810 peto
1214 2729 1329 2793 abs
1389 2738 1455 2791 te
1500 2739 1570 2792 ut
1613 2729 1936 2796 iudicibus
1981 2745 2048 2796 et
2092 2735 2346 2797 senatui
2390 2733 2563 2798 indi-

614 2834 762 2881 care
806 2814 1004 2892 velis,
1064 2833 1316 2878 merum
1363 2834 1504 2878 esse
1557 2814 1966 2881 mendacium
2012 2815 2185 2900 quod
2228 2817 2309 2882 de
2353 2819 2562 2887 literis

614 2900 778 2964 meis
831 2899 1048 2968 iactat.
1137 2900 1283 2982 Ego
1343 2899 1518 2963 enim
1571 2907 1711 2965 tam
1767 2901 1980 2966 levem
2040 2903 2399 2969 existimari
2456 2925 2563 2969 me

614 2984 792 3061 nolo,
850 2984 1022 3067 quod
1072 2986 1390 3067 pessimae
1449 3005 1685 3051 causae
1740 2994 1809 3051 et
1864 2987 2204 3053 illiberalis
2246 2999 2563 3071 patronus

615 3069 997 3136 exstiterim.
1064 3070 1350 3135 Literas
1410 3070 1491 3135 ab
1546 3093 1620 3136 eo
1666 3082 2014 3155 quaternas
2056 3076 2269 3158 recepi
2314 3073 2396 3140 de
2436 3075 2560 3143 hoc

611 3156 875 3240 negotio
943 3156 1430 3222 conviciatrices
1505 3164 1573 3221 et
1634 3157 1917 3224 turbidis
1982 3159 2561 3228 exclamationibus

611 3242 859 3323 plenas.
950 3242 1013 3306 Α
1062 3262 1168 3306 1116
1210 3262 1343 3306 11611
1387 3242 1513 3307 nisi
1557 3264 1723 3308 unas
1767 3244 1982 3322 habet,
2031 3245 2265 3328 quibus
2310 3245 2560 3312 factum

614 3328 756 3392 eius
799 3325 1087 3392 modeste
1132 3326 1496 3392 damnatur.
1584 3327 2020 3411 Impudenter
2052 3352 2207 3415 ergo
2248 3332 2403 3398 facit
2449 3335 2558 3416 qui

613 3433 700 3477 ex
742 3412 1005 3476 nomine
1050 3433 1192 3476 meo
1237 3414 1493 3495 quaerit
1534 3422 1967 3496 praetextum.
2057 3413 2132 3481 Si
2179 3415 2334 3499 quid
2381 3418 2560 3483 aliud

612 3505 1020 3580 compertum
1097 3498 1326 3575 fuerit,
1403 3497 1747 3563 infamiam
1816 3501 2036 3565 subire
2114 3522 2247 3566 non
2313 3523 2559 3569 recuso.

611 3583 751 3648 Nec
795 3603 951 3647 vero
991 3583 1344 3647 ambitione
1401 3584 1614 3649 facere
1669 3606 1774 3649 me
1832 3594 2021 3667 putes
2075 3586 2246 3669 quod
2291 3587 2371 3653 de
2414 3609 2562 3653 mea

611 3668 1098 3734 existimatione
1150 3690 1295 3733 sum
1361 3669 1689 3734 sollicitus.
1790 3669 1978 3750 Quae
2029 3674 2204 3737 enim
2256 3674 2383 3738 erit
2435 3674 2558 3739 mi-

611 3754 868 3818 nisterii
911 3755 1120 3818 nostri
1167 3756 1481 3819 autoritas
1499 3806 1513 3832 ,
1575 3755 1632 3819 si
1693 3754 1842 3821 talis
1901 3756 2185 3822 resideat
2246 3758 2316 3822 in
2371 3760 2560 3826 nobis

612 3839 940 3921 suspicio?
1014 3839 1153 3904 Nec
1196 3840 1360 3910 mihi
1384 3841 1577 3904 etiam
1625 3840 1891 3906 dubium
1939 3851 2040 3907 est
2083 3843 2238 3925 quin
2283 3843 2560 3909 aliorum

611 3924 989 3989 nominibus
1047 3924 1289 3989 abusus
1343 3925 1559 3989 fuerit.
1661 3926 1926 3992 Feceris
1983 3948 2139 4012 ergo
2198 3928 2372 4010 quod
2427 3930 2560 3997 fide

607 4018 728 4097 pua
770 4011 1220 4094 gravitateque
1275 4010 1546 4093 dignum
1591 4020 1692 4076 est
1734 4033 1855 4077 nec
1900 4013 1980 4077 ab
2025 4014 2234 4079 officio
2278 4017 2561 4097 pastoris

614 4095 937 4174 alienum,
997 4096 1053 4160 si
1097 4104 1163 4159 te
1218 4096 1388 4177 apud
1446 4095 1693 4162 iudices
1738 4096 2024 4163 hominis
2079 4098 2388 4165 audaciae
2453 4121 2563 4185 op-

611 4182 923 4262 posueris,
966 4190 1043 4244 ut
1078 4180 1425 4262 aliquando
1465 4202 1607 4247 eam
1646 4185 1995 4247 autoritate
2030 4205 2149 4249 sua
2184 4186 2558 4252 retundant.

611 4266 802 4343 Vale,
846 4266 1050 4331 frater
1092 4267 1164 4330 in
1210 4267 1497 4331 Domino
1543 4268 1904 4350 plurimum
1948 4269 2216 4335 colende
2259 4279 2326 4335 et
2369 4293 2559 4337 orna-

611 4353 862 4417 tissime
907 4354 1023 4417 vir.
1115 4353 1437 4416 Dominus
1491 4362 1554 4417 te
1612 4365 1924 4437 perpetuo
1980 4364 2166 4439 regat
2220 4378 2354 4422 una
2409 4380 2558 4423 cum

613 4438 997 4520 symmystis
1049 4446 1393 4519 vestroque
1435 4438 1815 4503 nministerio
1860 4438 2213 4506 benedicat.
2305 4443 2559 4509 Amicis

611 4522 911 4587 omnibus
967 4524 1281 4605 uxorique
1340 4536 1486 4586 tuae
1542 4523 1891 4606 plurimam
1950 4525 2244 4592 salutem.
2337 4529 2557 4595 Gene-

611 4629 733 4673 vae
776 4608 1065 4705 calendis
1108 4609 1270 4673 Maii
1327 4614 1504 4675 1547.

1533 4746 1811 4811 Ioannes
1857 4745 2170 4815 Calvinus
2214 4759 2383 4817 tuus.

815 4931 875 4993 3)
913 4933 963 4984 A
1036 4932 1252 5000 ‚arapha
1288 4933 1453 4985 male.-
1489 4932 1752 4987 videatur.

814 4998 875 5063 4)
917 4948 1145 5055 stass.

605 5140 666 5190 ια
816 5069 877 5192 bt)
921 5038 1117 5123 Oinnes
1177 5068 1400 5123 Pollam'
1452 5069 1707 5135 episeome
1762 5072 1865 5124 huc
1924 5072 2254 5139 pertinentes
2311 5074 2555 5143 deperdi-

669 5150 695 5189 6
731 5153 836 5190 sun
861 5177 874 5191 .

2161 403 2688 474 EPISTOLAE
2735 409 3075 476 901—904

4509 409 4609 475 516

3585 592 3740 665 0⁰8.

3073 746 3427 815 OAININ
3472 750 3534 814 A
3576 748 3669 815 Μ.
3717 746 3843 814 DE
3887 745 4251 815 FALAIS.

2855 934 3097 1002 Enoore
3143 934 3442 1003 Pouaain
3486 940 3542 1001 et
3578 956 3692 1002 son
3717 938 3958 1018 proces.

2684 1104 2863 1170 (orig.
2903 1108 3254 1177 autogr-ephe.
3328 1107 3472 1160 Bibl.
3507 1107 3576 1161 (16
3613 1105 3849 1161 Geneve.
3921 1107 4045 1162 Vol.
4083 1105 4200 1174 194,
4245 1107 4335 1163 fol.
4373 1107 4455 1162 54.
4522 1092 4611 1163 Ed.

2750 1174 2977 1229 d’Amst.
3013 1193 3066 1246 p.
3104 1174 3219 1230 110.
3293 1160 3397 1229 nd.
3434 1177 3666 1230 Bonnet.
3705 1178 3747 1230 1.
3787 1174 3903 1229 196.
3943 1204 4006 1214 -
4043 1159 4147 1229 nd.
4188 1180 4326 1248 ungu.
4365 1176 4432 1232 11.
4470 1175 4574 1243 96.)

2970 1365 3034 1429 Α
3077 1362 3549 1448 Monseigneur
3591 1364 3932 1430 Monsieur
3975 1363 4055 1430 de
4096 1363 4344 1430 Fallez.

2851 1498 3339 1584 Monseigneur,
3399 1500 3628 1565 iescris
3671 1521 3710 1565 a
3753 1500 4112 1584 Myconius,
4168 1521 4423 1567 comme
4466 1523 4613 1566 vous

2677 1603 2907 1648 verrez
2966 1605 3088 1668 par
3142 1585 3208 1649 la
3260 1584 3439 1669 copie
3510 1605 3635 1667 que
3693 1587 3755 1651 ie
3811 1607 3973 1651 vous
4032 1608 4299 1672 envoye.
4400 1586 4461 1652 ll
4514 1607 4614 1651 ma

2678 1669 2924 1736 semble
2966 1669 3153 1736 advis
3197 1693 3321 1754 que
3356 1673 3587 1736 cestoit
3621 1690 3818 1750 assez,
3864 1692 4105 1756 pource
4139 1694 4265 1756 que
4308 1673 4405 1739 les
4438 1674 4613 1757 ing-es

2676 1754 3183 1839 comprendront
3237 1757 3484 1822 mieulx
3542 1777 3699 1821 mon
3745 1759 4066 1823 intention
4111 1758 4192 1824 de
4235 1778 4308 1823 sa
4353 1759 4610 1824 bonche.

2676 1841 2770 1905 Et
2810 1863 2857 1924 y
2901 1863 3062 1906 aura
3095 1840 3244 1925 plus
3287 1842 3368 1907 de
3410 1844 3684 1926 gravite‚
3731 1864 3968 1927 pource
4011 1864 4136 1927 que
4178 1844 4245 1908 la
4287 1843 4613 1927 poursuite

2675 1947 2761 1991 ne
2803 1947 2949 1992 sera
2990 1948 3109 2009 pas
3154 1929 3208 1993 si
3252 1928 3641 1993 vehemente
3679 1926 3758 1994 de
3802 1950 3952 1994 mon
4008 1937 4213 2007 coste,
4269 1949 4520 1994 comme
4560 1929 4612 1995 si

2672 2010 2736 2076 ie
2779 2032 2863 2077 ne
2920 2013 3273 2095 mingerois
3329 2011 3408 2078 de
3462 2013 3610 2078 leur
3663 2015 3933 2090 escrire‚
3994 2036 4243 2081 comme
4301 2023 4504 2101 ayant
4552 2015 4612 2079 la

2673 2098 2946 2161 matiere
3009 2107 3155 2181 trop
3222 2099 3507 2164 affectes.
3611 2099 3685 2164 Ie
3751 2120 3905 2183 croy
3971 2122 4098 2184 que
4163 2110 4387 2167 nostre
4450 2101 4609 2166 frere

2673 2181 2949 2248 Maistre
3005 2184 3234 2249 Pierre
3306 2184 3476 2249 Viret
3545 2186 3684 2249 fera
3732 2184 3795 2250 le
3855 2187 4207 2252 semblable
4263 2208 4499 2252 envers
4550 2186 4609 2251 le

2672 2268 2846 2333 sieur
2889 2269 3191 2335 Bernard
3237 2269 3481 2352 Meyer,
3508 2271 3556 2354 ¹)
3612 2271 3880 2336 suivant
3932 2293 4004 2338 66
4062 2293 4186 2355 que
4251 2272 4312 2338 ie
4371 2273 4487 2358 luy
4528 2294 4604 2338 611

2671 2374 2756 2437 ay
2798 2354 3055 2419 mande.
3121 2354 3349 2436 Quant
3391 2357 3438 2420 il
3482 2358 3679 2421 seroit
3721 2357 4004 2443 besoing‚
4052 2359 4096 2422 il
4142 2379 4212 2424 se
4256 2357 4607 2423 condamne

2671 2437 2751 2504 de
2796 2438 3199 2524 desloyaulte
3242 2461 3326 2505 en
3370 2462 3472 2505 ses
3516 2441 3742 2507 lettres
3785 2443 3920 2525 quil
3963 2465 4073 2508 ma
4114 2444 4400 2510 escrites.
4482 2441 4606 2510 Gar

2670 2544 2860 2606 apres
2903 2526 3156 2590 mavoir
3199 2527 3415 2609 requie
3450 2546 3533 2591 an
3571 2529 3737 2594 mois
3782 2527 3863 2593 de
3906 2529 4164 2594 ianvier
4207 2529 4606 2595 dinterceder

2665 2630 2832 2695 pour
2873 2610 2989 2694 luy
3034 2633 3117 2676 au
3161 2614 3453 2696 mariage
3492 2612 3571 2676 de
3607 2613 3920 2695 Merne‚²)
3965 2615 4013 2678 il
4058 2636 4167 2681 ma
4208 2615 4447 2680 mande
4486 2636 4601 2698 que

2684 2694 2960 2778 errzy
3017 2696 3218 2762 lavoit
3281 2718 3471 2782 ayme
3533 2704 3674 2763 ante
3724 2699 3944 2764 multos
4000 2721 4243 2767 menses
4295 2702 4522 2784 iusque
4561 2722 4597 2765 a

2665 2780 2730 2845 le
2773 2778 3130 2847 demander
3171 2803 3339 2865 pour
3379 2802 3587 2867 mary‚
3632 2784 3779 2867 plus
3822 2793 3955 2851 tost
3995 2807 4122 2870 que
4164 2786 4383 2852 destre
4424 2786 4597 2852 cher-

2667 2865 2843 2931 chee.
2934 2865 3284 2933 Comment
3338 2869 3478 2934 cela
3536 2870 3841 2936 saccorde
3894 2871 3988 2935 il?
4078 2871 4285 2939 Sinon
4344 2872 4480 2956 quil
4518 2892 4588 2936 en

2664 2950 2939 3017 voulsist
2983 2954 3166 3019 avoir
3209 2954 3378 3020 deux
3418 2956 3763 3022 ensemble.
3831 2958 4004 3024 Mais
4045 2958 4109 3022 le
4130 2967 4273 3024 tout
4293 2968 4395 3023 est
4430 2978 4590 3041 quon

2666 3035 2781 3122 luy
2824 3058 3069 3124 couppe
3112 3037 3177 3104 la
3220 3040 3459 3106 broche
3502 3061 3542 3106 a
3598 3049 3812 3108 toutes
3870 3063 3973 3110 ses
4016 3043 4419 3112 chicaneries
4436 3096 4451 3124 ,
4505 3049 4591 3108 ate

2664 3122 2868 3189 tendu
2924 3124 3168 3207 quelles
3225 3134 3377 3192 sont
3431 3136 3577 3210 trop
3633 3127 3935 3213 indignes
3991 3128 4368 3197 daudience.
4472 3128 4591 3196 Sur

2664 3209 2805 3361 gela
2846 3210 2909 3274 ie
2947 3231 3030 3275 ne
3072 3232 3274 3295 pense
3308 3213 3493 3294 point
3525 3233 3649 3295 que
3686 3212 3782 3279 les
3824 3215 4010 3299 iuges
4049 3238 4144 3301 ny
4182 3222 4475 3282 mectent
4510 3216 4586 3280 fin

2707 3294 2814 3359 ien
2859 3301 3005 3360 tost.

2834 3380 3204 3461 Monsieur‚
3263 3403 3454 3466 apres
3510 3390 3753 3451 mestre
3806 3384 3886 3451 de
3942 3385 4070 3452 bon
4115 3409 4314 3453 cueur
4360 3407 4585 3454 reeom-

2664 3465 2901 3530 mande
2954 3486 2994 3530 a
3052 3474 3268 3532 vostre
3328 3468 3539 3534 bonne
3596 3491 3790 3554 grace
3836 3479 3903 3537 et
3958 3470 4039 3536 de
4091 3470 4583 3549 Madamoiselle,

2664 3572 2818 3617 sans
2862 3550 3115 3616 oublier
3154 3552 3249 3617 les
3293 3555 3454 3620 trois
3498 3553 3953 3637 Damoiselles,
3975 3559 4033 3631 8)
4074 3558 4136 3623 ie
4174 3578 4341 3642 prye
4385 3566 4583 3625 nostre

2662 3636 2788 3701 bon
2833 3637 3007 3702 Dieu
3052 3637 3133 3703 de
3174 3659 3342 3703 vous
3385 3640 3568 3705 avoir
3611 3663 3696 3706 611
3739 3663 3810 3707 66
3852 3640 4071 3726 garde,
4133 3643 4213 3708 de
4252 3666 4418 3710 vous
4459 3664 4585 3710 con-

2664 3721 2906 3787 fermer
2950 3725 3275 3789 tonsiours
3318 3746 3399 3790 en
3442 3728 3764 3807 patience,
3824 3725 3905 3792 de
3950 3749 4110 3794 vous
4169 3727 4454 3796 delivrer
4493 3727 4583 3793 (166

2662 3806 3013 3873 fascheries
3078 3808 3159 3874 de
3218 3818 3355 3876 cest
3417 3811 3753 3895 importun
3769 3862 3785 3894 ‚
3851 3820 3920 3879 et
3975 3835 4137 3880 vous
4191 3836 4460 3882 amener
4514 3834 4582 3879 611

2664 3893 2879 3958 11611116
2923 3895 3301 3979 prosperite.
3371 3895 3465 3962 Oe
3509 3898 3791 3979 premier
3826 3896 3906 3964 de
3948 3921 4121 3984 may,
4167 3899 4249 3966 de
4285 3900 4578 3967 Genefve.

2835 4030 3075 4096 Vostre
3119 4033 3444 4098 serviteur
3487 4041 3555 4099 et
3594 4032 3860 4100 humble
3903 4037 4092 4119 frere,

3926 4154 4133 4221 Iehan
4180 4156 4435 4226 Calvin.

2666 4306 2701 4311 —.
2736 4306 2775 4312 --
2792 4307 2863 4313 ,.,-,,
2888 4307 2921 4312 ,-
2968 4307 3017 4312 ,-,

2675 4403 2824 4458 902.
2866 4404 2922 4469 1)
2965 4403 3256 4461 Gon-semer
3289 4409 3327 4462 ὰ
3362 4407 3503 4462 Bate
3536 4412 3587 4462 ot
3617 4408 3761 4474 frere
3795 4409 3873 4464 du
3905 4412 4337 4481 bourquemestre
4379 4412 4443 4468 de
4473 4417 4578 4467 oette

2662 4474 2803 4537 ville,
2849 4472 3060 4542 Juquec
3107 4473 3311 4546 Meyer.
3403 4475 3664 4531 Ber-nard
3723 4483 3877 4534 avait
3929 4477 4012 4534 e'te'
4054 4482 4262 4538 arbim
4306 4479 4574 4537 me'diamr

2664 4548 2813 4595 entre
2846 4541 3031 4596 Ber-ne
3064 4549 3112 4596 et
3154 4543 3361 4599 0611666
3395 4545 3539 4599 dans
3572 4542 3809 4614 l’affaire
3842 4547 3909 4602 de
3947 4546 4000 4602 S.
4042 4549 4238 4605 Victor.
4322 4551 4485 4621 Voyee
4513 4547 4573 4601 du

2663 4616 2801 4665 reste
2834 4610 2887 4662 la
2922 4610 3072 4665 lettre
3105 4616 3367 4667 suivant-e.

2867 4678 2928 4745 2)
2965 4676 3116 4746 De'jd,
3216 4680 3563 4737 &cedemment
3586 4682 3779 4737 Calvia
3815 4686 3968 4740 avait
3998 4685 4261 4753 repr-oche'
4293 4692 4331 4744 ὰ
4349 4685 4575 4743 Posala&

2666 4747 2732 4801 de
2766 4745 2922 4802 s'e'cre
2955 4763 3127 4817 enyay
3158 4789 3171 4813 ,
3209 4766 3280 4804 ou
3317 4749 3529 4804 d’avoir
3559 4750 3779 4816 faitdes
3797 4768 4031 4808 avances
4053 4757 4091 4809 ὰ
4113 4754 4261 4811 deux
4288 4768 4571 4826 personna.

2869 4815 2928 4886 3)
2970 4815 3041 4871 06
3073 4834 3141 4871 ne
3176 4825 3297 4872 sont
3331 4834 3399 4872 en
3433 4834 3612 4874 aucun
3649 4836 3743 4875 cac
3777 4821 3871 4876 des
3902 4838 4087 4877 εοεαε-6
4111 4824 4281 4879 deM.
4305 4823 4570 4881 deFalm's.
