4825 6175
193 437 299 501 429

1058 615 1210 686 857.

628 751 1174 821 BALDUINUS
1219 751 1657 821 OALVINO.

338 922 664 990 Iudicium
713 923 836 1005 sert
888 923 965 989 de
1017 929 1186 991 statu
1226 945 1443 991 rerum
1473 922 1876 1008 publicanam
1917 944 2112 1007 usque

185 1013 244 1077 in
288 1008 650 1078 discrimine
688 1008 1080 1092 positarum,
1139 1012 1250 1077 sed
1300 1011 1522 1095 aliqua
1576 1029 1655 1074 ex
1696 1015 1889 1092 parte
1939 1031 2112 1093 spem

183 1117 292 1163 non
339 1094 611 1177 infelicis
667 1099 912 1160 eventus
963 1094 1344 1177 facientium.
1450 1096 1779 1163 Nonnulla
1819 1101 2111 1162 retractat

180 1182 297 1247 loca
335 1200 414 1247 ex
460 1178 911 1246 Commentario
966 1181 1035 1245 in
1090 1201 1184 1263 ep.
1230 1183 1319 1249 ad
1365 1180 1744 1260 Corinthios,
1798 1181 1946 1247 item
1996 1182 2110 1248 du·

179 1267 336 1332 bium
386 1271 585 1331 movet
639 1266 714 1331 de
766 1266 892 1331 loco
947 1265 1278 1333 Matthaei.
1365 1268 1736 1335 Amicorum
1780 1266 2110 1334 Parisien-

176 1353 331 1419 sium
372 1352 631 1417 nomina
673 1356 731 1416 et
756 1354 928 1434 facta
971 1358 1254 1419 recenset.

471 1520 582 1589 (Ex
619 1521 957 1592 autographo
991 1521 1121 1578 cod.
1155 1522 1357 1579 Genev.
1393 1522 1511 1591 110,
1547 1523 1638 1578 sol.
1671 1521 1787 1590 49.)

173 1676 539 1744 Clarissimo
582 1676 724 1742 viro
767 1676 853 1742 D.
903 1676 1135 1743 Garolo
1177 1676 1474 1744 Passelio
1526 1678 1742 1762 legato
1785 1685 1852 1742 et
1893 1698 2106 1745 secre-

170 1762 324 1829 tario
363 1763 549 1848 regio

1400 1847 1719 1916 Venetiis.
1749 1852 1799 1932 ¹)

324 1982 398 2049 S.
489 1984 708 2135 Lffies
765 2005 1074 2052 romanae
1139 1987 1364 2051 ferunt
1431 2006 1581 2051 eum
1647 1986 1757 2068 qui
1815 1984 2105 2069 loquitur

165 2066 428 2153 ἀσαφῶς,
474 2091 539 2134 m
627 2091 667 2134 o
705 2090 837 2136 non
881 2072 1184 2155 loquatur
1226 2070 1494 2153 ἀσήμως.
1603 2070 1809 2137 Feres
1860 2072 2101 2154 itaque,

163 2156 246 2219 mi
279 2163 491 2238 pater,
534 2177 738 2240 aequo
773 2158 992 2223 animo
1026 2158 1354 2224 concisam
1387 2164 1680 2222 nostram
1713 2155 2097 2223 balbutiem:

160 2261 304 2305 nam
345 2239 692 2327 παρῤησίαν
745 2242 912 2308 aliae
968 2242 1155 2309 nobis
1210 2243 1390 2327 leges
1445 2241 1760 2308 adimunt.
1848 2241 2101 2308 Omnes

159 2326 303 2391 boni
344 2326 778 2392 vehementer
814 2328 1106 2412 gaudent
1148 2349 1225 2394 ac
1264 2330 1592 2394 mirantur
1612 2328 2030 2412 Epiphanem
2043 2327 2100 2414 2)

158 2412 342 2478 unius
408 2413 625 2478 veluti
678 2413 918 2497 Popilii
981 2416 1176 2499 virga
1237 2415 1806 2498 circumscriptum
1869 2434 2100 2479 rursus

154 2497 535 2580 trepidasse,
571 2507 638 2563 et
661 2499 926 2565 tandem
961 2502 1194 2584 panico
1217 2507 1468 2566 terrore
1501 2500 1872 2583 perculsum
1912 2501 2099 2583 igno-

157 2583 426 2649 miniose
484 2583 733 2668 fugere.
821 2585 962 2651 Nec
1022 2586 1245 2652 minus
1306 2587 1634 2651 mirantur
1686 2584 2099 2669 gaudentque

154 2668 386 2734 iterum
445 2669 762 2736 adversus
816 2671 1258 2737 Maximinum
1276 2673 1334 2751 ⁸)
1392 2691 1525 2736 non
1577 2670 1770 2736 modo
1812 2679 2098 2736 armatos

155 2775 288 2820 esse
329 2755 709 2836 Armenios,
723 2759 782 2833 ⁴)
827 2757 942 2821 sed
987 2765 1054 2823 et
1086 2757 1360 2823 effusam
1383 2755 1728 2823 Pandorae
1761 2755 2097 2840 pyxidem.

154 2837 280 2905 Sed
320 2841 640 2924 quoniam
682 2849 873 2908 vetus
916 2853 1016 2908 est
1055 2842 1249 2907 illud:
1312 2840 1344 2904 ὅ
1383 2843 1620 2926 φεύγων
1671 2832 1861 2907 πάλιν
1902 2842 2098 2923 μαχῆ·

153 2948 328 3005 σεται,
373 2925 740 3010 prudenter
792 2928 864 2992 in
910 2927 1203 2994 hibernis
1245 2928 1526 2993 comitiis
1568 2928 2099 3009 circumspiciant

45 3051 46 3066 i
151 3010 217 3076 in
254 3020 599 3096 posterum
615 3065 631 3093 ,
687 3035 773 3079 ne
823 3012 980 3098 quid
1031 3013 1401 3100 respublica
1442 3013 1820 3080 detrimenti
1862 3014 2094 3097 capiat.

151 3096 324 3182 Ergo
381 3120 473 3165 ne
525 3101 741 3166 securi
799 3099 1104 3166 desinant
1154 3108 1447 3166 oratores
1504 3099 1822 3166 Graeciae
1869 3098 2096 3163 fulmi-

152 3204 303 3250 nare
357 3185 744 3270 philippicis
804 3195 872 3252 et
925 3186 1322 3271 olynthiacis
1377 3184 1796 3252 concionibus
1809 3235 1826 3263 ,
1893 3191 2095 3268 tuque

153 3268 319 3336 adsis
375 3273 560 3338 inter
612 3273 859 3355 primos
872 3322 889 3350 ,
949 3293 988 3338 o
1046 3273 1396 3338 fortissime
1448 3268 1699 3336 vindex
1752 3270 2093 3336 libertatis.

153 3352 476 3436 Quamvis
531 3359 708 3423 enim
764 3358 990 3440 procul
1043 3359 1217 3424 absis
1232 3408 1249 3436 ‚
1303 3356 1578 3441 propius
1629 3362 1853 3421 tamen
1896 3354 2097 3442 (quae

149 3446 259 3506 tua
299 3450 406 3509 est
449 3442 810 3528 singularis
849 3443 1226 3528 prudentia)
1289 3451 1468 3509 artes
1522 3450 1592 3508 et
1631 3441 1904 3508 insidias
1945 3442 2096 3507 Ma-

151 3526 410 3593 cedonis
471 3530 789 3613 agnoscis.
889 3529 992 3595 Ne
1048 3548 1177 3612 quo
1231 3529 1438 3613 igitur
1494 3527 1791 3593 fortassis
1851 3526 2098 3612 frigore

150 3621 522 3681 contractus
565 3615 938 3680 remittatur
991 3616 1275 3698 impetus
1332 3614 1607 3680 heroum
1662 3619 1779 3679 aut
1832 3612 2099 3697 fatigati

149 3704 526 3782 torpescant
564 3700 785 3781 animi,
829 3708 899 3766 et
930 3699 1262 3767 excitandi
1299 3706 1458 3766 sunt
1490 3707 1559 3765 et
1588 3697 1869 3782 urgendi
1903 3698 2098 3766 novis

149 3783 432 3852 stimulis
475 3786 875 3869 prudentum
917 3786 1356 3852 consiliorum.
1444 3784 1594 3852 Scis
1635 3786 1814 3849 enim
1856 3784 2098 3867 alioqui

147 3866 327 3935 facile
372 3874 606 3937 omnia
644 3892 835 3956 posse

342 3972 900 4111 gimpeffizugrggc
908 3973 1392 4111 qlaeitfdvssipslgpa
1406 3971 1643 4094 rfffietnrilne
1677 4040 1916 4094 lembum

344 4110 620 4180 Remigiis
653 4111 871 4181 subigit,
908 4113 956 4164 si
990 4111 1214 4164 brachia
1246 4110 1389 4164 sorte
1423 4110 1651 4176 remisit,

344 4180 545 4249 Atque
578 4179 729 4233 illum
765 4180 823 4232 in
858 4192 1118 4250 praeceps
1153 4195 1324 4249 prono
1359 4179 1505 4248 rapit
1537 4180 1724 4232 alveus
1757 4175 1975 4245 amni.³)

149 4258 422 4331 Ursinos
442 4266 504 4344 ⁶)
546 4264 800 4331 interea
818 4272 1074 4331 vestros
1104 4264 1177 4328 in
1212 4263 1502 4330 excubiis
1541 4262 1903 4348 plurimum
1935 4282 2096 4347 gau-

177 4447 414 4531 ⁸⁶,'7·1)
465 4450 977 4521 Taxiana-iptione
1017 4403 2099 4519 nostemMMdiestucumfim

346 4558 415 4653 2⁹)
459 4588 824 4644 mamm·
862 4586 1078 4658 Reae-n.

347 4655 411 4726 3)
455 4655 714 4711 Gerulum
748 4656 834 4711 Im
935 4662 1154 4711 ctorem.
1498 4724 1511 4736 ·

347 4726 416 4792 4)
469 4725 518 4779 T
512 4740 693 4781 ureae.
847 4765 862 4779 .
908 4730 1088 4780 men
1145 4724 1257 4792 Ep.
1302 4724 1508 4780 Bucen
1564 4721 1616 4777 8.
1666 4720 1896 4776 Ianuar.
1942 4720 2098 4791 1547,

152 4797 254 4846 not.
287 4792 339 4846 9.
415 4794 546 4848 Imo
581 4794 892 4863 Imperator
934 4810 1004 4848 m.
1047 4792 1273 4849 octobre
1316 4791 1455 4847 1545
1496 4791 1756 4847 inducias
1797 4791 1860 4845 in
1892 4795 2095 4860 mqui-

150 4874 351 4916 avmum
382 4862 599 4928 fecerat
628 4868 693 4918 ut
724 4863 829 4918 hac
860 4879 930 4944 ex
1090 4877 1117 4916 e
1148 4863 1207 4916 in
1250 4860 1553 4944 Gunam'a
1583 4860 1808 4915 libmus
1831 4875 1908 4940 pr
2008 4858 2099 4914 edi

150 4936 336 5009 posset.
410 4929 700 5081 Qaeterum
735 4947 990 5081 amaseam
1014 4936 1479 5068 Ραέἔηιέιηαὴαε
1519 4936 1569 4985 et
1615 4928 1864 5051 Pham
1978 4942 2096 5050 aeg-e

151 5080 215 5121 ω
247 5066 631 5207 Ἥ
648 5068 1246 5219 gouzo-Qum.
1323 5135 1438 5206 Qui
1467 5099 1645 5192 tamen
1674 5148 1868 5189 meus
1899 5133 1964 5187 in
1995 5147 2095 5187 au-

349 5274 416 5343 e)
447 5221 789 5342 {werna-⁸22³,
839 5211 1070 5345 322„
1114 5273 1405 5343 maenaa
1458 5275 1570 5327 iam
1613 5277 1781 5327 antea
1825 5271 1931 5339 (N.
1977 5266 2097 5339 ⁷50,

155 5347 260 5397 not.
295 5343 385 5412 12)
423 5342 660 5401 laudata
689 5343 893 5411 fuerat.

1850 436 2012 498 1546
2049 429 2466 498 NOVE'MB.

4024 442 4151 505 430

2217 614 2465 684 demus.
2572 617 2777 685 Hunc
2839 620 3346 704 syncretismum
3411 622 3723 690 exhorret
3781 624 4150 711 Philippus.

2213 701 2582 769 Exhorruit
2622 704 2779 770 olim
2813 724 3068 771 sacram
3108 705 3442 773 cohortem
3483 707 3944 776 Thebanorum
3976 735 4153 777 ceva-

2213 789 2712 867 ποθνῃσκόπυνι
2753 799 2996 872 quanto
3028 792 3239 875 magis
3274 813 3448 859 nunc
3489 794 4010 893 perhorresceret
4045 819 4153 865 sa-

2213 883 2626 941 crosanctum
2663 874 2890 941 foedus
2943 877 2999 943 si
3041 876 3116 942 in
3156 898 3364 943 unum
3420 889 3670 946 colrent
3713 891 4025 965 quotquot
4077 884 4153 949 in

2212 957 2440 1024 eadem
2485 961 2641 1024 navi
2682 968 2855 1027 sunt.
2940 961 3256 1029 Romanis
3299 964 3456 1029 olim
3498 973 3568 1030 et
3607 965 3900 1034 barbaris
3940 969 4152 1034 omni·

2210 1044 2334 1108 bus
2368 1045 2440 1108 in
2482 1045 2897 1128 expeditione
2938 1047 3470 1114 Marcomannica
3531 1053 3765 1117 terrori
3819 1052 3948 1118 fuit
3999 1075 4150 1121 nos-

2209 1136 2465 1194 trorum
2502 1131 2617 1196 illa
2654 1131 2824 1215 legio
2866 1134 3306 1216 κεραυνοβόλος.
3371 1133 3538 1216 Quis
3573 1158 3747 1203 nunc
3780 1136 4147 1220 fulmineas,

2211 1215 2267 1279 si
2311 1215 2537 1281 eodem
2581 1216 2782 1282 simul
2823 1218 3071 1299 impetu
3114 1220 3405 1284 facerent
3457 1221 3988 1304 impressionem,
4040 1246 4151 1292 co·-

2210 1299 2433 1366 hortes
2471 1301 2840 1368 sustineat?
2928 1300 3106 1383 Quid
3145 1302 3403 1370 Iuliano
3448 1308 3788 1390 supererit,
3831 1329 4030 1392 quam
4069 1316 4151 1376 ut

2209 1406 2438 1452 rursus
2472 1407 2699 1471 sparso
2742 1390 3031 1454 cruentis
3072 1389 3374 1456 manibus
3416 1411 3534 1457 san
3634 1393 3739 1460 ’ne
3782 1396 3850 1458 in
3892 1396 4149 1462 coelum

2208 1479 2471 1537 evomat
2511 1473 2692 1537 illam
2746 1492 2933 1539 suam
2989 1472 3485 1556 blasphemiam:
3615 1478 3789 1545 icisti
3804 1529 3821 1557 ,
3877 1500 3916 1545 o
3958 1480 4148 1547 Gali-

2207 1555 2349 1622 laee
2365 1559 2380 1621 1
2394 1556 2428 1620 ⁸?
2500 1557 2679 1640 Quid
2720 1559 2809 1625 sit
2851 1559 3090 1625 mentis
3130 1560 3392 1644 ignavis
3437 1562 3968 1644 claudicantibus,
4013 1586 4150 1632 non

2205 1641 2343 1706 inte
2399 1643 2413 1656 ’
2465 1663 2524 1708 o.
2590 1645 2836 1710 Annon
2867 1645 3252 1730 intelligunt
3273 1644 3638 1713 Sertorium
3672 1650 3963 1735 singulos
3996 1672 4147 1717 sen-

2207 1728 2332 1791 sim
2375 1729 2543 1810 pllos
2585 1728 2849 1809 vellere,
2897 1738 2972 1795 ut
3010 1737 3217 1795 totam
3259 1731 3453 1798 citius
3508 1733 3784 1800 caudam
3824 1736 4143 1802 revellat?

2206 1813 2453 1877 Annon
2497 1816 2631 1880 iam
2676 1823 3040 1899 agnoscunt
3079 1837 3272 1881 suum
3315 1825 3664 1901 stuporem,
3707 1821 3821 1904 qui
3864 1842 3994 1886 non
4029 1842 4146 1907 ag-

2204 1899 2512 1965 noverint
2561 1900 2749 1965 initio
2804 1902 3116 1983 vulpinos
3167 1901 3505 1987 ingressus
3546 1904 3789 1971 Alcimi
3844 1913 3912 1971 et
3950 1906 4146 1973 Nica-

2206 1984 2431 2050 noris?
2519 1986 2701 2052 Vicit
2740 1986 2899 2051 olim
2938 1997 3088 2053 astu
3140 2008 3258 2054 suo
3299 1988 3597 2055 Iulianus
3638 1990 3995 2058 Rhenanos
4031 2013 4149 2076 po-

2202 2069 2425 2151 pulos:
2470 2071 2626 2154 quid
2669 2072 2881 2138 victor
2923 2071 3158 2137 deinde
3200 2073 3443 2154 fecerit,
3489 2096 3663 2142 nunc
3706 2078 3965 2144 animus
4005 2098 4145 2144 me-

2203 2155 2474 2220 minisse
2536 2156 2763 2223 horret
2824 2157 3134 2240 luctuque
3197 2159 3457 2244 refugit.
3478 2162 3533 2239 ⁷)
3642 2160 3778 2228 Sed
3851 2163 4146 2231 fortassis

2203 2240 2316 2305 icti
2361 2241 2628 2306 tandem
2665 2243 2925 2325 sapient
2966 2243 3289 2328 Phryges,
3332 2252 3401 2310 et
3440 2240 3747 2329 periculis
3788 2249 4146 2315 movebun-

2203 2333 2316 2390 tur
2359 2325 2443 2391 ad
2485 2325 2746 2392 fidelem
2788 2337 3148 2409 συμμαχίαν.
3235 2329 3382 2397 Hoc
3415 2333 3471 2397 si
3514 2332 3838 2399 Dominus
3871 2333 4143 2414 dederit,

2204 2411 2472 2490 videbis,
2515 2413 2607 2477 mi
2651 2420 2857 2497 pater,
2890 2414 3063 2478 laeta
3095 2416 3334 2492 omnia,
3378 2423 3446 2481 et
3485 2417 3679 2499 longe
3719 2419 3912 2502 plura
3944 2440 4144 2503 quam

2203 2503 2359 2562 tuus
2401 2498 2557 2563 olim
2599 2498 2961 2582 longaevus
2981 2498 3351 2577 Nehemias,
3397 2502 3507 2583 qui
3553 2501 3718 2567 vidit
3759 2524 3951 2569 suam
3990 2524 4142 2570 oum

2201 2583 2445 2665 templo
2486 2585 2860 2650 restitutam
2923 2584 3275 2662 civitatem,
3332 2584 3552 2651 hostes
3594 2589 3986 2673 profligatos,
4036 2611 4145 2655 re-

2201 2667 2505 2733 stitutam
2546 2689 2734 2735 suam
2797 2668 3118 2735 Graeciae
3179 2671 3733 2754 tranquillitatem,
3797 2674 4142 2741 liberatam

2202 2754 2513 2820 intestino
2553 2754 2725 2821 bello
2766 2755 3284 2838 Peloponnesum
3297 2806 3315 2835 ,
3366 2757 3674 2840 expulsos
3711 2758 3993 2826 Athenis
4033 2766 4142 2858 ty·

2200 2858 2473 2918 rannos,
2536 2840 2920 2910 Thebanam
2975 2840 3446 2924 rempublicam
3502 2844 3863 2910 coniunctis
3904 2844 4143 2912 studiis

2199 2925 2698 3008 Epaminondae
2750 2940 2817 2990 et
2869 2925 3225 3009 Pelopidae
3277 2936 3791 3011 propugnatam,
3846 2928 4145 2997 Siciliam

2201 3030 2241 3074 a
2282 3010 2632 3095 tyrannide
2674 3011 2983 3097 Dionysii
3032 3009 3436 3079 vindicatam
3450 3062 3468 3093 ,
3521 3021 3857 3080 servatum
3895 3016 4144 3084 virtute

2198 3095 2465 3162 Oamilli
2508 3097 2885 3180 capitolium
2927 3105 3048 3164 eto.
3096 3106 3216 3164 eto.

2369 3180 2565 3263 Quod
2605 3183 2686 3249 de
2725 3182 3082 3266 Neptuniis
3094 3184 3157 3266 Β)
3202 3184 3501 3266 patribus
3543 3185 3771 3251 scribis
3785 3235 3803 3265 ,
3859 3206 4142 3270 agnosco

2197 3268 2546 3351 imperium
2580 3268 2797 3353 pelagi
2837 3288 3234 3351 saevumque
3273 3266 3644 3335 tridentem.
3658 3272 3714 3351 9)
3800 3268 3948 3338 Scis
3989 3293 4143 3354 poe-r

2197 3360 2301 3419 tas
2341 3374 2614 3419 narrare
2634 3355 2860 3420 Iovem
2902 3352 3151 3420 dudum
3193 3354 3673 3438 consumpsisse
3714 3375 3836 3420 sua
3873 3356 4146 3424 trisulca

2197 3438 2481 3506 fulmina
2495 3490 2512 3517 ,
2566 3438 2895 3524 riderique
2952 3438 3381 3505 Salmoneum
3394 3487 3412 3519 ‚
3474 3439 3828 3507 Plutonem
3883 3461 3973 3525 qu
4055 3462 4145 3509 ue

2198 3525 2395 3609 longo
2434 3525 2571 3590 iam
2612 3524 2860 3590 latratu
2913 3523 3226 3609 fatigasse
3276 3526 3622 3592 trifaucem
3665 3547 3861 3593 suum
3897 3526 4029 3594 Oer

2198 3630 2367 3676 rum.
2451 3610 2606 3675 Non
2646 3610 2852 3694 igitur
2892 3611 3180 3692 oportuit
3219 3610 3495 3677 otiosam
3536 3632 3679 3678 esse
3718 3611 4145 3696 tricuspidem

2197 3695 2512 3778 Neptuni,
2557 3696 2940 3778 praesertim
2969 3694 3175 3761 Aeolo
3216 3697 3495 3762 furente.
3584 3695 3934 3763 Caeterum
3975 3698 4147 3765 illud

2199 3801 2306 3845 me
2354 3780 2760 3857 consolatur,
2816 3780 2989 3864 quod
3030 3780 3293 3848 Plinius
3344 3781 3589 3848 scribat
3614 3782 3697 3866 ¹⁰)
3753 3782 4048 3867 thynnos
4103 3804 4146 3851 a

2291 3865 2661 3965 bernaculis
2701 3868 2973 3967 navium
3015 3888 3150 3932 non
3192 3868 3499 3967 separari,
3545 3887 3632 3966 ne
3672 3867 3958 3934 tridente
3983 3868 4145 4019 <‹iqui--

2198 3972 2374 4103 tsttgs
2390 3970 2620 4102 Ιέιιίῗ
2633 3956 3423 4121 ἒξμίξέεωὲῡθζθωῖἰῗξ
3456 4037 3574 4104 sed
3598 3973 3787 4138 ‘ideiln
3811 3961 4146 4118 Zsserteffi

2200 4123 2359 4188 olim
2421 4144 2461 4188 e
2510 4123 2679 4187 mari
2731 4123 2805 4187 in
2855 4121 3191 4189 Gaditana
3239 4123 3436 4189 litora
3487 4143 3795 4189 emissam
3857 4123 4146 4191 belluam

2200 4214 2465 4274 centum
2508 4215 2577 4274 et
2616 4208 2854 4293 viginti
2896 4207 3201 4274 dentibus
3256 4208 3617 4275 horrendae
3667 4207 4145 4293 magnitudinis

2200 4302 2541 4360 armatam.
2607 4295 2854 4359 Annon
2896 4293 3104 4378 igitur
3143 4293 3379 4360 merito
3411 4314 3723 4360 canemus
3768 4294 4142 4378 aliquandoz

2200 4379 2348 4446 Nisi
2381 4379 2712 4446 Dominus
2744 4377 2974 4444 fuisset
3016 4379 3089 4443 in
3129 4379 3319 4444 nobis
3359 4384 3480 4443 eto.
3505 4379 3592 4461 ¹²)
3678 4379 3810 4447 Hie
3849 4380 4016 4444 mihi
4059 4400 4143 4444 ex

2200 4466 2494 4532 Aeneide
2549 4465 2833 4531 occurrit
2883 4463 3389 4530 Achaemenidis
3444 4463 3740 4530 historia.
3842 4463 3977 4530 Sed
4030 4482 4145 4531 va*

2198 4550 2378 4616 leant
2419 4558 2766 4636 poetarum
2806 4548 3080 4616 fabulae.

2368 4637 2666 4715 Interea,
2721 4634 2893 4719 quod
2933 4635 3150 4714 iubes,
3205 4633 3405 4700 sulcis
3444 4635 3618 4701 arari
3675 4634 3935 4701 dorsum
3986 4654 4144 4703 cum

2402 4924 2465 4988 7)
2503 4923 2584 4980 Ει
2618 4926 2707 4981 me
2737 4923 2994 4989 noemam
3026 4938 3094 4977 a
3141 4922 3386 5005 νενραεο.
3446 4924 3593 5005 μω.
3628 4922 3702 4977 11.
3739 4921 3822 4976 13.
4057 4992 4070 5005 ,

2401 4993 2439 5047 s
2512 4993 2864 5049 mmm.
2920 4990 4145 5116 Μωωιῶιᾶοιοῃωαοωήμομιωω,

2370 5335 2466 5404 12)
2505 5336 2599 5390 Pa.
2639 5335 2758 5391 124.
