4825 6175
167 448 280 511 629

166 632 255 698 cio
305 626 662 697 christiano
718 624 1133 692 admonuisti.
1233 625 1420 697 Bene
1463 622 1632 703 vale,
1687 629 1755 688 et
1796 620 1918 687 tibi
1961 641 2103 704 per-

166 714 428 785 suadeas
470 712 691 792 velim,
736 732 843 778 me
884 710 1008 777 tibi
1050 730 1194 777 esse
1237 716 1556 795 perpetuo
1599 707 1922 775 amicitiae
1957 707 2102 773 inre

167 799 736 869 devinctissimum.
820 797 1126 863 Basileae
1169 800 1229 861 8.
1272 795 1663 862 Decembris
1705 814 1762 859 a.
1818 796 1998 858 1547.

1055 901 1264 966 Totus
1306 907 1464 963 tuus
1505 898 1574 962 in
1617 894 1910 962 Domino

1069 985 1350 1052 Iacobus
1393 1005 1434 1049 a
1475 979 1888 1067 Burgundia.

1051 1412 1206 1484 975.

640 1549 1115 1619 CALVINUS
1159 1545 1625 1616 FARELLO.

332 1691 666 1758 suentium·
708 1694 979 1757 excusat.
1075 1688 1325 1754 Geneva
1376 1688 1694 1756 &destinis
1733 1685 1927 1751 malis
1957 1707 2111 1769 pre·

165 1781 368 1951 mevi·
391 1778 486 1843 ita
527 1775 782 1859 quidem
836 1780 906 1840 ut
957 1775 1057 1842 vel
1106 1775 1186 1841 de
1236 1774 1386 1855 ipsa
1435 1774 1722 1840 eeclesiae
1767 1773 1970 1838 salute
2011 1772 2113 1838 de-

411 2036 483 2073 au
611 2059 624 2073 .
662 2018 792 2072 Cod.
831 2017 1036 2071 Genev.
1080 2013 1209 2080 106,
1254 2015 1346 2068 sol.
1382 2013 1517 2079 203,
1639 2029 1731 2067 rro
1767 2028 1898 2066 exx.·
1924 2028 2111 2067 recen-

168 2091 302 2144 tiora
334 2087 465 2142 eod.
504 2089 530 2141 1
573 2087 622 2157 1,
655 2088 747 2142 fol.
784 2084 903 2152 173,
939 2084 1099 2139 Bern.
1145 2084 1285 2153 Epp.
1323 2081 1451 2136 vll.
1663 2082 1843 2136 Turio.
1893 2081 2114 2136 Simleri

361 2157 484 2213 Vol.
520 2156 604 2212 65.
676 2155 905 2222 Anglice
943 2170 1102 2208 versa
1134 2154 1336 2222 legitur
1370 2152 1522 2207 Tom.
1559 2125 1630 2207 11’.
1665 2168 1719 2221 p.
1758 2148 1903 2216 133.)

459 2312 730 2378 Eximio
775 2308 1027 2375 Christi
1069 2329 1260 2375 servo
1303 2305 1483 2374 Guil.
1529 2305 1812 2371 Farello.

329 2449 401 2517 S.
473 2447 669 2530 Quod
713 2456 852 2513 tam
893 2465 1078 2510 raras
1121 2466 1163 2510 a
1204 2464 1309 2508 me
1347 2443 1469 2510 tibi
1512 2442 1740 2508 literas
1780 2441 1905 2507 hoo
1946 2449 2113 2506 tem·

169 2558 318 2622 pore
360 2538 593 2602 venire
637 2555 770 2600 non
817 2552 1024 2616 aequo
1066 2531 1199 2596 fers
1244 2530 1464 2596 animo
1479 2578 1496 2609 ‚
1553 2528 1725 2593 nihil
1769 2528 1992 2608 miror,
2050 2537 2119 2591 et

169 2621 283 2688 tibi
321 2622 537 2689 habeo
580 2620 882 2706 gratiam.
971 2617 1258 2684 Causam
1312 2616 1491 2681 enim
1548 2613 1737 2681 video
1780 2612 1953 2697 quod
1997 2612 2118 2678 tibi

169 2729 358 2776 curae
400 2708 629 2775 simne.
717 2705 936 2770 Multa
969 2710 1190 2769 autem
1232 2701 1520 2786 quotidie
1561 2698 1750 2767 audis
1791 2719 1956 2782 quae
1999 2698 2120 2764 tibi

170 2795 405 2882 partim
464 2793 771 2860 acerbum
826 2809 1190 2856 moerorem
1246 2788 1528 2854 afferant
1543 2837 1559 2865 ,
1625 2787 1869 2870 partim
1932 2786 2120 2850 incu-

29 2932 46 2947 .
172 2883 337 2948 tiant
392 2878 613 2945 varios
665 2879 951 2943 timores.
1051 2873 1243 2957 Quae
1299 2883 1705 2959 sparguntur
1758 2872 1895 2938 fere
1945 2892 2122 2936 vana

172 2977 354 3045 sunt,
423 2965 541 3031 sed
605 2985 726 3030 nos
788 2962 1119 3028 intestinis
1183 2959 1375 3025 malis
1430 2959 1809 3042 premimur,
1840 2963 1888 3034 1)
1955 2978 2121 3041 quae

172 3052 324 3120 adeo
368 3073 507 3119 non
550 3051 934 3127 efferuntur,
956 3049 1015 3126 ²)
1059 3055 1139 3112 ut
1180 3045 1295 3114 vix
1337 3047 1407 3111 in
1450 3046 1615 3113 urbe
1631 3097 1647 3124 ,
1703 3043 1832 3110 nisi
1874 3043 2119 3128 paucis,

173 3149 324 3206 nota
365 3140 522 3207 sint.
606 3135 824 3203 Belua
877 3154 1043 3219 quae
1096 3154 1309 3217 nuper
1360 3153 1445 3198 ex
1509 3152 1713 3199 cavea
1777 3130 2120 3197 custodum

173 3223 393 3292 fraude
460 3224 747 3303 emersit,
769 3223 828 3304 8)
885 3219 1052 3286 nihil
1125 3220 1332 3303 spirat
1386 3219 1517 3285 nisi
1576 3219 1804 3284 minas.
1892 3216 2123 3282 Eiecto

176 3311 483 3390 Macrine,
538 3307 710 3394 quod
751 3308 887 3373 iam
926 3308 999 3372 in
1044 3327 1244 3372 mann
1289 3326 1411 3370 sua
1451 3305 1739 3388 positum
1783 3323 1927 3369 esse
1970 3321 2122 3367 con-

176 3397 403 3477 fidunt,
421 3400 482 3471 ⁴)
528 3394 652 3462 sibi
710 3392 878 3459 nihil
933 3414 1070 3459 non
1113 3391 1521 3476 pollicentur.
1610 3388 1724 3457 Sic
1767 3390 1947 3454 enim
1990 3395 2123 3454 sta-

175 3491 384 3563 tuunt,
423 3481 554 3549 hoc
586 3480 728 3545 fore
763 3479 1005 3564 pignus
1041 3499 1079 3543 o
1129 3497 1390 3562 pressae
1424 3476 1767 3543 libertatis.
1811 3475 1915 3539 Ea
1948 3484 2126 3539 certe

176 3583 272 3636 est
302 3589 531 3634 rernm
574 3565 870 3632 confusio
928 3575 1007 3630 ut
1063 3499 1310 3630 diutius
1367 3564 1652 3629 retinere
1708 3582 1897 3644 posse
1953 3559 2128 3625 hano

176 3654 536 3733 molosiam,
583 3653 814 3718 saltem
858 3671 1008 3716 mea
1034 3670 1247 3734 opera,
1297 3648 1657 3749 desperem.
1675 3651 1734 3732 ὅ)
1798 3647 2129 3712 Dominus

178 3761 398 3827 preces
465 3747 721 3805 vestras
784 3734 1044 3803 assidue
1107 3758 1226 3819 pro
1291 3735 1480 3801 nobis
1544 3733 1786 3799 audiat.
1887 3732 2129 3797 Frater

178 3828 396 3893 omnia
464 3825 701 3891 melius
756 3820 1067 3888 narrabit.
1168 3820 1363 3900 Vale,
1425 3822 1629 3886 firater
1684 3818 2129 3903 integerrime.

179 3911 455 3978 Fratres
533 3931 763 3976 omnes
843 3908 1198 3994 diligenter
1276 3906 1507 3973 saluta.
1645 3905 1960 3972 Genevae
2032 3909 2127 3967 14.

180 3997 488 4065 Decemb.
536 4001 719 4061 1547.
1823 4005 1828 4012 “

1104 4079 1385 4144 Ioannes
1429 4076 1748 4144 Calvinus
1789 4084 1967 4157 tuns.

171 4271 175 4277 “
216 4269 351 4326 975.
392 4272 451 4337 1)
495 4269 672 4340 Quum
707 4267 983 4324 intestinis
1017 4257 1351 4390 maii-iffa
1367 4265 1551 4333 ipsum
1585 4269 1801 4346 anm
1830 4279 2005 4319 vanos
2039 4279 2132 4317 ru·

182 4355 353 4396 nores
383 4340 595 4409 passim
643 4352 871 4407 sparsos
915 4333 1088 4391 addat
1105 4378 1119 4405 ,
1247 4334 1369 4389 udat
1413 4333 1492 4388 acl
1527 4332 1894 4388 Helvetiorum
1936 4339 2135 4387 mum

185 4409 254 4464 ab
299 4410 386 4464 Im
488 4415 641 4462 atero
693 4407 801 4461 eibi
855 4406 1176 4460 timentium.
1256 4401 1443 4459 Nonis
1495 4400 1745 4455 Decemb.
1797 4401 2137 4457 ommes

185 4477 359 4533 Hm
599 4481 727 4530 ante
767 4481 961 4544 portas
1004 4489 1121 4528 esse
1164 4472 1277 4530 sibi
1316 4478 1528 4527 tantum
1580 4486 1695 4525 non
1745 4477 2138 4539 permovit

187 4547 341 4617 (ch.
375 4546 453 4600 dn
487 4545 745 4610 Conseil).

390 4614 449 4749 23
484 4613 694 4694 Apogr.
728 4612 914 4666 omnia
944 4610 1229 4680 praeben&
1261 4610 1576 4664 offeruntur.
1777 4682 1787 4692 ι

189 4684 451 4808 maa-²3.
482 4678 1531 4833 m”„⁶10„²{..²5103÷.3‡.02²5m
1550 4683 2140 4845 &mmmmm

192 4818 1365 4969 msstmt'ffwmm
1387 4820 1907 4952 mmm·
1918 4815 2136 4966 mg:

399 5162 464 5303 ἐξ
488 5164 748 5287 afflues-sa
773 5159 1148 5301 podwin
1181 5228 1398 5299 quidm
1411 5156 1806 5294 πὲἔήιθῗίὸἒιαο
1838 5230 2139 5298 musione,

198 5299 856 5371 oedmmaqisvicta,
1063 5296 2138 5380 nqvadaoeiorainposmupme·

198 5369 786 5440 ”maimanis-a.
930 5365 1393 5437 .prooemanad
1437 5364 1999 5435 Virmn(N.9‘17).

1841 435 2006 499 1547
2049 424 2468 498 NOVEMB.

4037 426 4169 491 630

3116 614 3268 687 976.

2686 769 3189 838 FARELLUS
3232 769 3668 837 CALVINO.

2384 941 2757 1010 Con-sclawo·
2824 942 3099 1007 amicum
3168 960 3246 1006 ω·
3321 941 3529 1008 Vetere
3589 947 3646 1007 et
3716 942 3891 1008 Novo
3954 942 4169 1009 Testa-

2208 1033 2409 1095 mento
2468 1027 2546 1094 dc
2608 1027 2810 1094 iisin
2865 1026 3094 1110 quibus
3146 1027 3618 1094 {amoenatur
3669 1027 4164 1094 discriminibus.

2215 1108 3485 1180 Nmsimalemnoetolimsiomt.

2214 1285 2329 1352 (Ex
2375 1284 2719 1354 autographo
2762 1281 3169 1406 Bssaer‘gil'ioeaeo
3183 1282 3975 1419 pffiorffmmlgeooomensium.
4022 1286 4167 1356 Epp.

2387 1539 2635 1607 Christi
2676 1559 2869 1607 servo
2913 1538 3264 1605 admodum
3305 1539 3415 1623 pio
3460 1548 3526 1606 et
3559 1559 3753 1623 quam
3797 1542 4171 1609 doctissimo

2212 1627 2453 1693 Ioanni
2508 1625 2789 1693 Calvino
2842 1626 3095 1708 pastori
3151 1624 3462 1691 ecclesiae
3516 1626 3930 1694 Genevensis
3982 1627 4172 1693 fratri

2214 1722 2283 1780 et
2323 1720 2734 1798 symmystae
2775 1732 2973 1795 qnam
3015 1711 3366 1778 carissimo.
3582 1797 3914 1866 Gemma·

2388 1932 2460 2001 S.
2548 1934 2887 2011 Christus,
2950 1933 3062 2016 qui
3120 1931 3448 2017 praedixit
3503 1955 3669 2016 quae
3722 1933 3832 2002 hic
3875 1956 3996 2001 nos
4040 1954 4177 2001 ma·

2215 2029 2423 2086 neaut
2465 2020 2854 2086 afflictiones
2897 2027 2964 2084 et
3004 2039 3235 2102 parem
3255 2088 3259 2092 ,
3277 2041 3400 2085 nos
3433 2020 3505 2084 in
3541 2040 3612 2086 se
3646 2019 4006 2099 habituros,
4050 2021 4177 2086 tibi

2216 2106 2390 2172 adsit
2432 2117 2500 2171 et
2542 2116 2764 2173 tecum
2808 2103 3139 2183 omnibus,
3195 2106 3306 2188 qui
3362 2126 3494 2171 non
3535 2126 3771 2189 parum
3815 2115 4173 2192 anguntur.

2216 2193 2491 2259 Fratres
2533 2212 2738 2276 paene
2786 2211 3014 2257 omnes
3070 2190 3145 2255 in
3196 2212 3454 2257 summo
3512 2199 3724 2276 agunt
3775 2191 4171 2271 discrimine,

2217 2277 2389 2363 quod
2433 2298 2590 2344 sane
2631 2277 2741 2345 vel
2783 2276 3012 2342 audire
3054 2285 3158 2343 est
3199 2277 3390 2344 valde
3432 2298 3652 2362 grave.
3719 2275 3854 2343 Sed
3897 2299 4033 2344 non
4067 2299 4175 2344 re·

2218 2371 2415 2448 putat
2472 2363 2620 2448 pius
2673 2368 2864 2447 pater
2904 2361 2975 2426 id
3020 2363 3179 2428 satis
3224 2384 3368 2430 esse
3419 2371 3496 2427 ut
3538 2363 3768 2429 alienis
3824 2372 4175 2449 tangamur

2219 2449 2449 2516 malis:
2508 2448 2790 2533 singulis
2847 2449 3114 2533 propria
3169 2455 3272 2514 est
3327 2447 3643 2534 gestanda
3684 2470 3865 2529 crux,
3911 2457 3980 2514 et
4020 2449 4177 2521 licet

2220 2536 2419 2620 longe
2461 2556 2664 2617 snpra
2703 2534 2881 2600 vires
2923 2533 3225 2600 videatur
3268 2555 3464 2614 onus,
3525 2542 3594 2600 et
3647 2556 3795 2601 cum
3840 2543 4176 2601 servatore

2223 2642 2488 2688 necesse
2547 2620 2903 2687 habeamus
2979 2619 3312 2704 deprecari
3377 2620 3680 2704 poculum
3744 2642 3785 2686 a
3846 2619 4035 2687 nobis
4101 2627 4178 2687 ut

2222 2712 2535 2787 transeat,
2584 2712 2807 2771 tamen
2849 2704 3065 2771 fidelis
3122 2713 3222 2772 est
3282 2725 3358 2772 ao
3414 2726 3619 2771 verax
3636 2757 3652 2785 ,
3710 2727 3833 2772 nec
3889 2708 4178 2789 patietur

2223 2815 2343 2860 nos
2383 2793 2627 2859 tentari
2671 2813 2870 2877 supra
2914 2790 2983 2856 id
3027 2791 3198 2875 quod
3242 2813 3364 2857 sua
3396 2793 3608 2877 gratia
3649 2812 4016 2875 possumus,
4060 2790 4178 2859 sed

2225 2878 2407 2945 dabit
2466 2878 2723 2945 felicem
2776 2879 3043 2943 exitum.
3153 2878 3441 2943 Tantum
3505 2876 3659 2942 fidei
3722 2876 4026 2963 clypeum
4094 2899 4179 2943 ne

2226 2964 2603 3031 abiiciamus
2621 3016 2635 3040 ,
2696 2985 2728 3029 s
2773 2984 2811 3029 e
2865 2983 2999 3028 non
3056 2963 3465 3043 excidamus,
3520 2964 3757 3046 quibus
3797 2971 3866 3028 te
3909 2964 4179 3048 spiritus

2226 3049 2480 3118 Christi
2522 3048 2709 3117 reddi
2759 3051 2807 3115 ’t
2851 3070 3049 3135 quam
3085 3048 3685 3131 instructissimum,
3730 3063 3813 3118 ut.
3848 3048 4046 3135 probe
4080 3058 4178 3117 te-

2225 3157 2383 3203 neas
2427 3156 2565 3201 non
2608 3136 2830 3202 statim
2874 3137 3075 3202 finem
3116 3136 3222 3202 his
3264 3137 3592 3216 futurum,
3648 3134 3764 3202 sed
3804 3137 3997 3203 initia
4037 3156 4181 3204 esse

2225 3230 2507 3288 tantum.
2596 3223 2853 3288 Verum
2897 3223 2955 3289 is
2999 3223 3108 3305 qni
3152 3221 3365 3306 coepit
3420 3223 3491 3287 in
3535 3222 3723 3289 nobis
3776 3243 3940 3306 opus
3985 3244 4181 3289 suum

2229 3307 2544 3375 absolvet.
2635 3305 2903 3388 Quanta
2946 3316 3047 3373 est
3097 3307 3338 3374 fiducia
3383 3329 3608 3374 eorum
3654 3310 3766 3392 qni
3810 3308 3982 3375 bona
4024 3329 4181 3375 con-

2230 3394 2511 3462 scientia
2575 3413 2792 3458 coram
2859 3392 3149 3460 Domino
3213 3404 3514 3478 pergunt.
3613 3395 3758 3479 Ego
3823 3415 3982 3460 sane
4048 3415 4183 3460 non

2229 3481 2418 3565 prins
2458 3478 2592 3546 hnc
2632 3500 2717 3543 ex
2762 3486 2826 3544 te
2869 3489 2937 3543 et
2972 3479 3181 3545 Vir-eto
3225 3501 3330 3545 me
3373 3480 3607 3563 recepi,
3637 3484 3687 3557 ¹)
3733 3482 3892 3563 quin
3936 3480 4182 3565 cogita-

2230 3568 2444 3634 verim
2490 3565 2734 3631 amicos
2777 3564 3026 3630 scilicet
3068 3573 3326 3631 nostros
3375 3587 3454 3631 ea
3497 3565 3785 3632 dicturos
3827 3586 3992 3649 quae
4034 3575 4184 3632 tan·

2233 3652 2383 3718 dem
2421 3673 2506 3716 ex
2544 3649 2749 3716 Virdo
2791 3650 3031 3717 andivi.
3099 3650 3277 3717 Sane
3311 3652 3473 3719 haec
3517 3663 3617 3718 est
3653 3673 3903 3719 merces
3945 3672 4189 3736 magna

2235 3738 2441 3817 nobis,
2482 3735 2656 3821 quod
2699 3756 2784 3801 ex
2826 3737 3044 3801 animo
3086 3737 3318 3821 pietati
3361 3737 3704 3803 studentes
3738 3747 3804 3803 et
3838 3737 4017 3803 aliud
4054 3759 4186 3804 non

2235 3831 2625 3909 quaerentes
2677 3842 2875 3906 quam
2931 3821 3180 3888 Christi
3234 3823 3439 3888 nostri
3493 3822 3768 3908 gloriam
3826 3832 3896 3889 et
3936 3824 4188 3889 anima-

2234 3931 2389 3975 rum
2433 3910 2714 3975 salutem
2734 3961 2749 3988 ,
2804 3907 3220 3974 ecclesiarum
3280 3908 3815 3988 aedificationem,
3859 3910 4031 3975 male
4073 3929 4189 3975 au-

2236 3994 2528 4061 diamus:
2577 4003 2804 4078 utpote
2848 3994 2962 4077 qui
3004 3993 3213 4059 malos
3255 4006 3579 4060 sectemur
3622 3996 3912 4075 affectus,
3957 3994 4192 4079 quibus

2236 4078 2655 4165 perficiendis
2696 4078 3094 4146 studeamus.
3181 4079 3451 4147 Utinam
3504 4100 3843 4164 nunquam
3886 4081 4012 4161 illi,
4069 4101 4192 4149 neo

2238 4188 2360 4234 nos
2406 4188 2558 4232 cnm
2601 4165 2751 4245 illis,
2799 4164 2981 4230 aliud
3023 4186 3320 4249 unquam
3354 4166 3576 4231 minus
3619 4166 3905 4233 salutare
3947 4167 4192 4252 eogita-

2236 4273 2461 4318 remus
2477 4304 2491 4332 ,
2562 4251 2927 4318 diceremus
2994 4258 3114 4316 aut
3169 4270 3546 4336 ageremus:
3614 4271 3811 4335 quam
3873 4251 4195 4319 haberent

2236 4339 2459 4405 omnia
2514 4337 2781 4404 melius!
2871 4337 3019 4422 Ego
3068 4343 3332 4402 tantum
3386 4338 3455 4402 in
3510 4337 3660 4403 illos
3711 4360 3856 4404 sum
3916 4338 4191 4404 affectus

2238 4431 2314 4489 ut
2355 4422 2596 4490 vellem
2639 4421 3007 4489 mercedem
3048 4429 3254 4488 totam
3298 4423 3369 4488 in
3414 4424 3545 4489 hac
3582 4433 3767 4507 parte
3810 4423 3976 4489 mihi
4018 4421 4193 4490 deoi-

2239 4508 2414 4591 dere,
2458 4508 2653 4574 modo
2697 4508 2829 4574 illis
2872 4506 3142 4574 daretur
3182 4508 3584 4595 intelligere,
3646 4510 3703 4575 si
3745 4530 3879 4575 non
3923 4518 4191 4588 norunt,

2239 4616 2366 4680 quo
2408 4595 2700 4660 feramur
2752 4594 3003 4674 animo,
3059 4602 3128 4659 et
3179 4596 3426 4680 gratias
3483 4602 3756 4680 agerent
3795 4595 3942 4660 Deo
3996 4615 4194 4678 super

2238 4680 2689 4748 misericordia
2730 4701 2852 4746 sna
2866 4731 2884 4760 ,
2941 4682 2997 4746 si
3056 4690 3191 4745 tam
3243 4688 3470 4747 sancta
3527 4689 3596 4747 et
3647 4680 3758 4763 pia
3801 4702 3935 4747 non
3975 4687 4196 4764 potest

2238 4768 2592 4851 impiorum
2636 4766 3020 4850 improbitas
3053 4766 3243 4833 ferre.
3332 4767 3581 4833 Mirum
3624 4787 3786 4832 sane
3828 4766 3886 4832 si
3927 4773 4197 4850 possent

2239 4873 2408 4937 quae
2469 4852 2721 4918 Viretus
2763 4853 3025 4937 scripsit
3067 4852 3251 4931 (licet
3292 4873 3428 4919 non
3468 4852 3662 4936 plene
3697 4873 3806 4918 eos
3850 4850 4190 4937 depingat:

2239 4939 2387 5023 quis
2431 4938 2609 5005 enim
2651 4935 2718 5002 id
2762 4937 2989 5005 fecerit
2998 4936 3065 5022 ⁴2)
3124 4938 3349 5023 aequis
3413 4938 3649 5004 animis
3692 4939 3885 5004 ferre.
3973 4936 4195 5020 Quam

2276 5228 2416 5312 {³¹⁷⁶-
2452 5227 2514 5294 1)
2551 5228 2643 5313 D?
2675 5231 2878 5311 (canti
2895 5228 3121 5312 Far-elli·
3142 5229 3337 5284 itinere
3374 5228 3454 5293 (si
3484 5226 3700 5299 quidem
3734 5227 3869 5284 haec
3900 5236 3965 5284 ut
3995 5243 4194 5283 me

2237 5296 4197 5505 wmwwffiffffitffim
