4825 6175
178 427 281 489 229

169 610 535 680 confecimus
579 608 847 694 negotia
889 609 1262 679 domestica.
1284 612 1345 691 ²)
1432 610 1561 679 Est
1618 616 1839 677 tamen
1884 608 2101 697 adhuc

169 696 510 765 necessaria
563 694 785 762 brevis
838 715 1056 775 mora,
1124 718 1289 780 quae
1358 718 1554 779 quam
1609 695 1699 761 sit
1753 695 1975 780 gravis
2037 701 2104 761 et

168 782 416 850 molesta
470 781 954 849 contabescenti
1019 779 1132 867 pio
1197 782 1510 851 ecclesiae
1579 778 1901 849 desiderio
1959 778 2104 866 ipse

240 875 329 934 tes
382 866 690 934 iudicare.
795 866 930 935 Sed
992 875 1218 935 tamen
1272 867 1454 934 dabit
1504 867 1692 933 Deus
1751 865 2103 951 aliquando

212 956 224 970 ⁰
296 973 543 1037 quoque
585 953 806 1018 finem.
896 952 1052 1035 Qua
1107 975 1222 1039 spe
1277 954 1544 1020 interim
1599 964 1934 1035 utcunque
1976 951 2103 1019 ful-

165 1041 392 1107 ciemus
435 1046 502 1104 et
544 1039 875 1124 erigemus
917 1039 1360 1106 labascentem
1402 1041 1718 1118 animum,
1765 1040 1878 1123 qui
1917 1059 2103 1122 pror·

163 1148 262 1193 sus
302 1125 686 1204 concideret,
733 1125 863 1190 nisi
902 1134 1118 1193 certus
1163 1134 1337 1192 esset
1391 1126 1660 1195 tandem
1702 1124 1976 1191 eluctari
2020 1146 2106 1190 ex

163 1211 326 1279 hisce
367 1210 578 1277 malis.
668 1208 1091 1278 Obiiciuntur
1133 1210 1400 1296 quidem
1451 1211 1561 1278 hic
1616 1231 1826 1276 novae
1881 1210 2104 1289 tricae,

162 1296 266 1364 sed
305 1318 437 1362 non
481 1295 829 1362 involvent
886 1297 1014 1363 alio
1067 1306 1550 1382 properantem.
1638 1297 1929 1363 Valeant
1971 1317 2106 1361 om-

157 1386 260 1450 nia
301 1381 525 1450 Circes
578 1382 833 1465 pocula,
878 1382 1144 1449 valeant
1186 1405 1342 1467 opes
1385 1391 1455 1449 et
1495 1383 1781 1449 honores
1799 1433 1815 1463 ,
1869 1380 2108 1464 quibus

158 1480 466 1553 tanquam
508 1468 770 1534 fascinis
815 1467 1088 1535 miseros
1136 1469 1449 1535 mortales
1490 1470 1788 1534 incantat
1829 1468 2108 1551 praesti-

202 1556 358 1619 'ator
423 1555 531 1620 hic
597 1553 900 1621 mundus.
1016 1555 1195 1620 Malo
1263 1576 1412 1621 cum
1486 1553 1749 1619 Davide
1816 1553 2106 1619 abiectus

159 1578 445 1707 desidere
490 1640 572 1705 ad
607 1639 814 1706 limen
848 1639 1079 1706 domus
1099 1641 1392 1719 Domini,
1438 1661 1634 1724 quam
1676 1661 1919 1725 magno
1955 1659 2108 1705 cum

155 1725 493 1810 splendore
515 1727 764 1791 versari
799 1727 872 1790 in
907 1726 1210 1792 tentoriis
1253 1727 1628 1811 impiorum.
1697 1725 1894 1792 Oerte
1930 1746 2107 1791 nunc

156 1813 310 1878 mihi
366 1812 642 1877 sordent
699 1812 952 1889 omnia,
1016 1820 1094 1878 ut
1149 1812 1368 1896 potiar
1421 1813 1546 1877 hoc
1601 1813 1802 1889 bono,
1860 1819 1927 1876 et
1986 1810 2106 1876 ali-

155 1897 409 1982 quando
479 1897 684 1963 libere
748 1898 878 1963 frui
945 1899 1192 1982 possim
1250 1898 1415 1965 meis
1480 1898 1846 1974 amoribus,
1913 1905 2108 1979 atque

154 1983 304 2050 adeo
378 1984 619 2050 liberos
683 1984 972 2068 gemitus
1048 1985 1382 2061 omittere,
1462 2005 1625 2068 quos
1690 1990 2109 2066 erumpentes

154 2069 430 2153 amplius
476 2067 778 2137 cohibere
821 2091 1087 2152 nequeo.
1194 2070 1369 2135 Nam
1424 2079 1489 2134 et
1546 2090 1672 2154 quo
1729 2069 1940 2155 magis
1999 2068 2107 2135 hio

149 2156 471 2240 premitur
515 2162 696 2220 tanto
741 2155 954 2239 magis
998 2162 1256 2221 aestuat
1296 2156 1490 2240 ignis.

312 2240 545 2322 Quum
604 2262 898 2308 essemus
943 2238 1447 2392 Argentorati?
1491 2241 1777 2326 agebant
1841 2239 2105 2309 amici⁴)

147 2328 490 2393 nobiscum
536 2326 618 2391 de
660 2327 1061 2410 professione
1095 2327 1387 2412 iurispru
1435 2328 1671 2406 entiae,
1717 2325 1890 2410 quod
1931 2347 2107 2393 mor-

149 2425 295 2478 tuus
363 2420 540 2478 esset
600 2413 825 2479 doctor
887 2412 1151 2479 Bebeon.
1175 2413 1234 2495 ⁵)
1344 2414 1489 2498 Ego
1529 2413 1682 2478 alio
1745 2433 2108 2497 properans

141 2499 299 2564 nihil
372 2499 540 2564 certi
599 2497 921 2582 respondi.
1034 2498 1204 2563 Nam
1272 2507 1339 2564 et
1403 2508 1654 2566 certum
1717 2507 1863 2564 erat
1926 2500 2107 2581 prius

145 2592 320 2649 tuum
383 2606 470 2649 ex
516 2584 730 2651 lorare
787 2584 1108 2649 iudicium
1154 2590 1219 2649 et
1263 2586 1628 2650 consilium.
1719 2583 1796 2649 Si
1840 2582 1957 2648 tibi
2010 2584 2103 2648 vi-

143 2669 405 2735 debitur
530 2691 652 2735 anc
721 2678 1003 2735 aetatem
1086 2670 1541 2755 occupandam
1605 2668 1910 2737 civilibus
1973 2669 2108 2737 illis

142 2755 344 2821 literis
393 2777 565 2839 quae
610 2777 729 2821 nos
787 2755 1110 2822 hactenus
1165 2765 1592 2840 occuparunt,
1635 2756 1902 2821 interim
1948 2754 2106 2821 dum

139 2842 306 2908 vires
353 2841 742 2925 colligemus
799 2861 990 2924 pares
1046 2850 1114 2906 et
1169 2842 1578 2909 necessarias
1631 2841 1864 2907 maiori
1922 2841 2108 2907 func-

137 2926 319 3006 tioni,
339 2929 402 3003 ⁶)
453 2927 620 2992 nihil
664 2929 883 2993 oneris
927 2948 1157 2993 recuso
1193 2928 1368 3011 quod
1406 2929 1598 2994 amici
1635 2926 1955 2993 iubebunt
1989 2947 2110 2991 nos
2145 2951 2157 2960 ⁶

139 3012 377 3079 subire.
476 3013 567 3077 Et
624 3013 923 3079 fortassis
980 3014 1307 3079 Dominus
1366 3013 1717 3098 aliquando
1773 3034 1894 3078 nos
1954 3010 2107 3078 inde

49 3141 50 3150 κ
135 3111 538 3166 avocatur-us
603 3108 702 3166 est
766 3100 850 3165 ad
913 3100 1354 3166 ministerium
1412 3101 1752 3179 ecclesiae,
1819 3107 1896 3165 ut
1948 3099 2108 3164 olim

136 3184 697 3270 Chrysostomum
763 3207 803 3250 a
870 3187 1084 3251 causis
1137 3186 1537 3265 forensibus,
1596 3185 2024 3251 Ambrosium
2070 3206 2110 3249 a

49 3269 50 3272 ’
132 3272 413 3352 profana
464 3273 875 3355 praefectura
917 3273 1228 3337 evocavit.
1319 3272 1476 3351 Fac,
1531 3273 1624 3337 mi
1667 3280 1875 3354 pater,
1921 3270 2107 3335 obse-

136 3377 259 3437 cr0,
303 3368 386 3423 ut
437 3356 787 3423 resciscam
832 3355 988 3439 quid
1030 3358 1152 3423 tibi
1187 3357 1506 3423 videatur.
1575 3359 1678 3422 'I'u
1714 3357 1893 3421 enim
1933 3378 2107 3421 unus

133 3463 198 3507 es
242 3464 284 3508 a
330 3443 532 3508 cuius
576 3442 844 3508 oonsilio
887 3450 1068 3508 totus
1112 3442 1382 3528 pendeo.

299 3528 479 3595 Misi
520 3527 603 3592 ad
646 3537 906 3594 nostros
948 3529 1552 3613 Argentoratenses
1598 3526 1857 3611 aliquod
1899 3528 2109 3611 speci-

132 3634 281 3680 men
367 3613 670 3680 civilium
749 3621 1125 3680 nostrarum
1216 3613 1781 3694 lucubrationum,
1872 3613 2108 3696 quibus

135 3699 420 3765 edundis
457 3699 570 3765 hic
620 3697 972 3765 fefellimus
1007 3699 1299 3765 taedium
1339 3698 1754 3765 tristissimae
1789 3720 2029 3764 morae.
2053 3704 2108 3776 ⁷)

131 3783 202 3850 Si
246 3785 528 3869 quando
574 3785 919 3869 scripseris
963 3785 1046 3849 ad
1071 3785 1155 3850 D.
1186 3786 1479 3850 Felinum
1497 3788 1555 3860 ⁸)
1600 3785 1705 3849 vel
1737 3784 2106 3863 fflamium,

130 3883 278 3952 peto
315 3879 402 3938 ut
425 3872 640 3937 nostri
660 3871 1061 3951 memineris,
1099 3872 1229 3937 nisi
1262 3870 1445 3936 aliud
1483 3872 1699 3937 visum
1735 3871 1855 3937 tibi
1887 3871 2104 3936 fuerit.

133 4031 316 4038 ——..-—-
339 4031 558 4039 ...ρ-

332 4110 400 4180 2)
449 4109 512 4164 F
507 4114 740 4166 ortaseis
773 4114 936 4166 etiam
971 4111 1373 4165 Atrebatensia.

329 4179 396 4316 δὲ
449 4176 572 4246 Quo
607 4196 664 4235 se
699 4182 1002 4263 complerat
1034 4180 1225 4234 relicta
1268 4178 1503 4233 Geneva.
1761 4247 1772 4260 ‘

330 4249 370 4303 4
438 4249 633 4304 Erant
666 4250 745 4303 ibt
778 4264 895 4304 etus
1076 4248 1222 4302 lares
1252 4247 1533 4314 Pollanus,
1556 4246 1851 4329 Fallesgas,
1892 4247 2103 4329 Garru-

125 4318 244 4397 '·‘'¹‘⁸
215 4361 378 4455 Μ’
292 4317 680 4442 rma
692 4318 911 4440 {3513
962 4318 1378 4454 1052233‘3022?
1393 4315 2107 4454 aeffmf‘wgssgt‘zae

127 4400 254 4507 xm
292 4472 543 4524 quorum
577 4404 807 4509 nonaria
839 4428 997 4536 infra
1034 4402 1391 4535 occurrunt-9
1473 4523 1485 4535 .

125 4525 270 4658 inor.
309 4521 1535 4674 eilfflqssissi‘iff‘issssffagssffssaeffl
1556 4522 2104 4672 ‚iffwil‘zffalmssi‘ss

128 4674 168 4714 c.
206 4675 259 4713 a.
297 4659 454 4715 1550
490 4667 760 4743 mortuno·
795 4660 945 4715 ducat.
1022 4658 1193 4741 Cacus
1226 4675 1338 4714 vm
1381 4658 1595 4713 scheda
1629 4659 1956 4715 academncw
1991 4659 2099 4740 4,·-

125 4733 670 4854 menig-petiam,
716 4744 837 4797 npse
870 4728 1192 4783 Baldumas
1238 4744 1333 4782 eas
1373 4735 1567 4796 postea
1614 4744 1711 4782 suo
1748 4731 1847 4783 sub
1883 4744 2103 4783 nomme

174 4936 182 4947 1
335 4868 396 4934 6)
447 4867 517 4921 Si
547 4866 680 4948 haec
712 4869 918 4920 sineere
953 4865 1101 4921 dicta
1136 4871 1303 4948 sant,
1338 4881 1473 4920 sane
1517 4881 1779 4946 maynam·
1808 4881 1938 4934 crya
1979 4865 2097 4920 Gal-

126 4949 312 4989 mum
352 4938 769 4992 obser-cantum
802 4939 1102 5000 testantur,
1147 4935 1327 5006 qualos
1374 4941 1502 4989 tunc
1550 4941 1804 5004 temperas
1854 4950 1965 4988 esse
2011 4933 2098 4987 de-

337 5073 398 5140 7)
447 5072 633 5142 Opera
650 5070 926 5126 Balduim‘
943 5071 1187 5126 iuridica
1210 5078 1446 5127 recenset
1467 5072 1795 5127 Heineccius
1826 5073 1887 5124 in
1915 5070 2098 5140 praef.

128 5141 202 5195 ad
249 5145 258 5154 '
345 5145 357 5156 '
433 5142 744 5196 rudentium
778 5157 1060 5196 romanam
1106 5147 1157 5196 et
1188 5144 1429 5196 atticam.
1503 5142 1572 5195 L.
1609 5141 1678 5195 B.
1719 5139 1875 5194 1⁷38.
1952 5140 2100 5194 Tom.

134 5208 179 5262 1.
215 5208 336 5278 (Cf.
447 5228 560 5281 aaq
593 5211 664 5264 ΙΙ.
702 5207 812 5280 32).
886 5209 1148 5264 Fortasse
1183 5211 1271 5265 hic
1305 5211 1548 5281 loquitur
1583 5210 1648 5264 de
1687 5210 2103 5266 Commentariis

130 5280 188 5334 ὑι
220 5282 274 5336 11.
315 5281 433 5335 IV.
481 5279 683 5334 Institt.
723 5276 857 5334 Par.
898 5278 1048 5333 1546.

335 5349 400 5416 8)
443 5348 734 5405 Buces-um.

1781 468 1788 481 .
1841 422 2003 487 1545
2048 417 2465 491 DEOEMB.
2492 482 2499 493 .

4043 424 4169 487 230

2375 609 2587 677 Porro
2622 608 2779 694 quid
2815 613 3041 677 noster
3075 610 3227 677 Ant.
3245 609 3304 693 ⁹)
3349 631 3527 677 nunc
3561 609 3869 677 moliatur
3904 611 3976 677 in
4010 611 4168 678 Bel-

2207 693 2374 778 gica,
2419 692 2578 778 ipse,
2624 694 2875 779 opinor,
2919 696 3109 763 nosti.
3171 694 3307 762 Sed
3350 695 3634 781 agedum
3676 698 3993 763 confirma
4035 699 4171 765 tuis

2209 778 2693 849 hortationibus
2754 782 2896 867 pios
2948 782 3307 881 principes,
3363 804 3449 847 ne
3499 780 3736 848 cedant
3798 784 3997 850 minis
4053 791 4169 849 aut

2209 866 2573 932 terroribus
2630 866 2868 932 larvati
2929 876 3225 953 tyranni:
3283 868 3491 933 multo
3549 872 3771 934 minus
3832 870 4169 952 patiantur

2209 973 2350 1019 sese
2394 952 2651 1019 insidiis
2695 954 3178 1021 circumveniri.
3245 953 3601 1020 Consolare
3645 975 3901 1037 quoque
3941 977 4169 1022 omnes

2208 1036 2531 1118 ecclesias,
2567 1059 2652 1105 ne
2687 1040 3128 1123 percellantur
3164 1039 3698 1105 adversariorum
3732 1040 4170 1124 improbitate,

2210 1136 2326 1188 aut
2393 1125 2547 1190 ullis
2613 1125 2939 1191 scandalis
2992 1128 3406 1210 frangantur.
3494 1127 3597 1189 'Pu
3641 1148 3712 1191 es
3768 1149 3940 1193 unus
3996 1128 4170 1192 inter

2209 1208 2458 1292 primos
2516 1231 2710 1293 quem
2766 1212 3096 1279 Dominus
3152 1214 3395 1278 excitat
3454 1233 3571 1276 suo
3632 1211 3929 1279 classico:
3983 1214 4053 1277 in
4103 1223 4169 1277 te

2211 1297 2423 1361 omnis
2467 1294 2699 1362 domus
2740 1297 3058 1363 inclinata
3112 1297 3450 1363 recumbit.
3540 1297 3723 1381 Ergo
3767 1299 4063 1364 infractis
4106 1306 4173 1363 et

2210 1380 2561 1462 impavidis
2596 1382 2833 1447 animis
2868 1385 3122 1449 sustine
3156 1384 3398 1448 molem
3432 1384 3602 1447 tanti
3639 1385 3871 1466 operis,
3916 1392 3995 1448 ut
4037 1404 4175 1451 non

2213 1466 2403 1531 modo
2448 1465 2650 1533 verbo
2694 1469 2965 1533 Domini
3022 1469 3340 1534 retundas
3394 1469 3668 1535 furiosos
3725 1481 3996 1536 conatus
4052 1468 4168 1535 ad·

2213 1552 2681 1633 versariorum,
2740 1554 2857 1619 sed
2909 1556 3110 1619 etiam
3165 1554 3375 1621 indies
3429 1557 3643 1639 magis
3701 1564 3897 1638 atque
3956 1557 4170 1639 magis

2212 1658 2535 1723 propages
2578 1640 2910 1721 pomoeria
2951 1641 3141 1725 regni
3184 1641 3549 1707 christiani.
3637 1640 3826 1707 Solet
3867 1643 3986 1706 tibi
4029 1643 4169 1724 pla-

2213 1744 2361 1789 cere
2395 1732 2631 1789 notum
2667 1725 3045 1809 exemplum
3081 1727 3480 1793 sanctissimi
3516 1726 3734 1794 herois
3773 1727 3835 1793 N
3839 1727 4167 1793 ehemiae:

2211 1811 2268 1875 is
2315 1809 2481 1875 vidit
2539 1812 2763 1877 tristes
2815 1812 3043 1877 ruinas
3098 1811 3396 1878 funditus
3452 1835 3723 1879 eversae
3779 1813 3991 1890 urbis,
4052 1813 4171 1879 sed

2213 1894 2412 1961 nullis
2459 1895 2955 1963 difficultatibus
2999 1900 3192 1964 cessit
3235 1898 3567 1965 excelsum
3612 1908 3855 1983 pectus.
3944 1899 4170 1965 Etiam

2210 1982 2630 2066 progreditur
2672 2004 2789 2065 per
2831 1982 3080 2050 medios
3124 1984 3439 2050 ruderum
3491 1985 3812 2065 cumulos,
3869 1985 3984 2069 qui
4038 1988 4171 2051 iam

2212 2068 2357 2133 vias
2379 2089 2609 2133 omnes
2649 2067 3127 2134 obstruxerant.
3175 2068 3552 2136 Obturbant
3587 2071 3808 2137 hostes
3841 2072 4173 2137 intentum

2213 2173 2252 2217 o
2300 2154 2415 2232 eri,
2461 2163 2531 2218 et
2571 2156 2955 2238 conspirant
2987 2155 3302 2222 adversus
3346 2178 3497 2221 eum
3541 2157 4167 2241 pseudoprophetae.

2269 2239 2350 2304 ed
2386 2238 2597 2304 nihilo
2632 2242 2853 2307 minus
2893 2250 3115 2307 tuetur
3151 2262 3339 2308 suam
3377 2244 3743 2308 stationem.
3789 2243 3986 2308 Iubet
4019 2263 4171 2309 suos

2213 2324 2450 2407 gladiis
2490 2326 2812 2392 accinctos
2853 2348 3074 2393 secum
3119 2329 3191 2393 in
3234 2349 3430 2411 opere
3474 2328 3713 2394 durare
3756 2339 3874 2395 eto.
3966 2329 4172 2395 Hunc

2213 2412 2437 2476 virum
2504 2412 2864 2495 principem
2931 2416 3184 2496 quoties
3250 2416 3617 2493 intuemur,
3680 2424 3754 2479 tu
3811 2416 4035 2481 statim
4097 2416 4172 2479 in

2212 2506 2472 2563 nostros
2514 2497 2733 2562 oculos
2777 2498 3083 2565 incurris.
3172 2499 3244 2564 Is
3290 2521 3515 2566 muros
3558 2501 3845 2567 civitatis
3889 2506 4169 2580 sanctae,

2213 2583 2324 2665 qui
2379 2584 2513 2647 iam
2569 2582 2865 2649 ducentis
2922 2585 3058 2649 fere
3124 2586 3317 2651 annis
3382 2587 3745 2663 iacuerant,
3814 2588 4034 2670 erigit:
4099 2595 4174 2651 tu

2212 2688 2346 2733 non
2390 2669 2635 2733 minori
2679 2669 2895 2734 studio
2936 2670 3113 2736 idem
3157 2681 3470 2755 praestas.
3526 2672 3872 2738 Intersunt
3909 2671 4176 2755 quidem

2214 2775 2541 2819 annorum
2587 2755 2716 2820 duo
2763 2756 2986 2835 millia,
3033 2756 3148 2822 sed
3185 2757 3447 2823 collatio
3484 2766 3551 2822 et
3584 2757 3942 2823 similitudo
3985 2757 4173 2823 facile

2214 2841 2560 2924 coniungit
2637 2840 2832 2924 longo
2910 2852 3283 2925 temporum
3362 2843 3715 2909 intervallo
3795 2843 4169 2909 disiunctos.

2213 2925 2489 2992 Utinam
2536 2947 2693 2991 vero
2735 2947 2873 2991 non
2916 2927 3143 2994 videas
3187 2949 3358 3012 quae
3402 2939 3549 3011 post
3591 2929 3966 2995 absolutum
4007 2928 4172 2995 illud

2215 3033 2404 3077 suum
2466 3032 2627 3096 opus
2684 3013 2854 3077 vidit
2908 3013 3287 3079 Nehemias.
3377 3014 3564 3079 Vidit
3620 3036 3814 3081 suum
3858 3016 4177 3101 populum

2212 3099 2442 3164 multis
2478 3098 2691 3163 modis
2724 3100 3161 3182 inquinatum,
3197 3101 3367 3165 vidit
3402 3102 3726 3185 templum
3762 3103 4178 3184 profanatum

2213 3184 2566 3268 parricidio
2611 3185 2966 3251 sacerdotis
3010 3195 3077 3251 et
3114 3186 3575 3252 insolescentia
3626 3188 3889 3255 barbari
3933 3189 4173 3254 hostis:

2213 3277 2292 3335 ut
2333 3271 2632 3335 omittam
2687 3275 2912 3354 paucis
2967 3281 3115 3356 post
3171 3273 3315 3337 eius
3371 3280 3652 3338 mortem
3709 3276 3900 3340 annis
3944 3274 4178 3340 urbem

2212 3356 2425 3439 ipsam
2464 3377 2504 3421 a
2537 3355 2920 3421 Ptolomaeo
2955 3357 3188 3423 fraude
3226 3368 3624 3441 occupatam.
3680 3359 3817 3424 Sed
3852 3360 4178 3426 Dominus

2214 3461 2484 3507 suorum
2543 3441 2992 3524 miserebitur,
3046 3464 3167 3510 nec
3224 3443 3631 3527 derelinquet
3687 3444 3809 3509 sibi
3866 3444 4180 3511 fidentem

2214 3526 2576 3593 ecclesiam.
2666 3526 2823 3608 Qua
2882 3543 3027 3612 spe,
3093 3528 3188 3594 mi
3253 3537 3472 3613 pater,
3538 3531 3880 3614 erigimus,
3921 3533 4177 3598 animos

2212 3613 2512 3678 tristibus
2556 3612 2916 3680 infelicium
2963 3622 3337 3698 temporum
3440 3618 3714 3681 ortentis
3769 3619 4175 3700 perterritos.

2389 3698 2526 3765 Sed
2570 3698 2650 3765 de
2694 3700 2800 3765 his
2844 3700 3025 3766 alias.
3090 3702 3338 3767 Noster
3448 3703 3777 3786 amundus
3798 3705 3882 3852 ¹⁰3
3927 3704 4065 3787 agit
4108 3705 4180 3769 in

2212 3783 2541 3864 Picardia,
2586 3792 2662 3850 ut
2705 3784 2970 3852 tandem
3012 3787 3289 3869 recipiat
3331 3809 3606 3852 uxorem
3648 3810 3803 3854 cum
3884 3798 4006 3855 ote.
4075 3791 4182 3855 De

2212 3872 2482 3953 reliquis
2542 3872 2771 3953 scripsi
2828 3894 2912 3936 ex
2967 3874 3427 3957 Argentorato.
3517 3872 3744 3954 Quum
3802 3876 4047 3941 scribes
4095 3875 4183 3940 ad

2211 3956 2296 4021 D.
2346 3955 2704 4035 Falesium,
2765 3958 3153 4023 commenda
3195 3980 3315 4024 nos
3360 3961 3923 4043 praestantissimo
3968 3961 4172 4028 heroi.

2211 4039 2444 4122 Quum
2488 4044 2916 4125 Argentorati
2963 4065 3272 4121 essemus,
3318 4045 3560 4111 iniecta
3604 4054 3707 4110 est
3750 4069 3790 4111 a
3832 4048 4173 4114 nonnullis

2209 4127 2529 4209 quaedam
2574 4128 2822 4193 mentio
2867 4127 2947 4193 de
2992 4131 3293 4213 coniugio
3348 4150 3496 4196 cum
3543 4131 3749 4197 altera
3793 4155 3877 4197 ex
3921 4133 4175 4202 duabus

2209 4213 2342 4276 illis
2381 4211 2671 4279 heroinis
2715 4215 3050 4280 sororibus
3094 4237 3256 4299 quas
3300 4218 3592 4299 nosti.¹¹)
3651 4213 3829 4297 Quid
3874 4221 3992 4284 tibi
4030 4242 4066 4285 e
4101 4241 4173 4286 re

2207 4307 2440 4364 nostra
2478 4300 2613 4364 fore
2657 4299 2978 4380 videatur,
3024 4321 3258 4384 precor
3298 4313 3375 4367 ut
3407 4304 3574 4368 mihi
3610 4306 3882 4387 aperias.
3943 4306 4172 4372 Bonus

2207 4384 2320 4448 ille
2363 4384 2650 4450 famulus
2698 4384 2853 4466 copi
2907 4406 3113 4454 novas
3157 4387 3267 4452 hic
3309 4389 3445 4453 fere
3490 4390 3679 4455 nobis
3726 4391 3953 4455 turbas
3996 4392 4172 4457 exci-

2205 4472 2381 4534 tavit
2426 4491 2546 4534 sua
2588 4471 2761 4535 futili
2806 4472 3225 4554 garrulitate:
3286 4483 3465 4539 certe
3509 4477 3981 4541 interturbavit
4027 4477 4170 4542 heri

2207 4557 2309 4620 sui
2366 4557 2633 4639 negotia
2688 4569 2950 4622 nostrae
3009 4578 3203 4624 curae
3263 4560 3736 4626 commendata.
3827 4560 4170 4642 Quantum

2206 4648 2429 4706 autem
2486 4642 3004 4709 laboraverimus
3068 4667 3187 4728 pro
3253 4653 3367 4712 tuo
3434 4647 3727 4713 Gallasio
3752 4649 3833 4731 ¹²)
3866 4670 3976 4712 -ex
4028 4649 4169 4730 ipso

2413 4793 2473 4857 9)
2510 4797 2643 4850 Vide
2678 4813 2754 4849 an
2788 4798 3071 4865 leyendum
3094 4802 3194 4853 sit.-
3232 4800 3551 4870 Antiochus,
3586 4808 3636 4854 et
3673 4805 4167 4867 interpretandumx

2207 4863 2537 4931 Imperator.
2618 4865 2906 4934 Principes
2940 4868 3038 4922 ista·
3070 4869 3133 4921 in
3174 4868 3473 4922 Germania
3510 4871 3822 4940 quaerendi,
3858 4873 3939 4926 ita
3974 4879 4035 4926 at
4070 4874 4169 4927 hoc

2203 4932 2317 4986 loco
2354 4949 2469 4986 eum
2508 4950 2544 4986 a
2577 4934 2794 4989 larvato
2830 4942 3071 5002 tyranno
3107 4936 3439 5006 distinquere
3476 4956 3585 4992 non
3621 4945 3891 5006 oporteat,
3930 4956 4035 5011 quo
4072 4957 4168 4995 no·

2201 5002 2347 5123 me
2383 5000 2773 5126 Imygeizatorem
2808 5011 2986 5059 ornat.
3058 5005 3228 5071 Infra
3262 5013 3441 5060 autem
3476 5015 3527 5060 et
3566 5008 3911 5076 Epiphaneia
3949 5017 4000 5064 et
4037 5010 4168 5065 Gal-

2381 5138 2474 5221 lO)
2510 5110 2643 5194 Vide
2677 5143 2795 5195 eius
2828 5141 3108 5208 epistolam
3135 5142 3216 5198 12.
3236 5145 3339 5196 Iul.
3364 5145 3498 5198 1546
3535 5147 3631 5200 ubi
3660 5148 3827 5213 plura
3863 5149 3930 5202 de
3964 5149 4171 5203 filastri

2205 5207 2306 5264 '⁸⁰⁰
2339 5224 2476 5340 mss).
2515 5277 2606 5330 An
2650 5277 2923 5333 Fauces?

2384 5345 2480 5411 12)
2519 5346 2837 5401 Balduinue
2883 5363 2982 5404 suo
3029 5355 3247 5418 sumpta
3287 5351 3626 5417 procurabat
3669 5353 3889 5420 neyoto'a
3927 5351 4171 5408 Gaaasii

3653 5434 3751 5489 15*
