4825 6175
657 450 789 516 2⁷5

1565 632 1717 706 763.

1241 787 1542 855 HEDIO
1590 787 2026 858 OALVINO.

835 959 1023 1026 Nova
1102 979 1181 1024 ex
1260 960 1641 1041 Ratisbona,
1719 959 2183 1045 Francofordia
2195 1011 2212 1043 ,
2297 962 2610 1042 Τήᾶεπέο,

647 1044 901 1128 ,Belyia
945 1044 1290 1129 Hunyaria
1304 1095 1320 1125 ,
1364 1066 1440 1111 ex
1471 1051 1659 1128 parte
1698 1066 1861 1131 vaya
1902 1052 1960 1111 et
1995 1046 2186 1130 saka.
2279 1046 2613 1113 Plotinam

657 1132 738 1199 de
778 1132 927 1198 vitis
954 1130 1327 1213 pontificma
1368 1133 1554 1197 vertit
1596 1133 1952 1218 germanice
1993 1138 2050 1197 et
2088 1134 2382 1215 supplere
2422 1135 2609 1217 cupit.

972 1302 1085 1369 (Ex
1120 1300 1460 1371 autographo
1494 1301 1623 1355 Cod.
1661 1301 1865 1356 Gener.
1902 1300 2019 1369 112,
2055 1303 2147 1357 fol.
2181 1301 2300 1370 29.)

661 1452 929 1539 Optimo
969 1475 1045 1519 ac
1089 1453 1458 1522 doctissimo
1513 1456 1655 1521 viro
1713 1455 1799 1522 D.
1844 1457 2129 1523 Iohanni
2174 1457 2454 1527 Oalvino
2496 1459 2609 1524 do-

829 1541 1488 1693 gplfflwlllvangehon
1554 1541 1911 1608 Gebennae
1987 1564 2134 1610 meo
2201 1545 2609 1629 praeceptori

831 1761 903 1829 S.
950 1761 1036 1827 D.
1124 1762 1209 1827 In
1274 1762 1542 1829 Christo
1619 1764 1997 1830 venerande
2066 1764 2341 1832 Calvine.
2432 1767 2610 1831 Tuas

655 1849 886 1914 literas
930 1848 1116 1914 datas
1153 1851 1255 1914 24.
1279 1848 1576 1914 Ianuarii
1619 1849 1838 1932 accepi
1874 1854 1931 1915 8.
1958 1849 2149 1916 Febr.
2190 1851 2350 1916 Vidi
2385 1862 2609 1917 autem

705 1954 902 2000 aucos
946 1942 1099 2000 ante
1134 1933 1273 1999 dies
1313 1933 1484 2017 apud
1521 1933 1604 2000 D.
1640 1935 1719 2001 de
1748 1935 2023 2002 Vale-siis
2045 1936 2095 2021 ¹)
2130 1935 2357 2003 literas
2392 1939 2609 2004 cuius-

661 1956 816 2085 dam
860 2019 1147 2103 Hispani
1182 2041 1218 2085 e
1253 2019 1619 2103 Ratispona
1662 2021 1957 2104 scriptas,
2002 2043 2168 2105 quae
2211 2030 2387 2089 certe
2431 2044 2609 2088 sum-

663 2127 838 2171 mam
884 2127 1108 2171 eorum
1155 2106 1497 2172 continent
1541 2128 1705 2190 quae
1740 2106 2035 2173 Bucerus
2068 2117 2137 2173 et
2171 2108 2254 2174 ad
2290 2107 2608 2174 Senatum

663 2201 729 2257 et
772 2190 853 2256 ad
898 2213 1018 2256 nos
1060 2191 1338 2274 scripsit.
1429 2192 1572 2257 Iam
1619 2208 2021 2277 sparguntur
2063 2215 2380 2274 rumores,
2431 2194 2606 2260 Pau-

664 2276 794 2342 bum
833 2276 946 2341 111
989 2288 1318 2341 mortuum
1357 2281 1412 2341 3.
1454 2277 1749 2343 Ianuarii
1767 2281 1824 2355 ²)
1867 2289 1934 2344 et
1975 2279 2339 2345 cardinales
2383 2281 2608 2345 relicto

663 2361 979 2427 'Pridento
1023 2382 1373 2445 properare
1406 2363 1707 2442 Romam,
1753 2370 1828 2428 ut
1865 2364 2046 2449 aliud
2082 2375 2277 2449 caput
2317 2363 2607 2432 Satanae

662 2468 1037 2533 synagogae
1093 2448 1357 2533 eligant.
1448 2447 1670 2530 Quare
1723 2456 2033 2532 putamus
2092 2463 2158 2516 et
2214 2451 2605 2534 colloquium

658 2532 1066 2617 Ratisponae
1121 2546 1188 2598 et
1243 2534 1586 2600 concilium
1645 2534 1942 2600 Tridenti
2000 2557 2233 2602 casura
2286 2536 2359 2600 in
2408 2558 2606 2621 spon-

661 2619 855 2704 giam.
943 2619 1171 2685 Nostri
1224 2620 1427 2703 legati
1480 2616 1695 2686 adhuc
1752 2630 1907 2687 sunt
1949 2621 2482 2688 Francofordiae:
2529 2643 2605 2688 eo

660 2707 858 2771 etiam
901 2727 1112 2788 nuper
1154 2704 1425 2788 profecti
1474 2704 1560 2770 D.
1605 2707 1950 2786 Metensis,
1969 2710 2027 2783 Β)
2076 2707 2395 2785 Sturmius
2413 2760 2429 2787 ,
2476 2707 2608 2773 816-

659 2790 900 2871 danus,
944 2799 1023 2855 ut
1065 2792 1356 2855 referant
1396 2811 1560 2874 quae
1604 2792 2109 2876 protestantium
2155 2793 2418 2859 nomine
2461 2815 2605 2878 ege-

661 2888 817 2942 runt
859 2875 1032 2959 apud
1077 2885 1428 2958 utrumque
1474 2898 1712 2961 regem.
1799 2877 2071 2945 Utinam
2118 2878 2307 2945 ambo
2353 2881 2605 2946 oscula-

658 2972 889 3029 rentur
930 2962 1141 3026 filium
1183 2983 1268 3026 ne
1312 2963 1603 3044 perirent
1641 2963 1722 3028 de
1764 2965 1876 3030 via
1917 2964 2108 3030 iusta.

828 3047 914 3114 In
942 3047 1176 3133 Belgio
1210 3047 1506 3114 scribunt
1539 3050 1789 3115 saevire
1822 3051 2391 3134 persequutionem
2425 3050 2607 3116 nullo

661 3141 926 3200 servato
972 3133 1350 3200 discrimine
1392 3133 1501 3199 vel
1544 3133 1728 3200 inter
1764 3147 2056 3216 nostros,
2100 3137 2606 3221 Catabaptistas,

658 3220 1058 3297 Libertinos,
1102 3230 1166 3284 et
1199 3219 1419 3285 nescio
1454 3240 1613 3303 quos
1646 3220 2021 3288 Davidicos.
2039 3225 2096 3304 ⁴)
2158 3221 2383 3303 Quare
2415 3219 2609 3288 multi

659 3306 885 3389 optimi
930 3307 1059 3370 viri
1102 3303 1379 3369 subinde
1422 3305 1578 3390 fuga
1619 3306 1744 3372 sibi
1784 3307 2153 3373 consulunt.

833 3389 1080 3456 Caesar
1132 3391 1466 3456 ferebatur
1507 3393 1894 3476 gravissime
1949 3392 2240 3477 podagra
2290 3393 2605 3460 laborare.

662 3475 942 3557 Quando
978 3484 1194 3541 autem
1231 3476 1443 3542 iturus
1479 3479 1567 3542 sit
1601 3476 2029 3562 Ratisponam
2064 3481 2377 3545 nescitur.
2432 3480 2610 3546 Sunt

661 3562 838 3626 enim
897 3563 1010 3644 qui
1062 3568 1296 3645 putent
1348 3563 1428 3628 ob
1473 3565 1873 3629 saevientem
1917 3565 1988 3629 in
2030 3565 2277 3631 vicinia
2319 3566 2609 3650 undique

659 3656 912 3731 pestem
971 3646 1173 3712 alium
1228 3647 1446 3714 locum
1504 3649 1879 3733 eligendum
1925 3671 2066 3717 esse
2104 3652 2402 3718 comitiis.
2485 3652 2608 3718 In-

663 3734 854 3797 terim
897 3732 1087 3798 miles
1124 3737 1366 3817 passim
1402 3736 1693 3800 cernitur
1727 3735 1901 3801 ultro
1936 3736 2227 3820 citroque
2263 3738 2606 3804 cursitans.

664 3819 862 3884 Certo
896 3818 1112 3883 fertur
1133 3820 1633 3903 Wittenbergae
1676 3842 1816 3886 esse
1860 3824 2131 3888 nuncios
2176 3844 2256 3887 ex
2291 3824 2609 3908 Ungaria,

666 3907 780 3988 qui
837 3913 1067 3986 petant
1137 3906 1621 3971 concionatores
1689 3906 1760 3971 in
1828 3927 1938 3973 eas
1999 3915 2221 3991 partes
2275 3909 2613 3995 Ungariae

668 4010 831 4074 quas
875 3991 1087 4054 Turca
1150 4010 1323 4055 anno
1388 3992 1705 4074 superiori
1761 3996 2117 4076 occupavit.
2207 3994 2394 4078 Quae
2452 3996 2616 4062 haec

674 4075 947 4141 mutatio
991 4074 1260 4141 dextrae
1304 4077 1573 4142 excelsi!
1640 4078 1732 4142 Et
1773 4099 1932 4144 num
1976 4081 2055 4157 ei,
2100 4083 2211 4163 qui
2254 4103 2339 4147 ex
2381 4082 2616 4165 lapidi-

675 4160 797 4225 bus
842 4161 1147 4225 Abrahae
1190 4163 1355 4227 filios
1408 4162 1620 4228 facere
1661 4171 1904 4246 potest,
1963 4166 2367 4248 impossibile
2420 4167 2620 4232 fuerit

675 4248 922 4312 'Furcas
978 4245 1324 4312 admittere
1376 4247 1446 4311 in
1491 4248 1925 4315 obedientiam
1968 4251 2152 4332 fidei,
2211 4261 2279 4317 et
2320 4252 2619 4319 christia-

677 4330 1020 4398 nissimum
1076 4342 1338 4417 propter
1392 4333 1912 4400 incredulitatem
1971 4337 2244 4403 eiicere?
2332 4338 2621 4404 Posthac

675 4417 880 4502 plura.
951 4417 1134 4484 Haec
1177 4420 1329 4487 boni
1371 4419 1636 4485 consule
1680 4428 1747 4486 et
1776 4422 1945 4487 vale.
2011 4423 2302 4506 Raptim,
2340 4429 2398 4489 8.
2424 4425 2620 4492 Febr.

686 4508 863 4568 1546·
880 4505 940 4587 ὁ)
1903 4591 1976 4659 Ο.
2014 4593 2230 4660 Hedio
2274 4603 2446 4662 tuus,

702 4811 843 4866 763.
882 4811 934 4877 1)
970 4811 1038 4865 (16
1072 4810 1300 4872 Γαῑαίε,
1335 4810 1412 4864 ad
1444 4828 1595 4881 quem
1630 4811 1896 4869 scribebat
1929 4815 2013 4870 10.
2048 4813 2317 4885 Diutius,
2350 4818 2510 4872 cuim
2541 4822 2622 4873 ta-

677 4897 799 4935 men
833 4881 1060 4948 epistola
1093 4896 1206 4933 ‘non
1241 4895 1305 4931 ea
1339 4881 1465 4948 ipsa
1498 4886 1578 4935 est
1611 4898 1751 4951 quae
1781 4885 2029 4951 proxime
2061 4890 2313 4954 sequetur
2360 4886 2509 4952 (vide
2544 4887 2621 4942 N.

680 4948 783 5004 765
817 4950 966 5015 init.)
998 4949 1092 5001 sed
1132 4949 1201 5001 N.
1242 4946 1362 5003 751.

885 5017 943 5081 2)
984 5016 1194 5070 Paulus
1227 5017 1304 5071 111
1339 5024 1588 5072 mortuus·
1620 5026 1700 5074 est
1733 5019 1786 5073 d.
1825 5018 1907 5072 10.
1945 5021 2087 5076 Nov.
2124 5019 2276 5075 1549.

886 5084 948 5148 3)
985 5086 1103 5140 1611.
1133 5085 1495 5141 Nidbrucker.

886 5153 944 5218 4)
979 5153 1222 5208 Davidis
1255 5154 1403 5209 loris
1437 5157 1684 5211 asseclas,

888 5222 946 5287 5)
983 5222 1058 5277 ln
1102 5240 1325 5278 numero
1358 5222 1393 5276 8
1437 5240 1591 5278 error
1632 5225 1798 5278 latere
1841 5224 2071 5282 videtur.
2141 5227 2272 5282 Alio
2346 5229 2408 5281 in
2453 5245 2627 5296 supra

681 5293 1016 5360 scripsisset.-
1052 5292 1264 5345 Literas
1301 5301 1420 5345 tuas
1445 5293 1626 5363 accepi
1650 5294 1826 5361 hodie,
1861 5311 1975 5349 non
2010 5303 2219 5352 autem.-
2292 5297 2629 5366 .Februarii,

679 5361 829 5432 quod
862 5361 1004 5415 diem
1039 5363 1148 5414 iam
1181 5363 1532 5428 praeteritum
1566 5363 1859 5432 siqnificat.

2220 445 2747 515 EPIS'POLAE
2793 451 2827 510 7
2836 449 3130 511 63-765

4519 450 4615 514 276

2884 633 3148 718 Rogatu
3209 632 3496 699 Palatini
3559 632 3741 699 ducis
3814 631 4095 700 otthonis
4158 633 4426 701 Henriei
4486 636 4620 700 verti

2711 719 3045 785 Platinam
3097 719 3169 783 in
3223 719 3399 784 Vitis
3460 720 3856 803 pontificum.
3878 718 3936 805 ⁶)
4018 717 4094 784 Si
4158 719 4435 786 haberes
4494 723 4622 787 certi

2714 804 2958 887 aliquid
3002 805 3082 870 de
3123 803 3296 869 Iulio
3338 804 3609 888 Ligure,
3655 804 3735 870 de
3778 804 4003 870 Leone
4036 805 4146 882 X„
4192 804 4274 871 de
4317 804 4624 872 Clemente

2715 890 2892 971 VII„
2953 898 3020 956 et
3063 889 3187 956 hoc
3226 890 3436 956 Paulo
3480 891 3627 970 ΠΙ.,
3671 910 3792 976 ego
3848 909 4006 955 sane
4056 888 4291 957 lubens
4347 891 4624 976 adiunge-

2712 996 2871 1041 rem.
2915 973 3252 1063 Quidquid
3275 997 3502 1041 verum
3534 985 3722 1054 esset,
3757 976 3924 1041 mihi
3959 976 4157 1041 etiam
4192 985 4405 1042 tutum
4443 977 4626 1056 fuerit,

2713 1069 2789 1127 ut
2822 1061 3201 1128 Germanus
3242 1062 3446 1128 lector
3489 1063 3755 1127 tandem
3799 1070 4108 1146 agnoscat
4149 1082 4300 1128 eum
4334 1062 4448 1145 qui
4480 1084 4628 1149 mys-

2714 1148 2955 1213 terium
2996 1146 3360 1230 iniquitatis
3402 1146 3514 1211 diu
3557 1148 3710 1231 egit.

2885 1233 3301 1315 Colloquium
3323 1233 3722 1315 Ratisponae
3756 1242 4055 1317 coeptum
4091 1232 4197 1299 die
4221 1238 4320 1300 27.
4341 1234 4630 1300 Ianuarii.

2713 1319 2940 1384 Nostri
2983 1317 3064 1383 de
3106 1317 3495 1383 Tridentino
3547 1319 3816 1385 concilio
3873 1340 3992 1386 nec
4035 1341 4160 1406 gry
4204 1320 4507 1385 audiunt:
4556 1320 4633 1385 ita

2713 1412 2936 1489 patres
2980 1404 3279 1470 diversae
3324 1406 3526 1486 partis
3570 1402 3695 1469 sub
3737 1404 3865 1470 fide
3909 1406 4141 1471 secreti
4175 1404 4637 1490 religiosissime

2714 1513 2784 1557 se
2807 1490 3304 1556 obstrinxerunt
3337 1500 3571 1567 tacere,
3609 1499 3678 1554 et
3704 1492 3947 1556 nostris
3970 1491 4139 1556 1111111
4161 1491 4634 1558 communicare.

3478 1783 3889 1796 —ffl

3617 2002 3769 2074 764.

3261 2139 3640 2209 DIAZIUS
3682 2140 4110 2209 FALESIO.

2881 2311 3199 2379 Describit
3226 2313 3647 2394 precationem
3686 2333 3880 2394 quom
3911 2312 4200 2379 Bucam
4242 2315 4316 2379 ia
4337 2313 4646 2395 princip-‘o

2708 2397 2995 2479 colloquii
3039 2397 3517 2465 Ratisbonensis
3557 2399 3854 2465 recitavit.

2713 2567 2825 2634 (Ex
2859 2568 3196 2649 autographo
3243 2567 3374 2623 Ood.
3411 2566 3647 2649 Gothani
3680 2567 3812 2637 404,
3859 2568 3948 2623 fol.
3985 2567 4105 2624 316.
4176 2570 4342 2627 Edita
4383 2571 4448 2625 in
4491 2571 4646 2626 libro:

2777 2636 3136 2689 Reformistas
3174 2637 3494 2707 espannoles
3530 2643 3794 2707 antiguos.
3864 2638 4036 2692 Madr.
4080 2636 4225 2692 1865.
4273 2638 4403 2693 XX.
4447 2638 4588 2706 120.)

2711 2788 3227 2857 Generosissimo
3271 2812 3346 2857 ac
3391 2791 3751 2858 clarissimo
3794 2791 3967 2943 virt}k
3978 2788 4062 2857 D.
4109 2792 4372 2859 Falesio
4419 2803 4540 2861 etc.

3968 2879 4346 2962 rgentorati.

2882 3011 2953 3079 S.
2999 3014 3075 3079 P.
3121 3014 3188 3077 in
3246 3012 3531 3079 Ohristo.
3620 3014 3755 3079 Pro
3809 3015 4067 3081 ratione
4119 3036 4421 3081 mearum
4476 3036 4656 3082 occu·

2709 3100 3080 3182 pationum,
3146 3100 3650 3185 generosissime
3714 3102 3848 3179 vir,
3915 3103 4010 3166 ita
4058 3102 4140 3167 ad
4195 3104 4278 3167 D.
4332 3102 4659 3169 Calvimm

2711 3185 2923 3252 scribo
2957 3193 3035 3249 ut
3069 3185 3498 3251 nihilominus
3530 3185 3706 3252 idem
3735 3187 3820 3252 ad
3848 3196 3913 3254 te
3940 3190 4257 3270 scriptum
4281 3186 4388 3272 (ut
4412 3197 4656 3272 postre-

2710 3270 2839 3336 mis
2880 3270 3090 3337 literis
3136 3271 3530 3355 significavi)
3575 3271 3799 3337 velim.
3827 3274 3877 3356 ¹)
3949 3273 4134 3339 Unus
4176 3274 4354 3338 enim
4394 3275 4561 3358 ipse,
4602 3286 4661 3338 et

2712 3377 2872 3424 sane
2925 3358 3493 3439 occupatissimus,
3560 3379 3695 3422 non
3760 3378 4027 3440 possum
4084 3368 4222 3424 tam
4277 3360 4542 3438 multis,
4592 3365 4661 3422 ut

2710 3444 2899 3525 cupio
2955 3449 3021 3507 et
3062 3441 3300 3509 vellem
3316 3494 3331 3521 ,
3388 3444 3777 3509 satisfacere.
3862 3444 4141 3509 Interim
4187 3452 4255 3510 et
4298 3444 4479 3511 hanc
4522 3464 4659 3528 pre-

2711 3528 3053 3607 cationem,
3100 3549 3296 3613 quam
3342 3528 3485 3593 heri
3527 3527 3612 3594 D.
3646 3528 3937 3595 Buoerus
3971 3530 4201 3596 habuit
4233 3530 4307 3595 in
4338 3530 4655 3614 principio

2712 3613 3034 3697 colloquii,
3058 3616 3115 3691 ²)
3160 3613 3268 3680 hic
3311 3614 3720 3698 subiungam,
3764 3635 3930 3698 quae
3972 3616 4115 3682 vice
4158 3616 4287 3681 erit
4329 3616 4656 3700 epistolae,

2711 3702 2843 3765 imo
2877 3721 3072 3782 quam
3105 3720 3226 3783 pro
3261 3708 3377 3765 tua
3409 3700 3654 3783 pietate
3686 3698 3914 3766 multis
3949 3702 4111 3767 meis
4145 3702 4445 3785 epistolis
4481 3721 4659 3785 prae-

2713 3785 2903 3865 feres,
2947 3796 3023 3849 ut
3062 3806 3184 3868 par
3225 3794 3357 3851 est:

2886 3868 3321 3952 Omnipotens
3359 3869 3542 3937 Deus
3561 3923 3577 3949 ,
3618 3880 3808 3956 pater
3848 3872 4173 3951 coelestis,
4218 3873 4332 3955 qui
4376 3872 4655 3938 admira-

2716 3957 2834 4024 bili
2876 3956 3368 4022 benevolentiae
3422 3967 3573 4023 tuae
3627 3977 3787 4042 erga
3827 3977 3950 4023 nos
3993 3957 4261 4023 oonsilio
4305 3960 4662 4043 scripturas

2719 4051 2867 4109 tuas
2911 4043 3099 4108 nobis
3141 4042 3423 4127 largitus
3466 4065 3567 4123 es,
3621 4051 3691 4108 et
3729 4042 3941 4109 adhuc
3999 4045 4409 4110 conservasti
4427 4096 4445 4122 ‚
4508 4063 4663 4127 quae

2720 4134 2886 4194 teste
2941 4128 3231 4211 apostolo
3288 4136 3401 4194 tuo
3459 4129 3719 4194 erudire
3772 4149 3894 4194 nos
3938 4137 4214 4211 possunt
4255 4130 4338 4195 ad
4383 4131 4663 4195 salutem

2718 4235 2837 4297 per
2878 4212 3107 4293 fidem,
3152 4225 3221 4279 et
3261 4214 3451 4280 utiles
3504 4224 3660 4280 sunt
3700 4214 3786 4279 ad
3828 4213 4192 4280 docendum
4235 4214 4560 4300 quidquid
4600 4215 4663 4278 in

2722 4300 3022 4365 doctrina
3054 4299 3389 4383 religionis
3410 4321 3643 4365 verum
3666 4308 3769 4367 est
3788 4309 3858 4366 et
3875 4300 4180 4380 salutare,
4218 4311 4285 4366 et
4319 4301 4406 4366 ad
4446 4299 4661 4367 confu-

2721 4384 3000 4450 tandum
3018 4383 3334 4469 quidquid
3355 4388 3419 4450 in
3444 4386 3615 4452 hano
3646 4386 4009 4453 doctrinam
4040 4386 4318 4452 infertur
4338 4387 4585 4453 falsum
4605 4393 4665 4450 et

2930 4608 2986 4675 6)
3022 4609 3104 4661 Ba
3144 4611 3184 4660 t.
3220 4607 3471 4662 Platinae
3517 4607 3762 4661 Historia
3810 4624 3915 4662 von
3961 4608 4059 4662 der
4107 4608 4277 4676 Papst
4322 4608 4439 4662 und
4476 4608 4663 4662 Kaisar

2724 4678 2911 4732 Leben
2961 4693 3068 4730 von
3158 4681 3277 4730 etro
3329 4675 3441 4729 und
3486 4676 3704 4730 Tiberio
3749 4693 3819 4730 an
3870 4678 3955 4731 bis
4002 4678 4099 4732 auf
4138 4677 4389 4732 Oai-olum
4443 4677 4516 4731 V.
4562 4673 4664 4730 und

2724 4747 2953 4802 Paulum
2983 4745 3084 4800 111.
3114 4746 3211 4798 des
3233 4744 3432 4799 Jahres
3453 4743 3591 4797 1546
3625 4747 3922 4800 continuit-t
3955 4748 4066 4800 und
4098 4753 4665 4818 zusammengetragen

2725 4833 2774 4870 v.
2813 4815 2869 4870 C.
2904 4816 3100 4897 Hedio3
3171 4814 3406 4868 Strassb.
3452 4811 3601 4867 1546.
3653 4815 3745 4870 fol.
3821 4813 4172 4872 Continuam
4224 4818 4573 4886 amplectitur
4603 4813 4665 4867 ⁷5

2724 4899 2908 5033 “3⁸32
2921 4898 3182 5033 ‘fi-offic?
3212 4884 3490 5007 2138668116
3522 4953 3874 5032 assequimur.
3926 4951 4079 5008 Num
4121 4951 4381 5007 Calvinus
4416 4951 4665 5034 epistola!

2728 5022 2930 5076 Dicam
2963 5020 3385 5090 Aryentoratum
3429 5026 3794 5074 transmutare
3841 5020 4094 5077 debebat?
4163 5021 4256 5075 Aa
4290 5037 4420 5075 vero
4468 5019 4663 5089 mph-

2728 5094 2862 5145 citer
2895 5093 3107 5144 veniam
3140 5091 3277 5157 petit
3307 5090 3453 5160 quod
3469 5089 3738 5143 nunidem
3761 5089 3841 5143 ad
3858 5094 4144 5159 uirumque
4162 5088 4401 5145 sen‘bn‘t?
4454 5090 4524 5145 81·
4541 5086 4666 5160 quid

2728 5160 2997 5283 aidanus,
3040 5158 3298 5227 epistolas
3339 5173 3472 5212 suas
3515 5158 3592 5211 ad
3630 5158 3917 5213 Calvinum
3960 5158 4252 5213 mittendas
4288 5159 4519 5215 Falesia
4560 5165 4662 5213 tm-

2769 5229 2903 5283 ebat.

2935 5293 2996 5364 2)
3039 5293 3215 5364 Quum
3280 5295 3603 5367 colloquium
3666 5295 3718 5350 d.
3764 5294 3848 5349 27.
3898 5295 4166 5348 Ianuarii
4212 5296 4532 5349 inchoatum
4582 5294 4658 5356 n’t.

2728 5366 3060 5435 principium
3096 5365 3245 5435 quod
3276 5365 3415 5420 dicit
3443 5365 3566 5419 heri
3590 5365 3779 5432 titisse,
3812 5363 4047 5432 primum
4080 5377 4193 5418 esse
4225 5364 4431 5433 nequii.
