4825 6175
222 427 326 492 ³89

220 632 497 682 annuum
531 611 878 698 sexaginta
907 613 1329 691 florenorum,
1375 613 1592 697 quoad
1625 614 1958 682 numerati
1989 620 2152 681 sunt

220 696 692 784 quatuordecies
734 705 1003 766 centum
1045 699 1306 778 floreni,
1362 720 1528 784 quos
1582 701 1909 767 avunculo
1953 700 2149 767 dede-

217 793 355 852 rant
428 784 679 850 foenori
752 785 1098 852 sacrificuli
1162 785 1428 870 quidam
1506 807 1772 869 prorsus
1847 786 2148 853 malefici.

218 871 434 954 Nuper
473 870 707 937 rescivi
741 892 782 936 a
815 878 1018 954 patre.
1062 891 1261 954 opera
1293 871 1638 938 sacrificuli
1672 869 2010 938 cuiusdam
2045 871 2153 938 cui

218 956 548 1040 aliquoties
585 954 946 1024 medicatus
978 977 1146 1034 sum,
1190 977 1308 1040 pro
1341 959 1578 1024 merito
1610 958 1811 1024 fuisse
1844 958 2154 1023 effectum

215 1050 282 1108 ut
320 1043 388 1107 in
432 1048 843 1119 testamento,
887 1041 1060 1125 quod
1103 1064 1275 1109 anno
1325 1044 1661 1127 superiore
1703 1043 1997 1110 condidit
2038 1063 2154 1127 pa-

218 1137 327 1206 ter,
369 1128 622 1194 valeret
663 1127 1070 1211 iniquissima
1110 1127 1415 1208 conditio,
1458 1127 1583 1194 hoc
1627 1137 1743 1207 est,
1790 1128 2007 1214 papali
2051 1130 2153 1194 in-

214 1215 399 1300 genio
462 1213 847 1363 diffinissima
865 1265 881 1294 ‚
947 1233 1183 1296 nempe
1246 1222 1322 1278 ut
1383 1215 1753 1299 quicunque
1814 1216 2152 1280 iuraturus

214 1308 376 1367 esset
408 1321 515 1364 me
599 1300 899 1367 aeredem
934 1320 1075 1366 esse
1109 1300 1181 1364 in
1216 1319 1370 1365 aere
1398 1320 1532 1378 suc,
1570 1298 1920 1366 dummodo
1956 1299 2155 1384 vulgo

213 1388 370 1453 bene
433 1384 691 1451 audiret
753 1393 823 1452 et
877 1384 1039 1453 adeo
1093 1384 1489 1451 credendum
1544 1385 1658 1461 sit,
1726 1393 1804 1452 ut
1857 1407 1965 1451 me
2035 1386 2154 1449 ha·

210 1474 356 1538 beat
403 1471 523 1538 sibi
572 1470 947 1538 obnoxium.
1047 1469 1130 1536 Id
1183 1491 1340 1536 sane
1397 1471 1813 1537 sarciendam
1867 1472 1992 1536 fuit
2046 1490 2154 1535 ca-

209 1558 625 1640 vendumque
677 1578 827 1641 pro.
857 1557 1137 1633 viribus‚
1206 1578 1289 1623 ne
1332 1556 1486 1640 quid
1543 1557 1673 1623 tale
1731 1557 1844 1622 isti
1887 1555 2155 1622 nebulo-

207 1665 320 1710 nes
355 1644 524 1709 mihi
558 1643 934 1709 moliantur.
1000 1644 1197 1708 Certe
1232 1643 1612 1727 priusquam
1654 1644 1724 1708 id
1760 1643 1922 1708 mihi
1964 1644 2158 1708 inno-

207 1731 472 1807 tuisset,
516 1729 643 1794 alio
687 1750 1070 1814 congressu,
1116 1749 1322 1812 quum
1366 1727 1662 1794 audirem
1719 1728 1909 1794 illum
1955 1728 2156 1794 sacri-

204 1815 475 1881 ficulum
497 1822 998 1898 exsequutorem
1041 1815 1177 1879 fore
1200 1815 1598 1895 testamenti,
1643 1816 1940 1898 protinus
1974 1815 2157 1880 oravi

204 1909 278 1967 ut
330 1900 509 1968 alius
567 1902 707 1967 eius
748 1900 891 1966 loco
942 1900 1383 1967 sufficeretur:
1441 1900 1609 1965 mihi
1650 1901 1829 1966 enim
1871 1901 2000 1964 nisi
2043 1899 2158 1965 ad-

200 1986 475 2053 modum
518 1987 728 2052 invito
762 1987 1097 2070 negotium
1140 2006 1282 2052 esse
1317 2005 1468 2051 cum
1502 1984 1870 2051 istiusmodi
1907 1985 2161 2051 anima-

198 2072 392 2139 libus.
465 2072 573 2138 Ita
604 2072 772 2137 mihi
808 2071 1319 2156 praesagiebam,
1363 2073 1454 2137 ita
1490 2092 1624 2138 non
1667 2070 1783 2136 abs
1827 2091 1899 2136 re
1941 2070 2158 2155 indig-

196 2158 409 2224 nabar
453 2160 551 2223 rei
592 2158 854 2225 inscius.
940 2156 1006 2223 N
1006 2179 1080 2223 ec
1123 2155 1332 2222 defuit
1368 2159 1480 2239 qui
1523 2178 1641 2240 pro
1685 2156 2161 2241 quinquaginta

196 2244 538 2311 coronatis
582 2243 936 2310 asseruerit
953 2294 968 2322 ,
1027 2241 1152 2310 sibi
1197 2242 1416 2309 deberi
1459 2252 1743 2309 centum.
1832 2239 1969 2308 Sed
2011 2250 2160 2307 tan-

195 2329 350 2395 dem
397 2330 855 2413 praesentibus
898 2338 1103 2411 patre,
1148 2329 1377 2396 amicis
1420 2336 1490 2393 et
1523 2349 1629 2395 me
1664 2327 1957 2394 constitit
1993 2326 2161 2393 bono

200 2417 346 2482 viro
393 2416 742 2497 eidemque
784 2414 1179 2480 amicissimo
1222 2434 1363 2480 rem
1405 2414 1596 2480 aliter
1640 2412 1897 2479 habere.
1968 2411 2162 2495 Quod

194 2501 252 2568 si
297 2500 689 2585 contigisset
744 2509 997 2584 patrem
1053 2499 1238 2583 prius
1293 2501 1496 2578 mori,
1554 2499 1850 2565 futurum
1906 2506 2048 2564 erat
2088 2507 2164 2564 ut

195 2595 413 2653 totam
449 2586 800 2671 pecuniam
826 2585 1250 2651 exsolverem.
1310 2583 1686 2670 Supersunt
1718 2584 1933 2651 adhuc
1967 2606 2162 2668 quae-

190 2672 352 2739 dam
404 2674 539 2740 alia
555 2723 570 2750 ,
625 2673 980 2739 amicorum
1024 2671 1313 2755 impulsu
1368 2693 1527 2755 quos
1584 2670 1691 2736 hic
1731 2669 1939 2736 habeo
1983 2670 2164 2756 dige-

191 2759 431 2825 renda.
528 2760 878 2825 Praeterea
919 2766 1174 2841 patrem
1232 2757 1340 2823 hic
1383 2758 1643 2842 operior
1696 2756 1854 2821 dum
1897 2755 2166 2822 redierit

192 2845 472 2923 Rionio,
500 2847 552 2928 ¹)
598 2842 770 2927 quod
824 2843 1137 2927 oppidum
1193 2851 1293 2909 est
1346 2844 1759 2921 Avernense,
1819 2841 1934 2907 ubi
1988 2862 2164 2908 nuuc

186 2931 437 2999 indicti
497 2938 656 2996 sunt
712 2928 850 2995 dies
916 2928 1144 3013 magni
1199 2949 1359 3011 quos
1414 2936 1684 3004 vocant,
1752 2935 1986 3011 quarto
2051 2938 2165 2992 aut

183 3019 439 3102 quinto
484 3036 740 3102 quoque
797 3036 1001 3092 anno,
1055 3013 1170 3080 ubi
1221 3014 1504 3099 principi
1545 3015 1760 3080 visum
1805 3020 1925 3093 est,
1969 3012 2164 3079 dicati

184 3106 488 3188 publicis
545 3104 760 3168 causis
817 3123 1020 3186 ocyus
1075 3099 1409 3166 obeundis.
1520 3101 1620 3166 Eo
1687 3121 1953 3166 reverso
2006 3121 2161 3165 mox

181 3191 368 3257 istuc
435 3212 546 3255 me
602 3188 747 3254 Deo
801 3187 1066 3252 favente
1121 3186 1455 3270 recipiam.
1559 3185 1910 3254 Caeterum
1967 3206 2161 3269 saepe

180 3275 345 3343 lites
397 3276 676 3343 horrere
716 3295 873 3358 prae
916 3294 1022 3338 me
1056 3271 1196 3337 fero
1232 3294 1432 3356 quum
1468 3293 1617 3338 eum
1654 3271 1961 3353 alloquor,
2009 3293 2160 3336 eum

182 3362 268 3429 ab
315 3361 437 3428 his
485 3360 801 3437 deteri-ee,
857 3356 1084 3425 sedulo
1128 3358 1354 3422 hortor
1410 3366 1484 3423 ut
1539 3357 1760 3423 omnia
1816 3360 1942 3421 ista
1994 3378 2160 3439 quae

178 3468 340 3514 eum
391 3447 758 3514 sollicitum
792 3443 1038 3510 habent
1070 3443 1253 3510 velut
1292 3454 1581 3510 stercora
1601 3452 1888 3525 spernat,
1933 3454 2163 3509 contra

177 3532 501 3619 adspiret
541 3533 624 3599 ad
669 3554 746 3598 ea
787 3554 952 3616 quae
995 3551 1151 3596 vere
1186 3543 1341 3594 sunt
1383 3530 1555 3595 bona
1596 3550 1671 3593 ac
1714 3538 1999 3593 aeterna.

363 3620 534 3686 Non
577 3619 817 3684 desunt
858 3637 1110 3694 causae,
1157 3624 1233 3680 ut
1275 3613 1476 3691 vides,
1521 3615 1787 3680 omnino
1831 3612 2159 3697 legitimae

174 3729 381 3775 meae
431 3703 906 3782 cunctationis,
963 3704 1021 3768 si
1075 3700 1262 3767 vobis
1315 3707 1491 3766 certe
1534 3707 1603 3764 et
1649 3699 1817 3764 mihi
1852 3699 1978 3782 ipsi
2016 3720 2160 3765 mo-

171 3792 420 3861 lestae.
513 3791 691 3857 Nam
730 3789 941 3855 multa
982 3787 1091 3853 hic
1125 3784 1420 3852 desidero
1454 3785 1673 3849 animo
1715 3784 1927 3868 magis
1960 3805 2157 3866 quam

174 3879 466 3965 corpori
531 3876 927 3953 necessaria,
989 3872 1226 3957 quibus
1268 3873 1400 3937 frui
1451 3871 1597 3938 istic
1640 3869 1904 3935 liceret:
1965 3869 2159 3954 plura

169 3967 348 4031 item
399 3984 525 4031 me
561 3962 666 4028 hic
701 3982 899 4045 quam
939 3959 1087 4025 istic
1123 3956 1482 4023 offendunt.
1549 3955 1728 4023 Oura
1763 3964 1830 4020 et
1862 3976 2157 4022 moerore

170 4072 522 4129 maceror,
568 4050 850 4132 quoties,
907 4044 1083 4129 quod
1138 4045 1366 4110 crebro
1421 4040 1682 4117 accidit,
1740 4041 1810 4106 in
1866 4049 2157 4107 mentem

169 4138 488 4204 veniunt
532 4155 700 4199 uxor
753 4141 821 4198 et
881 4131 1088 4199 liberi.
1187 4128 1377 4195 Adde
1433 4136 1501 4194 ct
1556 4127 1797 4193 amicos
1841 4125 2155 4210 quosdam

165 4245 315 4290 non
364 4220 501 4289 vul
592 4240 697 4285 res
743 4240 783 4284 a
824 4216 1057 4301 quibus
1102 4214 1345 4282 diutius
1402 4214 1627 4282 abesse
1684 4233 1934 4296 nequeo
1991 4212 2159 4278 citra

165 4330 412 4377 meum
542 4325 829 4372 amnum.
917 4301 1114 4383 Quod
1170 4300 1254 4369 ad
1318 4300 1757 4368 conditionem
1820 4298 2061 4363 attinet
2118 4319 2159 4364 a

165 4390 764 4462 Neocomensibus
806 4387 1123 4466 oblatam,
1179 4386 1431 4453 etiamsi
1489 4384 1777 4451 maxime
1819 4384 1891 4449 in
1935 4382 2157 4449 animo

164 4490 355 4548 esset
403 4498 571 4545 eam
616 4476 925 4559 accipere,
970 4496 1045 4541 ac
1103 4473 1368 4538 omnino
1403 4471 1736 4538 decretum
1779 4469 1937 4535 illuc
1981 4489 2156 4535 com-

162 4568 494 4652 migrare
513 4614 529 4642 ,
594 4573 816 4628 tamen
871 4582 1074 4644 quum
1117 4581 1271 4624 eum
1312 4560 1386 4623 in
1430 4579 1535 4623 me
1576 4577 1803 4623 eorum
1846 4555 2156 4621 affectum

163 4651 551 4720 considero
593 4656 670 4714 ut
706 4647 897 4714 toties
951 4645 1340 4714 accersitum
1394 4641 1647 4709 tamdiu
1689 4640 1997 4707 indefessi
2041 4662 2156 4705 ex-

161 4737 583 4822 spectarint,
620 4733 690 4800 ni
712 4733 1070 4800 etiamnum
1105 4753 1223 4797 exs
1345 4736 1506 4806 tent,
1542 4726 1790 4812 pudore
1823 4726 2089 4793 afficior.
2098 4728 2156 4805 2)

161 4823 452 4889 Verum
505 4828 575 4887 et
629 4819 893 4905 negotia
945 4826 1176 4884 nostra
1278 4813 1738 4899 audquaquam
1779 4813 2006 4878 sinunt
2047 4831 2155 4877 me

158 4908 332 4977 hinc
392 4904 681 4990 longius
739 4906 994 4983 abesse,
1049 4901 1118 4968 id
1159 4923 1245 4969 ue
1310 4922 1440 4985 quo
1490 4899 1767 4967 subinde
1817 4918 2155 4964 recurram

163 4994 334 5062 dum
380 5015 478 5061 ea
526 4988 1018 5077 composuerim.
1162 4988 1207 5054 d
1248 4985 1420 5072 quod
1461 4986 1605 5053 fieri
1646 4982 1980 5053 commode
2021 5005 2154 5049 non

158 5088 402 5165 posset
451 5097 574 5144 me
594 5075 905 5144 Neocomi
937 5083 1075 5140 tam
1118 5074 1342 5158 procul
1386 5070 1630 5139 dissito.
1698 5069 1923 5153 Quare
1955 5070 2154 5137 etiam

489 5219 613 5228 --.--—

499 5280 671 5364 1250..
705 5279 1173 5352 (Ραψαο-Βσω)

191 5288 340 5344 831·
379 5286 452 5422 {3
491 5348 616 5407 Bw
648 5348 979 5418 merenda
1011 5364 1152 5420 quae
1178 5319 1343 5405 ἰωιει
1380 5347 1456 5405 Ν.
1488 5344 1610 5415 sse,
1642 5351 1754 5402 not.
1788 5343 1839 5399 e.

1870 428 2035 493 1546
2079 424 2533 496 ΒΕΡΤΕΜΒ.

4070 437 4201 502 390

2251 636 2388 715 non
2431 622 2694 701 accepto
2737 618 2820 684 ab
2851 615 2985 684 illis
3027 638 3343 702 responso
3385 619 3849 688 renunciatum
3889 621 4051 705 ipsis
4084 643 4198 688 ve-

2250 700 2390 780 Ιιηι,
2435 710 2512 768 ιιι
2552 723 2658 769 me
2692 712 3000 770 excusato
3035 704 3241 771 alium
3276 713 3615 789 quaerant,
3660 727 3782 773 nec
3821 727 3969 773 mea
4002 727 4201 775 causa

2251 786 2527 870 posthac
2570 788 2666 854 ita
2706 797 3158 872 torqueantur.
3228 792 3317 858 At
3357 793 3415 858 si
3456 792 3665 876 petita
3707 793 3788 859 ab
3831 791 3963 860 illis
4007 793 4202 860 venia

2255 871 2570 940 Genevae
2643 871 2859 940 rideor
2919 896 3039 941 ceu
3115 877 3304 960 inops
3368 899 3445 944 ac
3509 876 3590 943 de
3655 877 3905 944 familia
3967 899 4200 963 parum

2256 959 2512 1038 anxius,
2557 960 2887 1026 Dominus
2928 960 3040 1028 vel
3080 961 3228 1027 istic
3264 962 3382 1038 ‚vel
3423 962 3578 1029 alibi
3620 961 3846 1029 aderit.
3923 964 4020 1029 Et
4061 964 4202 1030 ubi-

2255 1043 2370 1112 ubi
2407 1046 2755 1129 contigerit
2796 1065 3019 1130 agere,
3076 1067 3213 1112 non
3267 1068 3414 1113 sum
3469 1070 3641 1133 genu
3684 1049 4051 1116 inflexurus
4094 1072 4201 1116 co-

2256 1150 2400 1195 ram
2445 1129 2830 1197 simulacris.
2917 1131 3194 1198 Domini
3236 1142 3336 1200 est
3377 1142 3573 1201 terra.

2428 1215 2638 1282 Porro
2699 1238 2967 1300 prorsus
3025 1218 3151 1284 sim
3213 1239 3447 1286 coecus
3488 1226 3745 1302 oportet
3797 1222 3853 1285 si
3905 1221 4206 1304 ignorem

2255 1320 2454 1382 quam
2496 1302 2587 1368 sis
2629 1300 2978 1382 candidus,
3032 1324 3309 1387 aequus,
3369 1315 3439 1371 et
3479 1326 3676 1388 quam
3731 1306 3940 1372 amico
3984 1306 4055 1371 in
4100 1328 4207 1372 me

2260 1385 2502 1452 animo.
2571 1387 2711 1453 Nec
2752 1409 2860 1454 me
2902 1389 3094 1454 latuit
3136 1388 3293 1472 quid
3336 1389 3416 1455 de
3456 1390 3581 1456 hoc
3625 1392 3885 1475 negotio
3927 1392 4208 1458 sentires

2259 1479 2375 1537 aut
2416 1471 2631 1540 adhuc
2674 1475 2938 1540 sentias.
3026 1474 3250 1542 Unum
3293 1474 3363 1540 id
3406 1475 3791 1559 displicebat
3833 1475 4005 1561 quod
4047 1477 4207 1544 adeo

2258 1556 2751 1625 formidolosum
2807 1566 2874 1625 te
2928 1559 3097 1626 mihi
3147 1561 3525 1644 praestabas
3579 1569 3655 1626 ut
3695 1583 3828 1627 non
3874 1583 4073 1629 ausus
4116 1564 4208 1629 sis

2257 1642 2462 1709 libere
2495 1644 2841 1728 palamque
2877 1645 3228 1711 enunciare
3249 1653 3432 1712 tuam
3468 1648 3883 1727 sententiam,
3924 1668 4009 1713 ne
4045 1649 4209 1714 mihi

2259 1730 2521 1795 venires
2562 1731 2635 1795 in
2679 1731 3112 1814 suspicionem
3153 1732 3293 1798 eius
3335 1733 3626 1799 criminis
3689 1753 3730 1797 a
3771 1753 3899 1815 quo
3944 1741 4081 1799 tam
4127 1736 4210 1799 ti-

2258 1834 2420 1893 mes,
2465 1837 2701 1898 nempe
2744 1816 3135 1899 philautiae,
3190 1817 3316 1884 hoc
3358 1826 3490 1895 est,
3551 1840 3636 1884 ne
3680 1818 4001 1885 videreris
4042 1820 4212 1885 mihi

2260 1900 2331 1965 in
2384 1909 2573 1967 tuam
2622 1903 2839 1984 potius
2892 1923 3092 1986 quam
3156 1923 3372 1969 meam
3444 1905 3722 1988 gratiam
3775 1902 3844 1969 id
3895 1905 4212 1972 factitare.

2263 1983 2399 2052 Sed
2443 1996 2513 2053 et
2542 2008 2692 2053 mea
2722 1987 2840 2054 illa
2874 1989 3278 2070 querimonia
3312 1989 3440 2056 huc
3477 1990 3821 2073 praecipue
3856 1992 4212 2073 spectabat,

2262 2093 2348 2137 ne
2389 2073 2461 2137 in
2503 2078 2570 2137 te
2611 2071 3183 2140 transfunderetur
3226 2075 3447 2158 culpa,
3507 2074 3566 2141 si
3607 2095 3684 2142 eo
3728 2082 3902 2143 esset
3942 2077 4212 2142 commi—

2264 2156 2611 2310 ςηιιὲἰᾱιιιιεῑι.
2715 2160 3074 2242 Postquam
3129 2160 3252 2227 hoc
3308 2167 3501 2243 pacto
3557 2161 3776 2240 times,
3834 2162 3997 2227 mihi
4041 2162 4214 2229 scili·

2264 2251 2371 2308 cet
2508 2244 2521 2258 ‘
2563 2293 2579 2308 .

2436 2329 2609 2396 Rem
2654 2331 3093 2415 gratissimam
3136 2331 3348 2397 fecisti
3389 2332 3561 2415 quod
3605 2332 3686 2398 de
3721 2331 3916 2400 rebus
3959 2354 4215 2419 germa-

2267 2412 2434 2481 nicis
2477 2435 2553 2481 ac
2604 2416 2848 2481 nostris
2903 2436 3008 2481 me
3071 2417 3303 2483 feceris
3357 2419 3697 2483 certiorem
3714 2469 3732 2497 ,
3792 2417 4078 2502 adeoque
4134 2419 4217 2486 de

2267 2499 2466 2565 exitio
2493 2499 2724 2582 Caroli,
2761 2500 2931 2584 quod
2967 2501 3283 2586 singulari
3306 2503 3437 2568 Dei
3471 2504 3787 2570 beneficio
3807 2504 3997 2570 iuxta
4019 2505 4218 2571 etiam

2269 2586 2573 2737 Hssfflfl
2596 2586 3574 2740 ‘'iiffiuffriassffffissffi’ss
3614 2591 4217 2742 ssxassuzmssffisstn

2266 2692 2756 2825 latronesgligtos
2790 2694 3182 2825 abgecclesia
3215 2777 3335 2823 sua
3368 2759 3592 2841 procul
3635 2760 3738 2827 abi
3828 2767 3877 2839 t,
3919 2727 4218 2844 pessum:

2268 2840 2409 2922 det,
2470 2843 2853 2922 confundat,
2925 2840 3276 2926 disperdat.
3380 2842 3684 2922 Salutem
3789 2846 3938 2912 'cito
3991 2848 4217 2914 amicis

2267 2928 2589 2996 omnibus.
2679 2929 3049 3008 Matisconi,
3094 2928 3328 2994 ultimo
3373 2927 3705 3013 Septemb.
3760 2934 3939 2997 1546.

3390 3048 3471 3115 B.
3518 3048 3766 3117 'Dexter
3807 3056 3980 3116 tuus.

3054 3293 3461 3301 ——-.-——-—-—..

3166 3475 3323 3546 882.

2666 3672 2669 3679 .
2743 3609 3214 3679 GALVINUS
3259 3610 3722 3678 FARELLO.

2440 3765 2810 3833 Neocomum
2842 3764 2952 3831 hoc
2986 3784 3149 3831 anno
3182 3764 3293 3830 vix
3325 3785 3391 3831 se
3423 3770 3755 3831 venturum
3786 3768 3990 3849 putat.
4055 3768 4216 3853 Ayit

2253 3859 2585 3936 praeterea
2627 3853 2703 3919 de
2743 3848 2930 3917 rebus
2978 3851 3291 3930 TextoriS,
3347 3851 3424 3918 de
3474 3852 3614 3917 suis
3655 3850 3860 3934 {psius
3898 3851 4216 3921 elucubra-

2260 3939 2546 4019 tionibus,
2588 3958 2705 4005 ewr
2745 3936 2975 4003 scilicet
3015 3936 3421 4020 Aryentorati
3464 3937 3872 4017 potissimum
3912 3940 4212 4007 excuden-

2261 4026 2380 4094 das
2421 4027 2609 4102 curet,
2653 4024 2729 4089 de
2775 4021 3047 4088 Pom-ino
3091 4022 3354 4105 denique
3395 4022 3648 4105 eiusque
3689 4041 3901 4088 uxore.

2263 4177 2375 4243 (Ex
2410 4172 2745 4255 autographo
2780 4171 2913 4227 Cod.
2953 4170 3087 4226 Gen.
3125 4170 3244 4233 106,
3290 4171 3381 4226 fol.
3419 4169 3519 4225 173
3563 4170 3714 4225 cuius
3763 4174 4074 4295 apographa
4118 4192 4209 4229 ex-

2261 4250 2410 4300 stant
2444 4244 2719 4298 Turretini
2754 4239 2883 4295 Cod.
2925 4240 3040 4308 111,
3084 4242 3175 4294 fol.
3214 4239 3331 4306 148,
3368 4241 3641 4294 Beruense
3676 4241 3725 4295 E
3805 4281 3817 4294 .
3912 4243 3980 4307 11,
4018 4260 4072 4311 p.
4106 4242 4211 4298 774

2433 4322 2490 4365 et
2525 4310 2742 4366 simleri
2781 4309 2899 4364 Vol.
2935 4307 3018 4363 61.
3056 4338 3119 4349 -
3158 4309 3353 4364 Vei-sio
3388 4310 3615 4379 anglica·
3634 4310 3694 4364 Τ.
3726 4258 3801 4364 ff
3837 4326 3891 4378 p.
3926 4308 4039 4378 58.)

2259 4468 2524 4534 Eximio
2557 4463 2830 4531 Domini
2873 4463 3084 4530 nostri
3115 4463 3273 4530 Iesu
3308 4464 3557 4531 Christi
3597 4484 3789 4530 servo
3824 4461 4208 4531 Guillielmo

2431 4551 2697 4617 Farello
2762 4549 3232 4616 Neocomensis
3309 4549 3619 4617 ecclesiae
3695 4549 3942 4633 pastori
4019 4549 4208 4618 fratri

2428 4638 2594 4703 mihi
2632 4635 2987 4704 carissimo.

2430 4755 2501 4824 S.
2547 4757 2650 4823 Ne
2691 4774 2863 4822 vana
2896 4754 3383 4840 exspectatione
3424 4773 3543 4819 vos
3585 4751 3842 4830 lactem,
3889 4772 3996 4817 me
4038 4754 4207 4824 istuc

2258 4850 2412 4911 ante
2455 4843 2765 4928 hyemem
2810 4847 3163 4908 venturum
3204 4863 3336 4907 non
3378 4847 3556 4924 puto.
3627 4837 3799 4903 Nam
3842 4838 4044 4904 semel
4088 4860 4203 4909 ex-

2256 4937 2483 5015 pertus
2510 4927 2554 5015 ι)
2601 4927 3089 5013 navigationem
3132 4925 3298 4991 mihi
3339 4945 3485 4991 esse
3524 4922 4022 5006 incommodam,
4067 4947 4203 4994 non

2259 5073 2433 5081 ———-——

2296 5205 2308 5219 ⁹
2461 5133 2523 5201 3)
2560 5132 2774 5188 Rumor
2808 5134 3167 5202 epoeasbatm·
3202 5131 3270 5188 de
3582 5130 4003 5198 protestantium
4036 5132 4202 5188 vieto-

2250 5221 2369 5329 r.
2418 5218 2547 5354 ⁰²3⁶
2564 5200 3039 5341 mma
3069 5196 3571 5326 mm&
3604 5279 3798 5323 ......
3828 5267 3967 5325 ...-
3992 5267 4202 5336 f...

2249 5343 2394 5401 coelo
2425 5355 2610 5397 munus
2637 5339 2845 5408 fausto.
3681 5421 3786 5477 25*
