4825 6175
643 412 725 473 27
2184 409 2712 479 EPISTOLAE
2760 414 2835 475 61
2850 413 3013 474 1—6
3023 414 3051 474 1
3062 413 3100 475 2
4548 414 4620 477 28

637 609 918 684 quatuor
960 606 1076 663 aut
1117 600 1274 682 quin
1317 619 1400 664 00
1435 598 1603 665 01108
1646 607 1794 683 post
1834 599 2055 665 alium.
2141 600 2250 665 Ita
2292 620 2589 666 seorsum

637 692 757 750 aut
799 683 1136 751 blanditiis
1177 706 1259 768 pe
1317 686 1663 763 ‘eeu-entur,
1721 697 1838 750 aut
1885 687 2084 751 minis
2128 707 2587 768 permoveren-

636 778 749 835 tur
806 769 890 836 ad
953 769 1199 853 aliquid
1253 770 1670 855 largiendum
1723 769 1894 854 quod
1945 771 2342 856 praeiudicio
2397 770 2588 837 nobis

635 856 931 921 futurum
971 865 1162 921 esset.
1252 855 1400 922 Seis
1457 856 1581 922 hoc
1635 857 1838 922 fuisse
1892 857 2051 923 olim
2095 857 2381 941 Lanyaei
2425 857 2585 922 arti-

633 942 878 1008 ficium.
945 939 1194 1008 Statim
1237 952 1605 1028 opportune
1652 941 1862 1007 adfuit
1905 944 2183 1009 nuncius
2227 965 2343 1025 per
2387 964 2586 1027 quem

634 1026 960 1093 Bucerum
1003 1027 1332 1106 admonui,
1379 1027 1460 1092 de
1504 1050 1631 1112 quo
1675 1027 1820 1094 ideo
1863 1028 2012 1112 plus
2057 1029 2367 1095 timebam
2411 1028 2583 1112 quod

636 1122 703 1180 et
743 1112 1023 1178 vicinior
1064 1122 1164 1179 est
1206 1121 1273 1179 et
1315 1114 1395 1178 ab
1439 1114 1737 1180 hostibus
1773 1137 1857 1180 ex
1900 1115 2129 1196 primis
2166 1114 2583 1199 deligeretur.

636 1198 1094 1265 Melanchthoni
1155 1221 1280 1283 quo
1327 1222 1407 1264 ue
1470 1208 1696 1284 postea
1758 1201 1988 1282 scripsi
2053 1199 2406 1285 diligenter
2471 1221 2588 1283 per

636 1284 989 1352 Claudium
1053 1285 1289 1351 Seu-arc
1389 1287 1526 1351 ium
1581 1307 1776 1369 quem
1836 1286 1964 1350 alia
2028 1285 2108 1350 de
2169 1306 2367 1352 causa
2426 1285 2585 1351 illue

635 1371 996 1437 mittebam.
1107 1372 1278 1435 Nam
1344 1372 1751 1454 quorundam
1820 1372 2180 1437 amicorum
2245 1381 2482 1456 rogatu
2548 1391 2587 1434 a

636 1456 928 1534 Luthero,
976 1455 1440 1523 Melanohthone
1481 1467 1549 1522 et
1585 1456 1831 1523 Bucero
1875 1457 2077 1539 petivi
2124 1469 2197 1522 ut
2240 1456 2320 1522 de
2362 1456 2585 1522 libello

633 1563 799 1620 mee,
842 1543 955 1626 qui
989 1544 1085 1606 tui
1123 1542 1356 1608 similis
1393 1551 1509 1622 est,
1554 1544 1940 1609 sententiam
1980 1544 2168 1608 nobis
2204 1564 2393 1608 suam
2438 1563 2586 1625 per·

635 1626 1011 1694 seriberent.
1078 1628 1231 1693 Non
1275 1629 1428 1712 quia
1470 1629 1636 1693 mihi
1680 1630 1964 1712 placeret
2007 1630 2182 1713 ipsos
2226 1628 2584 1707 consulere,

636 1721 754 1778 aut
794 1715 945 1797 quia
987 1735 1135 1796 spes
1181 1714 1400 1798 aliqua
1438 1736 1774 1781 successus
1808 1716 1991 1780 foret.
2081 1716 2337 1779 Verum
2382 1736 2585 1798 quum

632 1798 703 1864 id
748 1799 878 1864 iam
921 1800 993 1863 in
1038 1801 1337 1865 animum
1378 1799 1791 1866 induxissent
1835 1800 2048 1880 Galli,
2108 1801 2391 1868 sciebam
2447 1821 2585 1864 om·

633 1886 794 1950 nino
854 1886 1158 1950 facturos.
1248 1886 1458 1951 Malui
1515 1886 1721 1970 igitur
1775 1893 1853 1951 ut
1907 1910 1991 1952 ex
2043 1907 2116 1952 re
2175 1888 2315 1970 ipsa
2372 1887 2586 1969 potius

634 1969 999 2037 iudicarent
1043 1992 1241 2053 quam
1284 1992 1482 2037 eausa
1521 1971 1836 2037 inaudita.

810 2055 1005 2138 Quod
1052 2064 1270 2121 autem
1316 2079 1450 2122 non
1503 2059 1802 2140 protinus
1849 2056 2114 2129 Caesari
2161 2067 2227 2123 et
2269 2058 2585 2123 Tornonio

633 2142 1033 2226 obsequutus
1075 2149 1193 2220 est,
1240 2142 1309 2207 id
1345 2143 1580 2208 accidit
1606 2141 1947 2209 Castellum
1981 2141 2335 2208 ambitione
2370 2144 2583 2227 magis

629 2247 827 2308 quam
872 2227 1240 2310 prudentia.
1327 2227 1722 2311 Quanquam
1760 2251 1892 2294 non
1934 2229 2157 2294 dubito
2202 2231 2359 2312 quin
2405 2230 2583 2294 huno

630 2310 962 2379 Dominus
995 2313 1346 2398 impulerit,
1392 2324 1465 2379 ut
1497 2314 1684 2379 illum
1719 2325 1856 2380 tam
1890 2315 2329 2399 periculosum
2366 2325 2583 2380 astum

630 2398 1110 2477 interverteret‚
1156 2421 1240 2464 ne
1284 2401 1494 2465 nostri
1537 2402 1785 2466 incauti
1828 2401 2275 2466 obruerentur.
2340 2400 2583 2467 Osten-

633 2482 732 2548 dit
774 2485 946 2569 Regi
992 2483 1348 2550 verendum
1392 2508 1534 2551 esse
1579 2508 1679 2562 ne,
1737 2487 1796 2551 si
1840 2485 2133 2553 doctores
2179 2509 2332 2552 suos
2369 2488 2580 2570 impa—

630 2579 810 2635 ratos
864 2571 1051 2636 nobis
1101 2571 1478 2637 hominibus
1525 2572 1611 2636 ad
1661 2593 1953 2656 pugnam
2008 2573 2347 2639 instructis
2402 2584 2470 2638 et
2513 2573 2581 2636 in

632 2675 711 2720 ea
753 2656 1123 2721 exercitatis
1179 2660 1647 2738 committeret,
1708 2680 1842 2723 non
1893 2660 2071 2741 ipsos
2130 2657 2322 2724 modo
2380 2678 2583 2741 expo·

631 2749 824 2806 neret
893 2741 1195 2808 dedecori
1249 2741 1365 2807 sed
1429 2750 1642 2808 totum
1706 2764 1961 2827 quoque
2024 2764 2325 2828 regnum.
2436 2745 2583 2810 Hoc

633 2847 789 2910 ergo
833 2828 1045 2909 potius
1085 2827 1429 2912 agendum,
1491 2837 1568 2893 ut
1607 2829 1853 2912 aliquot
1895 2830 2023 2896 viri
2067 2829 2240 2895 docti
2283 2831 2583 2895 nomina-

630 2920 862 2977 rentur
906 2934 945 2977 a
987 2914 1171 2996 Rege
1228 2914 1342 2996 qui
1395 2913 1649 2980 collatis
1705 2916 1919 2997 operis
1973 2937 2043 2982 se
2088 2916 2171 2981 ad
2214 2938 2333 2981 nos
2375 2917 2582 2999 impe-

629 2996 862 3063 tendos
908 3008 1260 3064 armarent.
1327 2999 1505 3065 Sunt
1546 2999 1887 3066 Meloduni
1930 3000 2270 3068 duodecim
2313 3024 2397 3068 ex
2442 3002 2583 3086 qui-

629 3083 754 3150 bus
790 3082 918 3150 duo
950 3085 1411 3151 existimantur
1442 3086 1615 3153 boni.
1671 3085 1908 3154 Nescio
1943 3111 2031 3154 an
2067 3110 2277 3155 unum
2311 3087 2584 3154 debeam

630 3169 833 3235 talem
888 3171 1195 3236 iudicare.
1296 3173 1844 3256 Exspectabimus
1908 3173 2065 3258 quid
2103 3177 2274 3241 ferat
2316 3173 2582 3240 tandem

628 3254 740 3321 hie
784 3276 1063 3341 magnus
1120 3266 1491 3341 apparatus.
1582 3258 1777 3325 Certe
1832 3260 2006 3324 nihil
2058 3260 2214 3327 boni
2269 3262 2581 3346 cogitant.

631 3338 767 3406 Sed
824 3354 924 3408 est
978 3344 1053 3407 in
1106 3343 1282 3408 coelo
1338 3345 1449 3428 qui
1503 3345 1684 3427 ipsos
1739 3344 2061 3425 derideat,
2129 3366 2206 3412 ae
2271 3348 2341 3412 in
2406 3357 2586 3412 terra

629 3428 830 3492 etiam
873 3427 1184 3495 ridiculos
1223 3430 1436 3494 faeiat.
1525 3430 1712 3495 Vale.
1799 3432 2132 3498 Dominus
2174 3440 2240 3498 te
2284 3441 2353 3500 et
2390 3433 2583 3498 fami-

628 3511 788 3577 liam
830 3520 1017 3579 tuam
1074 3524 1451 3595 conservet,
1507 3537 1706 3601 quam
1748 3515 2063 3585 salutabis
2105 3540 2252 3584 meo
2297 3526 2364 3584 et
2404 3539 2584 3584 meo-

629 3619 780 3663 rum
823 3601 1107 3666 nomine.
1197 3600 1511 3669 Genevae
1554 3606 1614 3668 4.
1660 3603 1886 3671 Nonas
1928 3605 2246 3672 Februar.
2266 3606 2324 3689 ⁸)

1542 3740 1828 3807 Ioannes
1874 3740 2195 3809 Calvinus
2238 3750 2409 3809 tuus.

1406 4036 1811 4044 ———-—-——

1531 4252 1681 4324 612.

1160 4405 1563 4475 VIRE'PUS
1608 4408 2046 4475 OALVINO.

801 4576 1042 4644 Paucis
1050 4578 1433 4659 praemissis
1473 4579 1549 4645 de
1570 4579 1659 4644 iis
1699 4601 1861 4661 quae
1888 4578 2192 4647 Calvinus
2213 4581 2285 4646 in
2332 4602 2579 4663 nupera

620 4681 747 4728 sua
789 4663 1058 4744 epistola
1100 4665 1419 4747 auiqerat,
1467 4664 1770 4745 pluribus
1811 4667 1944 4750 ayit
1983 4667 2058 4732 de
2099 4688 2251 4734 novo
2309 4668 2580 4749 quodam

625 4745 875 4814 farelli
915 4750 1225 4832 opusculo,
1270 4749 1345 4814 de
1380 4750 1522 4814 suis
1543 4751 1753 4832 ipsius
1777 4753 2205 4821 conaminibus
2248 4755 2577 4831 literariis,

621 4832 698 4898 de
738 4838 908 4900 statu
948 4856 1159 4902 rerum
1215 4834 1389 4917 apud
1431 4833 1780 4903 Beruenses
1820 4842 1878 4903 et
1918 4842 2332 4907 controversia
2384 4840 2575 4904 Turi-

622 4921 901 4985 censium
940 4941 1081 4987 cum
1124 4921 1412 4988 Luthero.

624 5095 727 5103 ,-..--

814 5192 881 5274 ·3)
918 5193 1146 5248 Annum
1191 5194 1501 5252 adscribere
1535 5195 1671 5250 1545
1706 5199 1914 5254 nullius
1936 5203 2142 5271 negotis·
2171 5209 2264 5272 cst,
2299 5221 2465 5276 quum
2501 5211 2580 5261 tot

623 5274 711 5315 res
744 5262 968 5315 abunde
1001 5269 1179 5326 notas,
1213 5271 1276 5317 ut
1309 5265 1397 5318 his
1431 5267 1573 5334 ipsis
1617 5266 1809 5321 diebus
1839 5276 2040 5341 aestas,
2072 5281 2439 5330 commemoret
2455 5284 2572 5330 :au-

622 5336 721 5385 τον.
794 5330 1052 5386 Attamen
1097 5330 1422 5389 Tuo-retinas
1453 5335 1655 5390 multus
1688 5343 1766 5390 est
1801 5338 1861 5392 in
1896 5339 2332 5398 demonstrando.

2690 598 2805 664 (Ex
2839 603 3067 668 autogra
3105 597 3177 652 110
3210 597 3343 652 Ood.
3373 596 3578 652 Genev.
3619 598 3760 651 111⁸,
3789 600 3879 653 fol.
3899 597 3984 652 60.
4037 599 4338 654 Praeterea
4368 599 4627 669 descripta

2688 668 2848 722 estin
2866 667 2996 722 Ood.
3023 667 3045 717 l
3085 666 3135 734 6,
3169 668 3262 721 fol.
3293 665 3500 790 85,8111111ιι
3503 667 3670 791 ἐξὲξ
3691 668 4043 802 νΒέἷηὲθΕἷρ.
4080 669 4202 725 vn.
4237 685 4289 738 p.
4308 666 4428 735 647,
4464 673 4519 722 et
4549 685 4625 739 ap.

2802 1010 2815 1024 ⁶
2862 891 3247 990 Clarissimo
3296 925 3463 1027 ‘viro
3518 924 3604 990 D.
3662 926 3904 991 Ioanni
3970 924 4255 991 Calvino
4320 924 4510 990 fratri
4568 932 4630 990 et

2688 1030 2896 1075 amieo
2940 1031 3133 1094 quam
3180 1031 3515 1076 eanssuno

4131 1096 4468 1162 Genevae.
4508 1157 4529 1183 .

2860 1231 2930 1297 S.
2977 1231 3461 1315 Exspectabam
3520 1231 3637 1297 abs
3681 1239 3749 1298 te
3805 1232 4033 1298 literas
4088 1232 4631 1315 expostulatorias

2690 1317 2862 1402 quod
2921 1327 3057 1382 tam
3129 1337 3282 1382 raro
3338 1316 3420 1380 ad
3476 1331 3540 1382 te
3593 1318 3903 1396 scribam,
3966 1319 4082 1384 sed
4141 1318 4514 1401 occupatior
4568 1340 4634 1384 es

2688 1425 2881 1486 quam
2945 1415 3018 1469 ut
3075 1403 3183 1468 vel
3237 1403 3654 1485 expostulare
3725 1404 3939 1470 liceat.
4040 1404 4188 1488 Ego
4242 1412 4462 1469 autem
4517 1405 4633 1471 etsi

2690 1490 2903 1573 magis
2946 1490 3193 1555 otiosus
3238 1490 3368 1578 sim
3409 1511 3606 1573 quam
3650 1497 3743 1568 tu,
3803 1490 3954 1555 nolo
4000 1499 4218 1555 tamen
4265 1501 4482 1555 tecum
4526 1512 4634 1556 ex·

2687 1575 3020 1658 postulare
3065 1573 3146 1638 de
3192 1574 3505 1639 diuturno
3541 1585 3654 1639 tuo
3685 1575 3964 1655 silentio,
4008 1575 4142 1640 imo
4186 1576 4399 1659 magis
4443 1577 4637 1642 miror

2689 1660 2862 1742 quod
2907 1661 3016 1725 vel
3060 1660 3386 1743 apiculum
3444 1661 3707 1725 mittere
3761 1662 3987 1744 possis.
4089 1661 4363 1726 Lubens
4419 1660 4533 1726 abs
4576 1673 4636 1726 te

2691 1746 2916 1810 audivi
2974 1768 3142 1829 quae
3201 1745 3280 1810 de
3336 1753 3657 1829 apparatu
3714 1746 4062 1813 Gallorum
4124 1746 4206 1810 ad
4268 1748 4638 1813 conflictum

2689 1853 2837 1897 cum
2885 1833 3129 1896 nostris
3173 1831 3510 1915 scripsisti.
3537 1835 3590 1912 1)
3655 1831 4058 1898 Audiveram
4093 1833 4279 1916 prius
4325 1831 4636 1911 nonnihil,

2690 1917 2802 1982 sed
2850 1919 3011 1982 satis
3046 1919 3297 1983 incerto
3335 1925 3577 1982 autore.
3647 1920 3740 1982 At
3774 1918 4091 2001 quaedam
4128 1918 4470 1983 inseruisti
4515 1918 4638 1983 tuis

2687 2003 2895 2068 literis
2939 2025 3106 2086 quae
3149 2025 3282 2067 non
3326 2002 3518 2068 facile
3561 2004 3765 2086 capio,
3858 2002 4328 2069 Senarclenium
4370 2005 4638 2071 missum

2689 2089 2805 2154 abs
2841 2099 2908 2154 te
2944 2088 3173 2155 scribis
3209 2088 3292 2152 ad
3316 2087 3864 2169 Melanchthonem,
3900 2088 4071 2172 quod
4104 2089 4427 2155 haetenus
4462 2090 4640 2174 igno-

2689 2176 2846 2240 ravi.
2937 2176 3148 2240 Miror
3202 2173 3374 2257 quod
3431 2173 3589 2240 illuc
3660 2176 4078 2257 proficiscens
4147 2175 4270 2240 hae
4337 2175 4467 2239 iter
4510 2196 4639 2240 non

2687 2261 2932 2326 feeerit.
3002 2259 3253 2325 Adiiei's
3300 2269 3364 2323 te
3409 2262 3489 2326 ab
3534 2261 3692 2342 ipsis
3727 2282 3992 2343 poscere
4035 2260 4190 2344 quid
4236 2262 4529 2326 sentiant
4563 2260 4639 2325 de

2687 2346 2906 2411 libello
2949 2346 3231 2428 quodam
3291 2351 3407 2409 tuo
3465 2347 3579 2429 qui
3632 2346 3765 2411 mei
3821 2346 4054 2412 similis
4112 2355 4227 2413 est.
4319 2345 4490 2427 Quis
4535 2346 4639 2412 ille

2685 2431 2948 2497 libellus
2994 2433 3082 2496 sit
3124 2453 3259 2496 non
3303 2432 3465 2496 satis
3510 2453 3847 2514 assequor,
3903 2453 4103 2514 quum
4149 2432 4318 2496 nihil
4364 2433 4641 2514 scripse-

2687 2519 2813 2582 rim
2858 2517 3030 2600 quod
3073 2537 3222 2582 cum
3260 2515 3394 2581 ullo
3448 2527 3560 2582 tuo
3603 2539 3799 2601 opere
3842 2517 4084 2600 aliquid
4127 2517 4367 2582 habeat
4409 2517 4638 2597 simile,

2687 2604 2815 2668 nisi
2871 2604 3037 2668 forte
3098 2602 3440 2685 epistolam
3495 2605 3766 2669 missam
3824 2603 3906 2669 ad
3965 2602 4198 2670 Gallos
4255 2603 4334 2668 de
4391 2604 4641 2668 ratione

2686 2687 2956 2754 vivendi
3024 2709 3174 2755 cum
3243 2689 3715 2771 superstitiosis
3773 2689 4141 2773 papistis.'²)
4246 2687 4383 2755 Sed
4443 2710 4640 2772 quum

2687 2784 2842 2839 ante
2887 2796 3095 2840 annos
3139 2773 3385 2856 aliquot
3439 2774 3643 2841 latine
3698 2774 3872 2840 idem
3930 2774 4232 2841 tractaris
4292 2797 4366 2839 ar
4414 2795 4640 2839 umen-

2689 2869 2851 2939 tum,
2869 2863 2926 2939 3)
2974 2881 3111 2925 000
3146 2870 3305 2944 puto
3342 2859 3487 2925 illos
3522 2860 3842 2927 hactenus
3876 2861 4212 2946 ignorasse
4247 2862 4360 2945 qui
4441 2862 4641 2945 scrip-

2689 2947 2871 3024 seris,
2920 2954 3036 3011 aut
3074 2955 3143 3010 te
3186 2945 3457 3012 latuisse
3502 2945 3657 3028 quid
3704 2966 3782 3012 ea
3827 2946 3908 3012 de
3950 2969 4023 3012 re
4066 2948 4403 3012 sentirent.

2862 3029 3042 3099 Sunt
3083 3031 3413 3099 clausulae
3457 3031 3708 3117 aliquot
3761 3034 3832 3097 in
3876 3032 4090 3099 medio
4131 3042 4283 3099 tuae
4328 3031 4640 3117 epistolae

2686 3139 2851 3202 quas
2874 3118 3058 3184 nulla
3077 3119 3329 3184 ratione
3365 3119 3546 3202 potui
3583 3118 3973 3203 intelligere,
4011 3127 4127 3184 aut
4161 3119 4474 3203 quoniam
4509 3138 4640 3184 non

2690 3205 2852 3270 satis
2891 3225 3034 3270 rem
3078 3204 3382 3287 explicas,
3429 3226 3624 3287 quam
3661 3205 3828 3270 mihi
3872 3206 4038 3270 forte
4073 3213 4298 3270 notam
4337 3225 4484 3270 esse
4526 3225 4643 3288 pu-

2689 3291 2866 3370 tasti,
2911 3298 3025 3356 aut
3066 3291 3372 3373 quoniam
3418 3290 3665 3373 aliquid
3709 3291 3876 3355 forte
3921 3289 4056 3356 abs·
4080 3298 4146 3355 te
4190 3291 4512 3356 omissum
4546 3296 4643 3354 est

2690 3375 3019 3442 scribendi
3058 3375 3494 3441 festinatione.
3583 3375 3882 3441 Libellus
3941 3374 4289 3459 Capunculi
4346 3375 4643 3441 nondum

2690 3460 2773 3526 ad
2816 3482 3049 3527 manus
3083 3482 3264 3526 meas
3344 3461 3617 3527 ervenit.
3687 3461 3981 3527 Farellus
4021 3462 4202 3527 misit
4236 3461 4320 3528 ad
4363 3482 4472 3526 me
4511 3481 4640 3527 non

2687 3546 2785 3612 ita
2836 3547 3090 3632 pridem
3143 3482 3441 3613 libellum
3505 3545 3829 3630 quendam
3883 3568 3922 3612 a
3978 3567 4051 3613 se
4108 3547 4566 3632 compositum,
4583 3548 4639 3623 ⁴)

2715 3834 2855 3890 612.
2892 3835 2950 3898 1)
2988 3834 3376 3892 Molodmmtse
3406 3834 3731 3905 colloquium
3764 3836 3966 3892 innuit.
4047 3871 4055 3875 -

2899 3903 2956 3970 2)
2993 3904 3213 3973 Epistre
3270 3921 3512 3975 envoyee
3559 3922 3665 3958 aux
3709 3904 3897 3959 fideles
3943 3921 4270 3959 conversans
4322 3907 4502 3975 parmi
4557 3907 4636 3961 108

2690 3973 2991 4026 chrestiens
3027 3974 3363 4042 papistiques
3411 3990 3550 4042 pour
3598 3974 3719 4026 leur
3761 3979 4096 4027 remonstrer
4141 3979 4413 4028 comment
4462 3976 4533 4028 ils
4583 3990 4638 4028 se

2691 4041 2911 4095 doivent
2943 4042 3140 4110 garder
3174 4041 3371 4096 d’estre
3404 4043 3626 4096 souillcz
3645 4046 3703 4095 et
3735 4043 3916 4110 polluz
3949 4059 4051 4111 par
4067 4044 4213 4096 leurs
4247 4044 4635 4110 superstitione

2690 4117 2749 4164 et
2782 4110 3059 4163 idolatries
3095 4117 3153 4165 et
3187 4111 3256 4164 de
3291 4111 3626 4165 deshonorer
3641 4110 3794 4164 Iesus
3812 4110 3995 4165 Obrist
4028 4128 4131 4181 par
4164 4112 4366 4166 icelles.
4405 4111 4564 4166 1543.
4586 4110 4640 4164 8.

2690 4178 2865 4241 (Bibl.
2887 4177 3088 4246 Turio.)
3113 4178 3330 4234 Recusa
3346 4186 3428 4235 cst
3442 4181 3504 4234 in
3515 4198 3534 4232 .-
3551 4180 3793 4233 Traittez
3808 4180 3991 4233 divers
4008 4196 4147 4250 pour
4164 4179 4530 4236 l’instruction
4546 4181 4638 4234 des

2689 4247 2875 4300 fideles
2893 4248 2986 4315 qui
3004 4248 3246 4301 resident
3263 4255 3321 4302 et
3337 4254 3663 4303 conversent
3676 4265 3733 4301 es
3755 4249 3892 4301 lieus
3911 4254 3964 4302 et
4029 4250 4108 4302 ais
4133 4249 4347 4317 esquels
4369 4249 4410 4302 il
4433 4267 4505 4303 ne
4524 4251 4638 4305 leur

2687 4320 2773 4369 est
2805 4317 3010 4380 permis
3033 4316 3102 4370 de
3120 4317 3272 4370 vivre
3290 4334 3359 4370 en
3383 4320 3434 4370 la
3494 4315 3650 4369 urete
3673 4321 3730 4369 et
3751 4317 3948 4371 liberte
4005 4334 4034 4369 e
4070 4317 4386 4386 l’Evangile.
4421 4318 4637 4371 Reveus

2686 4389 2743 4438 et
2778 4390 3110 4453 augmentes.
3164 4385 3383 4440 Geneve
3420 4384 3450 4438 1
3523 4384 3575 4438 9.
3599 4383 3648 4441 8.
3708 4385 3783 4440 In
3817 4386 3921 4440 hac
3952 4386 4255 4441 mllcetione
4285 4385 4638 4442 stactatmm

2685 4459 2864 4507 exstat
2903 4459 3187 4521 praetcrea
3232 4455 3440 4510 libellus
3489 4454 3691 4509 Vinii.-
3735 4454 3891 4509 Deux
3937 4455 4180 4508 discours
4226 4454 4476 4509 adresses
4531 4471 4635 4508 aux

2684 4521 2872 4576 fideles
2907 4523 3001 4590 qui
3035 4529 3161 4577 sont
3194 4523 3373 4591 parmi
3418 4523 3499 4575 les
3544 4522 3811 4591 papistes,
3859 4524 4018 4577 cuius
4060 4524 4302 4591 primam
4344 4523 4635 4579 editiones·

2685 4589 2944 4659 Haaqius
2978 4591 3057 4645 ad
3088 4608 3140 4646 a.
3177 4589 3330 4660 1543,
3370 4589 3710 4645 &nebien-ius
3754 4591 3834 4645 ad
3865 4607 3917 4644 a.
3956 4589 4095 4644 1544
4127 4592 4308 4658 refert,
4342 4599 4538 4647 muter
4572 4591 4637 4645 dc

2683 4659 2823 4715 visu.
2879 4657 2945 4712 Si
2975 4660 3123 4729 quod
3156 4666 3320 4714 autor
3353 4660 3442 4714 hic
3475 4659 3543 4713 de
3558 4674 3616 4714 sc
3647 4660 3771 4728 ipso
3806 4659 3942 4714 dicit
3974 4661 4105 4716 bene
4130 4661 4505 4729 perpenderis,
4541 4660 4635 4716 vix

2682 4727 2785 4782 tibi
2809 4729 3169 4795 persuadebis
3202 4728 3347 4782 hunc
3379 4728 3608 4783 libellum
3646 4735 3777 4783 tunc
3809 4730 4065 4797 temporis
4095 4731 4208 4784 iam
4239 4730 4534 4798 prodiisse.

2884 4795 2948 4862 3)
2983 4799 3046 4850 in
3084 4796 3355 4864 Epistozis
3388 4797 3604 4852 duabus
3644 4796 3783 4866 Opp.
3827 4797 3886 4851 T.
3937 4797 3995 4850 V.

2885 4864 2949 4930 4)
2987 4866 3182 4918 Ferme
3217 4865 3486 4920 d'oraison
3538 4882 3674 4935 pour
3718 4866 4014 4920 demander
4060 4865 4093 4920 a
4139 4866 4279 4920 Dieu
4324 4867 4378 4919 la
4423 4867 4631 4921 saincte

2681 4932 3023 5003 predication
3058 4933 3125 4987 de
3160 4933 3347 4987 I’Evan
3392 4935 3459 4988 ‘le
3506 4942 3563 4986 et
3607 4935 3659 4987 10
3696 4936 3813 4988 vrai
3850 4940 3907 4988 et
3942 4936 4089 4988 droit
4124 4952 4288 5004 usage
4323 4934 4420 4995 (100
4455 4952 4630 4989 sacre·

2680 5017 2848 5057 mens.
2921 5003 3159 5057 Geneve.
3199 4952 3412 5057 Girsu-5¹.
3463 5000 3614 5056 1545.
3650 5001 3699 5055 8.
3769 5002 3938 5058 Hunc
3971 5004 4202 5058 libellum
4238 5004 4306 5059 ab
4343 5003 4454 5059 alio
4491 5007 4628 5058 eius-

2680 5070 2799 5125 dem
2834 5071 3106 5126 diversum
3131 5071 3315 5137 fuisse
3359 5072 3732 5126 existimamus
3777 5072 4063 5137 (hactenus
4113 5088 4150 5126 a
4196 5073 4398 5142 collega
4442 5079 4628 5128 nostro

2675 5139 2986 5195 doctissimo
3010 5139 3064 5192 Ο.
3095 5138 3395 5195 Schmidtio
3427 5139 3825 5205 dissentientes)
3862 5156 3914 5195 a.
3957 5139 4090 5195 1543
4124 5140 4270 5196 edito
4303 5142 4405 5195 sub
4440 5142 4627 5197 titulo:

2678 5207 2760 5261 La
2806 5209 3130 5263 tressaincte
3188 5210 3404 5263 oraison
3463 5226 3570 5278 que
3614 5215 3801 5262 nostre
3849 5210 4115 5279 Seigneur
4161 5210 4315 5264 Iesus
4366 5210 4550 5266 Obrist
4596 5227 4627 5262 a

2678 5277 2843 5331 baille
2880 5280 2913 5331 0
2948 5295 3034 5331 808
3069 5286 3317 5347 apostres
3354 5319 3365 5331 .
3406 5319 3419 5334 .
3457 5317 3469 5331 .
3514 5318 3526 5329 .
3562 5295 3694 5332 aveo
3729 5296 3802 5331 un
3837 5280 4039 5333 recueil
4087 5277 4339 5333 d'aucuns
4374 5295 4625 5400 passages

2679 5345 2747 5399 de
2783 5348 2839 5401 la
2872 5347 3077 5401 saincte
3114 5347 3395 5401 Escriture
3430 5345 3531 5400 fait
3566 5363 3635 5400 00
3669 5348 3911 5402 maniere
3946 5348 4015 5402 de
4048 5347 4247 5417 priere.
4304 5348 4523 5403 Geneve
4575 5347 4622 5401 2.
