4825 6175
667 411 791 477 519

662 616 903 672 coram,
948 596 1091 661 Deo
1141 596 1418 675 volente,
1461 593 1959 660 communicabo.
2049 588 2241 672 Quod
2278 609 2456 654 nunc
2497 607 2606 653 me

663 705 751 748 ur
796 690 862 748 et
911 681 1138 765 paucis
1194 678 1423 747 dicam.
1511 680 1637 745 Est
1687 678 1755 744 in
1807 679 1932 743 1166
1987 678 2145 742 urbe
2188 672 2455 758 quidam
2501 672 2607 739 vir

663 704 893 851 Beffgffi
935 768 1039 832 cui
1083 787 1320 832 nomen
1367 774 1468 832 est
1522 765 1891 844 ValerandO,
1950 763 2143 828 homo
2187 759 2605 827 turbulentus

666 863 734 918 et
772 850 1260 931 fraudulentus,
1315 853 1425 935 qui
1475 852 1760 934 pessima
1815 849 2095 933 quadam
2154 854 2347 929 atque
2400 844 2605 928 impia

662 959 784 1004 sua
825 958 1018 1003 causa
1064 947 1265 1001 totam
1325 945 1615 1003 nostram
1658 934 2123 1018 rempublicam
2172 930 2600 1015 perturbavit,

659 1033 737 1090 ut
778 1032 1007 1089 notum
1051 1030 1154 1088 est
1194 1023 1557 1105 praecipuis
1593 1022 1751 1087 viris
1784 1021 1975 1086 istius
2009 1029 2076 1084 et
2095 1014 2605 1103 Argentinensis

661 1109 963 1187 civitatis,
1008 1108 1268 1187 BucerO,
1318 1108 1500 1174 Petro
1546 1106 1847 1189 Martyri,
1906 1104 2194 1189 Myconio
2244 1111 2311 1168 et
2353 1101 2603 1168 consuli

662 1194 941 1277 denique
1010 1205 1242 1260 nostro.
1262 1196 1318 1272 2)
1415 1195 1723 1277 Longum
1786 1199 1956 1257 esset
2017 1212 2156 1255 rem
2224 1188 2601 1253 universam

659 1300 949 1345 narrare.
1061 1280 1338 1346 Summa
1402 1279 1562 1344 haec
1629 1285 1756 1343 est:
1822 1276 2103 1358 Decepit
2163 1271 2600 1339 fraudulentis

662 1366 877 1431 verbis
919 1366 1450 1431 honestissimam
1510 1374 1577 1428 et
1618 1363 1898 1428 nobilem
1954 1360 2242 1444 puellam
2301 1379 2341 1423 a
2385 1359 2599 1441 patria

656 1460 926 1535 propter
987 1451 1321 1535 religionis
1387 1449 1849 1534 professionem
1916 1446 2354 1522 exsulantem,
2420 1443 2598 1508 omni

658 1536 925 1602 consilio
968 1537 1371 1613 destitutam,
1430 1543 1496 1600 et
1548 1537 1616 1599 in
1661 1533 1947 1618 periculo
1990 1533 2243 1596 itineris
2287 1528 2599 1596 constitu-

654 1631 811 1702 tam,
871 1645 1063 1704 quam
1124 1621 1244 1688 sub
1288 1621 1644 1704 patrocinio
1665 1623 1718 1692 3)
1762 1619 1844 1684 D.
1894 1618 2158 1684 Falzesii
2201 1637 2282 1680 ex
2327 1614 2597 1698 Belgico

652 1709 1040 1785 adducebat,
1098 1708 1282 1774 cuius
1337 1708 1403 1772 in
1463 1728 1611 1771 aere
1655 1709 1794 1788 ipse
1838 1715 1997 1769 erat.
2085 1703 2227 1766 Iam
2271 1701 2596 1784 quaeritat

650 1794 936 1875 undique
980 1792 1141 1857 falsa
1183 1793 1555 1858 testimonia
1612 1791 1847 1874 quibus
1899 1788 2118 1854 laedat
2162 1785 2591 1852 existimatio-

649 1900 801 1943 nem
845 1879 1096 1961 puellae
1138 1878 1653 1944 honestissimae.
1742 1876 1823 1939 In
1861 1878 1979 1940 has
2016 1873 2351 1957 angustias
2398 1881 2591 1954 atque

648 1964 885 2045 impias
948 1965 1398 2030 contentiones
1479 1961 1754 2026 adduxit
1818 1983 1967 2024 eum
2037 1962 2318 2042 primum
2384 1959 2590 2039 ipsius

648 2057 887 2114 natura
939 2050 1462 2133 perversissima,
1533 2047 1765 2112 deinde
1829 2047 2025 2111 etiam
2083 2044 2341 2127 Anglus
2356 2046 2411 2118 ⁴)
2478 2042 2590 2124 qui

648 2133 821 2219 apud
880 2157 993 2200 vos
1046 2149 1162 2199 est.
1266 2135 1437 2199 Nam
1503 2134 1609 2197 hic
1667 2154 1865 2215 quum
1922 2152 1991 2196 se
2057 2130 2369 2213 principio
2435 2126 2589 2192 huic

647 2241 879 2286 causae
922 2222 1237 2294 misceret,
1287 2242 1414 2284 non
1472 2219 1707 2283 iudicio
1760 2217 1873 2282 sed
1918 2216 2285 2281 inconsulto
2330 2213 2586 2290 affectu,

645 2306 801 2371 fecit
858 2327 939 2369 ex
1010 2306 1354 2371 Valerando
1412 2303 1674 2368 homine
1739 2303 1939 2366 stulto
2007 2301 2196 2382 plane
2261 2301 2585 2364 insanum.

644 2391 829 2456 Haec
872 2390 1019 2455 ideo
1064 2390 1204 2456 dico
1247 2402 1346 2466 ut,
1411 2391 1465 2454 si
1527 2389 1921 2454 Valerandus
1975 2388 2140 2450 forte
2184 2385 2265 2450 ad
2314 2404 2429 2450 vos
2472 2405 2586 2448 ve-

644 2477 838 2552 nerit,
884 2496 1196 2560 agnoscas
1232 2485 1531 2540 naturam
1569 2474 1873 2550 hominis,
1919 2481 1986 2536 et
2028 2474 2193 2536 scias
2236 2471 2305 2535 in
2349 2470 2583 2553 quibus

641 2562 854 2628 causis
897 2572 1219 2636 versetur,
1266 2583 1431 2642 quae
1468 2583 1600 2625 non
1645 2559 1860 2623 solum
1920 2559 2042 2640 ipsi
2088 2563 2284 2620 erunt
2325 2554 2583 2632 damn0,

642 2647 756 2712 sed
824 2647 1301 2711 honestissimis
1369 2647 1565 2710 etiam
1620 2645 1992 2710 hominibus
2051 2649 2202 2706 sunt
2267 2640 2584 2706 dedecori.

638 2730 795 2797 Sint
836 2753 1089 2815 quoque
1137 2732 1449 2797 admoniti
1494 2730 1728 2813 reliqui
1772 2731 2024 2803 fratres,
2068 2748 2152 2792 ne
2188 2726 2270 2791 ab
2314 2726 2436 2791 hoc
2470 2727 2587 2791 ho-

635 2819 817 2883 mine
874 2819 1313 2900 decipiantur,
1382 2818 1493 2898 qui
1553 2826 1620 2879 et
1677 2814 1982 2900 garrulus
2047 2821 2149 2877 est
2202 2821 2269 2876 et
2324 2812 2587 2896 ingenio

633 2904 967 2981 versatili,
1035 2911 1102 2967 et
1157 2905 1368 2984 prima
1422 2903 1636 2966 fronte
1692 2901 2026 2965 hominem
2084 2919 2215 2963 non
2262 2905 2586 2962 attentum

632 2990 837 3071 possit
878 2988 1191 3071 decipere.
1282 2987 1357 3052 Si
1405 2995 1665 3069 tempus
1723 2984 2103 3052 concederet
2144 2985 2267 3048 iste
2310 2981 2579 3049 tabella-

636 3074 791 3154 rius,
838 3073 1169 3157 Myconius
1210 3072 1329 3137 tibi
1364 3072 1697 3137 hominem
1734 3070 2113 3154 depingeret
2156 3069 2347 3154 longe
2386 3068 2578 3134 aliter

677 3181 829 3225 uam
873 3181 992 3243 ego
1033 3179 1331 3241 possum,
1390 3157 1470 3222 de
1523 3179 1650 3241 quo
1705 3159 2081 3239 frequenter
2124 3154 2336 3220 dicere
2379 3155 2572 3220 solet:

689 3248 712 3309 i
757 3245 1119 3311 Christiani
1173 3244 1485 3309 deberent
1539 3264 1682 3309 esse
1740 3250 1875 3307 tam
1933 3240 2295 3307 turbulenti
2351 3249 2418 3304 et
2472 3241 2572 3304 in-

677 3333 853 3410 uicti,
897 3343 974 3395 ut
1016 3337 1115 3395 est
1165 3330 1272 3396 hic
1328 3330 1551 3406 homo,
1618 3349 1738 3413 ego
1792 3328 2033 3393 nollem
2089 3345 2379 3409 unquam
2434 3346 2575 3390 esse

690 3417 1063 3481 hristianus.
1153 3415 1260 3480 Ad
1304 3414 1464 3480 11666
1498 3415 1739 3479 nollem
1785 3413 1941 3478 mihi
1990 3410 2206 3476 fraudi
2248 3430 2410 3490 esse,
2457 3430 2570 3474 ne-

630 3523 756 3584 que
822 3501 1114 3579 veritati,
1193 3499 1818 3566 commendationem
1883 3518 2096 3562 meam
2162 3516 2357 3579 quam
2424 3493 2572 3560 dedi

629 3587 851 3671 Anglo
917 3585 999 3651 ad
1063 3596 1144 3651 te.
1253 3585 1559 3651 Laudavi
1623 3606 1775 3650 eum
1838 3606 1877 3648 a
1941 3581 2154 3648 studio
2219 3581 2569 3647 doctrinae.

628 3672 814 3737 Idem
860 3671 1075 3737 adhuc
1116 3673 1344 3737 sentio.
1433 3673 1653 3737 Mores
1709 3670 1888 3734 illius
1943 3690 2074 3734 non
2132 3667 2351 3752 attigi,
2409 3680 2570 3749 quos

628 3757 815 3822 video
860 3757 1144 3841 quotidie
1190 3759 1403 3822 minus
1459 3778 1600 3822 esse
1655 3757 1946 3839 integros
2000 3774 2194 3838 quam
2249 3761 2566 3837 putarem,

627 3845 1008 3925 praesertim
1068 3845 1135 3907 in
1180 3842 1304 3909 1166
1359 3863 1570 3908 661166.
1671 3841 1961 3906 Uxorem
2018 3841 2225 3904 fusius
2280 3837 2566 3916 laudavi,

625 3949 823 4011 quam
889 3928 1101 3993 sentio
1178 3949 1320 3993 esse
1384 3928 1565 3992 omni
1633 3925 1824 3992 laude
1896 3924 2180 4008 dignam.
2284 3922 2418 3990 Sed
2487 3923 2568 3989 de

623 4013 730 4078 his
775 4014 969 4080 rebus
1013 4013 1162 4097 plus
1204 4015 1378 4078 satis.
1468 4014 1753 4077 'I'antum
1799 4021 1864 4077 te
1906 4031 2055 4076 cum
2098 4009 2408 4075 fratribus
2452 4008 2564 4074 ad·

622 4099 945 4163 monitum
989 4098 1186 4177 volui,
1233 4121 1316 4164 ne
1358 4099 1772 4180 decipiamini
1827 4098 2040 4180 specie
2092 4096 2255 4161 recti
2311 4094 2393 4159 ab
2448 4096 2565 4160 ho-

622 4185 911 4249 minibus
956 4206 1087 4249 non
1153 4185 1354 4249 bonis.
1444 4186 1678 4248 Totam
1720 4203 1982 4249 causam
2026 4200 2246 4246 coram
2280 4180 2564 4245 narrabo

624 4306 708 4318 --
755 4307 836 4318 —-
872 4305 959 4316 —
1005 4306 1086 4317 —·—-
1142 4270 1325 4334 Bene
1378 4270 1527 4334 vale
1582 4291 1728 4335 cum
1787 4277 1924 4331 tota
1979 4266 2265 4332 66616616.
2356 4271 2414 4333 8.
2463 4265 2566 4331 die

621 4355 785 4421 Maii
837 4360 1014 4420 1547.

1438 4493 1617 4556 Tuus
1661 4491 2057 4556 Franciscus
2100 4487 2472 4573 Dryander.

822 4713 880 4783 2)
919 4713 1121 4770 Iacobo
1160 4715 1397 4784 Meyero.

822 4781 885 4847 3)
928 4786 1036 4839 Hic
1070 4784 1137 4837 de
1170 4782 1486 4851 cognatione
1520 4781 1673 4834 nina.

820 4850 882 4913 4)
930 4850 1064 4920 Quis
1110 4853 1200 4907 hic
1246 4853 1314 4906 ab
1360 4852 1480 4917 ipso
1516 4847 1825 4917 Dryandro
1873 4848 2258 4903 Turicensibus
2302 4863 2560 4902 commen-

617 4920 783 4975 datus
811 4921 1017 4986 fuer-tt,
1064 4919 1285 4985 difficile
1321 4920 1471 4972 dictu
1505 4916 1675 4983 soret,
1720 4918 1836 4970 nisi
1877 4917 2100 4970 eundem}
2148 4916 2357 4971 dixeris
2395 4923 2564 4985 atque

613 4990 792 5114 1116ηῇ
809 5005 963 5110 ςέῧη
1013 4989 1305 5057 Myconius
1348 4988 1672 5041 nminatim
1717 4984 1911 5038 laudat
1955 4985 2138 5038 eadem
2176 4985 2459 5040 occasione
2500 4985 2562 5039 in

2204 396 2730 468 EPISTOLAE
2774 399 3114 464 904-908

4512 407 4610 474 520

3595 587 3748 662 ⁹05.

3233 739 3638 811 VIRMUS
3683 742 4118 812 CALVINO.

2877 909 3523 979 AitdeSonneo-io
3595 916 4618 1001 quapropteroertasqmdam

3108 998 4298 1084 commutationemzocisibiquamt.

2980 1168 3093 1232 (Ex
3127 1168 3464 1238 autographo
3499 1168 3627 1223 Ood.
3665 1170 3869 1225 Geuev.
3911 1170 4005 1225 111
4026 1185 4082 1241 ⁸,
4118 1172 4209 1225 fol.
4246 1169 4390 1239 161.)

2705 996 2810 1079 ais

2874 1339 3139 1405 Eximio
3198 1338 3452 1404 Christi
3508 1349 3699 1407 servo
3757 1342 3839 1407 D.
3888 1341 4124 1407 Ioanni
4168 1341 4451 1408 Calvino
4505 1341 4619 1408 Ge-

2701 1425 3006 1490 nevensis
3049 1425 3357 1491 ecclesiae
3414 1426 3657 1509 pastori
3710 1426 3896 1492 fratri
3954 1438 4022 1493 et
4061 1437 4465 1513 symmystae
4497 1426 4620 1511 plu-

2700 1509 2938 1574 rimum
2982 1511 3407 1576 observando.

4001 1597 4333 1664 Genevae.

2867 1728 2937 1828 β.
3029 1731 3368 1816 Intelliges
3436 1753 3516 1798 ex
3580 1731 3880 1801 Sonuerio
3943 1733 4148 1800 fratre
4212 1755 4381 1818 quae
4446 1735 4623 1800 fuerit

2693 1814 2919 1880 6166616
2960 1837 3119 1881 61166
3163 1820 3488 1883 sententia
3532 1817 3612 1883 de
3655 1820 4182 1898 commutatione,
4229 1821 4310 1888 de
4354 1842 4483 1903 qua
4518 1842 4622 1886 nu-

2692 1921 2827 1984 per,
2873 1922 3074 1983 quum
3141 1902 3290 1968 istic
3350 1925 3666 1982 essemus,
3728 1906 4067 1972 nobiscum
4111 1908 4260 1990 egit.
4288 1911 4334 1986 ¹)
4428 1908 4623 1972 Tuum

2693 1986 2837 2064 erit,
2884 1988 2939 2051 si
2982 1985 3227 2052 factum
3282 1987 3515 2072 probas
3534 2040 3548 2064 ,
3610 2010 3751 2054 rem
3808 1998 4011 2055 totam
4069 1992 4383 2057 fratribus
4438 1995 4622 2058 vestri

2692 2080 3055 2137 conventus
3116 2073 3471 2155 explicare,
3537 2082 3603 2139 et
3658 2076 4105 2153 necessitates,
4174 2097 4338 2160 quae
4396 2085 4622 2162 urgent

2696 2155 3085 2236 Sonuerium,
3147 2158 3315 2223 sicut
3362 2181 3567 2242 nuper
3621 2159 3702 2225 de
3759 2161 3837 2225 iis
3897 2161 4309 2227 contulimus.
4406 2163 4621 2228 Manet

2689 2242 2827 2339 ipse
2871 2243 3207 2308 nobiscum
3253 2243 3453 2308 nullis
3484 2246 3705 2330 urgeri
3738 2247 3883 2312 istis
3922 2246 4437 2328 difficultatibus,
4476 2268 4622 2331 quae

2688 2347 2899 2409 ipsum
2970 2337 3038 2392 et
3093 2327 3406 2394 familiam
3473 2338 3539 2395 et
3594 2331 3799 2413 ipsius
3853 2333 4289 2398 ministerium
4351 2334 4621 2399 turbant.

2689 2411 2825 2477 Sed
2869 2421 3209 2496 postquam
3256 2434 3331 2478 66
3376 2424 3648 2480 ventum
3691 2428 3792 2480 est
3834 2426 3910 2482 ut
3941 2438 4074 2482 non
4118 2419 4324 2501 possit
4368 2419 4501 2484 alia
4534 2440 4623 2484 ra·

2688 2498 2862 2563 tione
2907 2520 2987 2562 ex
3033 2498 3138 2564 his
3182 2499 3458 2566 eluctari
3504 2501 4018 2581 difficultatibus,
4064 2504 4219 2585 quin
4255 2505 4329 2568 111
4375 2506 4622 2588 gravio-

2686 2604 2791 2649 res
2834 2594 2901 2647 et
2946 2584 3252 2650 ecclesiae
3295 2588 3700 2653 nocentiores
3751 2588 4018 2667 incidas,
4062 2599 4354 2671 praestat
4397 2590 4623 2674 eligere

2685 2669 2856 2751 quod
2901 2677 2999 2734 est
3044 2670 3458 2737 tolerabilius.
3548 2670 3757 2738 Dabis
3813 2674 4018 2757 igitur
4062 2694 4326 2756 operam
4375 2684 4455 2741 ut
4496 2696 4622 2740 om-

2684 2756 2796 2818 nia
2837 2756 3002 2821 fiant
3044 2757 3111 2819 in
3157 2755 3431 2841 gloriam
3459 2757 3745 2822 Domini.
3816 2759 3893 2824 Si
3937 2781 4043 2826 res
4077 2762 4446 2841 conficitur,
4491 2782 4623 2826 ves-

2683 2847 2861 2904 trum
2918 2841 3046 2905 erit
3103 2843 3272 2907 serio
3316 2864 3579 2907 monere
3636 2844 4023 2911 Ludovicum
4044 2847 4101 2930 ²)
4139 2853 4213 2910 ut
4254 2867 4325 2911 se
4373 2868 4623 2931 semper

2682 2932 2967 3008 praestet
3011 2925 3279 3010 dignum
3325 2926 3576 2994 Christi
3629 2929 4036 3008 ministrum,
4093 2944 4456 3014 caveatque
4508 2932 4621 2998 sibi

2679 3032 2766 3076 ne
2809 3010 3131 3076 malorum
3176 3014 3496 3078 consortio
3540 3036 3580 3078 a
3636 3023 3819 3081 recta
3860 3014 3970 3082 via
4028 3016 4475 3098 abstrahatur,
4532 3025 4620 3081 at-

2679 3117 2804 3180 que
2870 3118 2944 3162 eo
3000 3098 3377 3182 diligentius
3444 3121 3568 3182 quo
3633 3110 3873 3167 natura
3924 3105 4309 3185 propensior
4380 3114 4483 3170 est
4545 3103 4618 3168 ad

2679 3181 2899 3247 studia
2939 3183 3054 3249 illa
3096 3204 3261 3266 quae
3305 3185 3526 3250 minus
3580 3189 3861 3271 pastoris
3919 3188 4279 3273 evangelici
4335 3191 4617 3273 gravita—

2678 3275 2811 3333 tem
2858 3266 3105 3334 decent.
3196 3270 3332 3336 Res
3392 3280 3653 3337 nostrae
3708 3272 3958 3338 habent
4010 3284 4085 3337 ut
4140 3274 4372 3340 solent.
4466 3274 4617 3340 Cras

2677 3352 2786 3419 hic
2828 3352 3176 3420 habebitur
3218 3354 3442 3423 classis
3476 3366 3855 3422 conventus.
3922 3358 4121 3424 Mitto
4163 3359 4247 3423 ad
4288 3367 4359 3425 te
4404 3359 4616 3426 literas

2683 3437 2965 3503 Tussani
3006 3451 3073 3503 et
3115 3438 3370 3508 Bucari.
3394 3443 3448 3518 Β)
3534 3441 3759 3508 Nostri
3815 3450 3880 3507 te
3938 3463 4166 3510 omnes
4222 3444 4523 3512 salutant
4560 3454 4617 3510 et

2675 3531 2855 3588 tuam
2897 3545 3186 3603 uxorem,
3233 3528 3619 3609 praesertim
3662 3549 3810 3592 mea
3844 3549 4011 3593 uxor
4053 3537 4121 3595 et
4163 3530 4436 3615 collega.
4504 3530 4615 3597 Sa·

2673 3609 2879 3673 lutem
2923 3608 3098 3675 dices
3140 3632 3286 3677 meo
3330 3613 3593 3677 nomine
3636 3614 3827 3679 uxori
3864 3622 3929 3678 et
3964 3616 4365 3700 symmystis.
4439 3617 4610 3681 Vale.

2673 3694 3072 3762 Lausannae
3122 3701 3216 3762 10.
3264 3697 3427 3762 Maii
3479 3703 3657 3763 1547.

3643 3835 3825 3900 Tuus
3869 3835 4108 3903 Petrus
4153 3836 4452 3905 Viretus.

3560 4345 3711 4415 soc.

2857 4496 3283 4565 6116111166
3327 4497 3759 4565 1111661116
3804 4502 3924 4567 :s'r
3968 4458 4402 4570 cuvmo,

2841 4666 3093 4734 C'ladem
3165 4666 3697 4753 Mahweryensm
3758 4674 4015 4739 nunciat
4029 4722 4045 4751 ,
4109 4693 4236 4757 qua
4290 4674 4593 4757 pennis-ea

2664 4751 2980 4819 Dominus
3012 4752 3321 4820 ecclesiam
3354 4773 3478 4819 non
3503 4753 3822 4822 hominum
3852 4759 3963 4825 sed
3980 4779 4094 4824 suo
4115 4761 4324 4842 ipsius
4357 4759 4590 4826 brachio

2662 4839 3106 4905 vindicandam
3146 4859 3278 4905 esse
3319 4838 3673 4906 declaravit.

2697 5042 2841 5097 906.
2879 5040 2934 5110 1)
2975 5040 3129 5125 Quae
3159 5044 3249 5098 hie
3279 5044 3602 5125 afferuntur,
3638 5062 3885 5127 91161666
3921 5048 4587 5117 ffuminum-an

2662 5116 2931 5236 ἳνσφξῶᾳτηέ
2944 5151 2961 5178 ,
3007 5111 3106 5168 ab·
3149 5112 3474 5168 οων-16611116
3513 5120 3891 5183 pernoctamus.
3978 5115 4209 5172 Eccum
4255 5121 4344 5174 rei
4387 5117 4591 5174 habeba

2726 5220 2740 5235 ⁰
2868 5247 2928 5316 2)
2973 5245 3364 5317 hoppen-cuum
3396 5251 3704 5306 ministrum
3740 5252 3803 5307 in
3840 5248 4074 5324 Cdlo'qny.

2864 5315 2926 5380 3)
2962 5314 3182 5373 Neutra
3214 5323 3437 5374 aetatem
3475 5320 3610 5375 tulit.
