4825 6175
182 423 287 492 125

179 613 249 679 de
295 624 661 675 successore
714 602 1034 671 iudicium
1086 601 1205 669 tibi
1269 622 1493 670 meum
1547 598 1925 668 indicarem.
2022 599 2107 666 Id

176 713 521 783 quanquam
575 711 722 758 sero
777 710 887 756 me
939 708 1120 755 nunc
1170 689 1505 755 facturum
1557 688 1881 770 suspicor,
1949 686 2108 771 quia

173 793 374 850 tamen
405 777 574 844 nihil
604 782 813 854 nocet,
858 774 1388 859 praetermittere
1410 774 1614 841 nolui.
1670 773 1776 840 De
1805 773 2105 852 Τοεθαηο,

172 871 221 937 si
259 868 464 933 locum
504 863 695 929 illum
737 861 1108 945 relinquere
1151 869 1410 928 coactus
1452 861 1670 936 fuerit,
1716 859 1838 926 tibi
1883 878 2106 924 assen-

170 957 297 1021 tior.
381 949 636 1016 Multae
678 955 838 1014 sunt
895 968 1129 1014 causae
1187 968 1307 1013 cur
1356 946 1616 1029 Gaspar
1630 948 1687 1016 ⁸)
1731 945 2005 1029 placeat,
2051 945 2106 1008 si

168 1042 231 1106 in
301 1032 715 1120 subrogando
786 1033 1065 1100 Pes-sano
1129 1054 1267 1099 non
1330 1031 1739 1100 successerit.
1848 1031 2108 1095 Verum

168 1143 354 1209 quum
404 1120 628 1187 omnia
681 1119 1037 1204 diligenter
1091 1119 1407 1202 expendi,
1472 1118 1740 1185 mallem
1793 1114 2108 1182 Iacobum

171 1208 473 1288 Sor-clm,
532 1214 649 1273 aut
702 1207 982 1289 probum
1035 1205 1229 1270 illum
1272 1226 1516 1283 senem,
1573 1205 1717 1269 eius
1774 1212 2109 1269 conterra-

166 1317 366 1363 neum.
470 1290 652 1374 Quid
706 1313 814 1358 me
874 1300 1159 1368 moveat,
1219 1311 1441 1357 coram
1493 1291 1730 1355 melius
1780 1308 2107 1371 exponam

166 1403 343 1468 quam
385 1400 505 1463 per
546 1379 789 1444 literas.
875 1378 968 1443 Et
1020 1377 1244 1443 minus
1285 1378 1530 1455 laboro,
1576 1375 1747 1460 quod
1790 1395 2107 1457 superva-

166 1489 337 1537 cuam
381 1466 509 1532 hoc
552 1472 845 1547 tempore
890 1463 1434 1530 deliberationem
1477 1483 1621 1529 esse
1663 1462 1962 1527 arbitror.

317 1551 467 1618 Scis
500 1572 621 1617 nos
662 1551 911 1633 optimo
946 1557 1014 1614 et
1047 1549 1427 1616 fidelissimo
1461 1549 1669 1614 fratre
1697 1548 2031 1613 Genistone
2046 1547 2106 1628 ⁴)

164 1662 289 1707 esse
345 1638 627 1714 orbatos,
684 1638 870 1701 cuius
925 1656 1103 1702 mors
1158 1636 1404 1719 duplici
1451 1637 1715 1702 nomine
1772 1633 1939 1698 mihi
1981 1633 2109 1697 fuit

158 1728 460 1793 luctuosa.
561 1723 737 1788 Nam
795 1723 966 1788 sicut
1021 1721 1295 1788 ecclesia
1348 1723 1504 1788 boni
1557 1719 1842 1804 pastoris
1893 1719 2107 1783 iactu-

159 1833 290 1879 ram
323 1810 500 1888 fecit,
544 1809 641 1874 ita
674 1830 797 1893 ego
833 1809 1187 1893 singularis
1222 1809 1431 1874 amici.
1505 1803 2029 1888 Amphimallum
2047 1805 2104 1885 ⁵)

156 1901 346 1965 frater
388 1917 570 1963 nunc
611 1894 877 1961 demum
920 1895 1141 1959 mittit.
1230 1894 1492 1960 Moram
1537 1890 1877 1957 excusabis
1918 1889 2107 1953 fratri

157 1997 256 2051 tuo
301 1983 591 2051 Claudio.
679 1982 1037 2064 Nunquam
1082 1981 1260 2045 enim
1302 1980 1506 2045 talem
1564 1978 1955 2043 nunciorum
1992 1996 2107 2058 pe-

156 2072 402 2137 nuriam
459 2070 664 2134 fuisse
717 2068 999 2133 antehac
1068 2067 1360 2131 memini.
1460 2062 1696 2129 Saluta
1756 2060 2106 2144 diligenter

156 2165 347 2221 totam
390 2154 718 2220 familiam
764 2162 833 2219 et
876 2161 1296 2237 symmystas,
1355 2150 1745 2234 praesertim
1788 2146 2105 2213 suavissi-

154 2262 326 2306 mum
368 2240 702 2323 hospitem
745 2248 1047 2306 nostrum
1093 2237 1407 2303 Fatonum
1450 2244 1518 2302 et
1558 2236 1879 2300 Thomam.
1970 2233 2106 2299 Ge-

154 2349 348 2393 nevae
394 2331 453 2392 3.
504 2326 729 2393 Nonas
774 2327 1109 2410 Augustas
1162 2329 1342 2388 1545.

1065 2443 1349 2508 Ioannes
1393 2442 1715 2508 Calvinus
1758 2451 1928 2507 tuus.

311 2618 548 2700 Quum
612 2617 840 2683 literas
904 2615 1217 2681 haberem
1284 2624 1547 2698 paratas
1612 2612 1695 2678 ad
1756 2613 2107 2678 Tessanam

153 2706 531 2788 supervenit
586 2704 896 2770 Nicotaus
912 2704 970 2784 ⁶)
1035 2700 1261 2767 fratris
1327 2702 1456 2767 mei
1522 2721 1733 2778 socer,
1801 2699 1913 2782 qui
1973 2698 2106 2762 iam

153 2812 282 2859 esse
314 2791 632 2859 Basileae
678 2790 1034 2855 nunciavit.
1125 2789 1228 2854 Tu
1262 2795 1487 2854 tamen
1520 2788 1746 2855 literas
1780 2785 1894 2851 ubi
1928 2785 2108 2869 lege-

150 2878 233 2943 ris
284 2878 371 2943 ad
427 2898 585 2943 eum
634 2877 876 2940 mittes.
973 2875 1323 2940 Porfemnt
1375 2873 1574 2940 iidem
1634 2895 1674 2938 a
1717 2870 1953 2956 quibus
1998 2889 2109 2936 eas

150 2963 438 3047 accipies.

926 3253 1335 3263 ——--

1053 3508 1205 3579 673.

584 3648 1112 3715 DRYANDER
1138 3648 1188 3729 ¹)
1234 3642 1671 3712 OALVINO.

313 3786 581 3855 Caluini
612 3786 963 3854 amicitiam
1002 3785 1129 3850 sibi
1157 3781 1515 3867 yroetulatus
1542 3780 1858 3847 occasione
1899 3780 2106 3846 oblata

162 3870 719 3960 Witeberyensiam
756 3872 1040 3937 animum
1068 3870 1474 3951 inpraesenti
1505 3886 1720 3933 rerum
1741 3865 2106 3932 discrimine

147 3959 433 4040 declarat,
496 3966 551 4023 et
606 3957 872 4023 Lethen·
940 3956 1218 4021 maxime
1270 3955 1717 4020 vehementiam
1772 3954 1904 4034 ipsi
1967 3952 2106 4018 Me-

149 4045 502 4113 lanchthoni
545 4064 815 4129 yravem.

466 4218 583 4281 (Ex
619 4214 957 4285 autographo
992 4213 1122 4268 eod.
1164 4213 1365 4267 Genev.
1406 4210 1519 4278 112,
1557 4211 1650 4265 fol.
1685 4208 1795 4279 67.)

340 4457 398 4526 3)
440 4458 521 4513 N.
558 4454 662 4510 669
694 4460 806 4509 not.
843 4453 926 4508 10.
946 4481 1011 4491 —
1035 4451 1298 4507 Sorellum
1330 4454 1666 4523 iynoeamm,
1692 4468 1800 4521 pro
1834 4469 1942 4523 quo
1962 4451 2103 4507 Sim.

146 4526 283 4581 lenas
315 4527 492 4581 male.-
541 4525 831 4579 Fax-ellum.
902 4523 1082 4576 Senex
1117 4537 1424 4593 anonymus
1457 4522 1615 4589 infra
1659 4528 1916 4577 recurret.
1987 4522 2098 4588 (ΟΥ.
2144 4572 2153 4599 Ὗ

146 4593 218 4650 N·
251 4593 603 4731 ⁷m4)⁷2P8e310
636 4612 787 4726 obiit,
820 4668 870 4714 et
903 4660 1122 4730 quidem
1155 4661 1269 4712 iam
1303 4674 1482 4714 mense
1506 4657 1656 4713 Iulio
1683 4664 1747 4713 ut
1780 4673 1849 4712 ex
1883 4659 1989 4715 hae
2021 4675 2102 4728 ep.

272 4733 283 4745 '
340 4776 355 4803 ,
389 4731 654 4803 quanvis
685 4744 834 4784 mors
852 4731 986 4811 ,eius
1020 4728 1111 4810 die
1142 4728 1355 4809 demum
1392 4727 1474 4780 11.
1512 4728 1655 4795 Διιρ.
1688 4729 1762 4810 in·
1786 4736 2105 4784 commeata-

144 4801 256 4855 n‘os
299 4808 536 4857 cenatas
579 4799 760 4854 relata
810 4804 896 4851 stt.
977 4796 1053 4852 ΔΙ
1146 4812 1245 4849 am
1288 4803 1558 4864 oporteret
1601 4802 1665 4851 ut
1697 4796 1947 4851 dieamus
1986 4796 2107 4852 Gal-

144 4873 326 4951 υὺιριηι
373 4871 528 4926 hane
560 4884 616 4925 a.
652 4867 707 4921 d.
743 4867 794 4921 3.
832 4866 976 4921 Idus
998 4871 1291 4949 perquam,
1339 4866 1503 4933 lapsu
1549 4866 1751 4920 calami
1785 4866 1969 4921 Nonis
2003 4868 2103 4921 tri-

148 4938 336 5008 buisse,
486 4939 528 4992 d
557 4953 766 5087 parum·
792 4935 1134 5086 vero-(gaiae
1165 4940 1260 4988 est.
1414 5074 1425 5086 ⁸
1460 5004 1487 5086 ,ι
1556 5004 1569 5018 ·
1798 5004 1810 5017 ·
1944 5072 1957 5085 ⁹
1984 5001 2103 5057 mr.

145 5079 363 5201 Uror}
404 5147 478 5200 in
780 5143 871 5200 hie
912 5079 1117 5200 now}
1162 5078 1295 5129 tm
1349 5143 1360 5156 ‘
1501 5114 1751 5212 feces-sust
1783 5148 1837 5198 et
1867 5143 1977 5198 Am
2017 5142 2105 5197 la·-

398 5230 431 5271 8
507 5159 780 5268 m
1150 5158 1456 5213 ΡΝΡΜ
1970 5158 2017 5213 1)

454 5286 543 5339 Le
579 5284 730 5338 Fert.

170 5351 307 5410 078.
343 5285 410 5422 3
442 5352 660 5409 Fra-uc.
694 5349 1044 5408 &Ennium
1075 5350 1736 5423 Buramflispam,
1771 5365 1897 5407 cum
1929 5350 2110 5420 fratre

1864 413 2030 477 1545
2073 404 2475 478 AUGUS‘P.

4052 412 4175 475 126

2388 593 2777 663 Clarissimo
2820 595 2964 662 viro
2999 597 3084 661 D.
3125 595 3415 663 Iohanni
3459 594 3738 665 Calvino

3667 699 3998 767 Genevae.

2386 833 2459 901 S.
2514 833 2600 901 D.
2701 835 2828 901 Est
2879 835 2995 900 illa
3058 835 3323 919 quidem
3379 836 3737 921 singularis
3793 837 4176 903 humanitas

2214 931 2344 1001 tua,
2396 919 2671 1000 Calvine,
2717 935 2794 985 ut
2836 920 3006 1004 quod
3042 921 3235 987 laude
3276 920 3547 1007 dignum
3585 944 3717 987 non
3754 935 3853 989 est
3890 924 4177 989 officiose

2211 1004 2566 1090 praedices.
2655 1006 2802 1092 Ego
2849 1028 3003 1072 vero
3048 1008 3325 1091 pulchre
3368 1007 3533 1073 mihi
3592 1009 3751 1073 felix
3795 1007 4025 1074 videor
4068 1008 4177 1074 cui

2210 1113 2331 1176 pro
2400 1092 2699 1175 epistolio
2752 1092 3118 1158 subrustico
3181 1094 3412 1159 literae
3469 1095 3796 1178 repositae
3863 1105 4038 1174 sunt,
4106 1101 4177 1158 et

2210 1187 2483 1244 ornatae
2530 1192 2596 1243 et
2639 1178 3073 1243 humanitatis
3106 1179 3358 1262 plenae,
3403 1189 3472 1245 et
3505 1180 3772 1262 quidem
3809 1178 4009 1266 (quod
4054 1201 4176 1264 ego

2212 1268 2554 1348 permagni
2621 1264 2816 1342 facio)
2883 1264 3105 1329 addita
3169 1286 3424 1349 quoque
3498 1267 3638 1331 eius
3695 1266 3822 1330 viri
3888 1266 4177 1332 amicitia

2211 1371 2409 1433 quem
2477 1372 2597 1434 ego
2662 1371 2924 1434 semper
2986 1351 3469 1433 impensissime
3535 1353 3792 1427 amavi,
3860 1361 4178 1435 perpetuo

2212 1436 2478 1519 pietatis
2520 1435 2780 1501 foedere
2825 1437 2918 1502 sic
2962 1436 3309 1520 obsignata
3350 1445 3428 1501 ut
3464 1437 3593 1502 nisi
3628 1458 3765 1502 una
3807 1458 3987 1503 mors
4031 1459 4177 1520 pos-

2216 1522 2306 1586 sit
2350 1520 2705 1587 dissolvere
2761 1542 2972 1586 nemo.
3073 1521 3218 1587 Imo
3279 1544 3437 1587 vero
3480 1522 3729 1606 optima
3770 1523 3938 1587 mihi
3982 1524 4176 1589 subo·

2213 1608 2385 1672 ritur
2429 1627 2598 1692 speS,
2659 1617 2735 1671 ut
2785 1607 3014 1672 solutis
3061 1608 3257 1673 huius
3301 1610 3592 1692 corporis
3635 1608 3918 1674 vinculis
3962 1608 4175 1673 multo

2213 1692 2486 1758 suavius
2529 1694 2598 1759 in
2651 1695 2878 1758 futura
2919 1696 3060 1761 vita
3115 1715 3315 1777 qua-m
3373 1696 3442 1759 in
3495 1694 3618 1760 hac
3671 1694 3932 1759 mortali
3977 1716 4176 1761 carne

2215 1779 2507 1844 amicitia
2550 1791 2778 1845 nostra
2819 1781 3252 1863 perfruemur,
3301 1778 3413 1844 ubi
3458 1779 3723 1845 demum
3765 1781 3976 1848 vitam
4018 1802 4174 1846 vere

2211 1864 2468 1930 felicem
2529 1867 2860 1944 vivemus,
2929 1866 3013 1930 in.
3067 1875 3414 1949 conspectu
3472 1863 3602 1930 Dei
3667 1876 3734 1932 et
3796 1873 4175 1933 sanctorum

2213 1951 2601 2034 angelorum
2682 1952 2990 2018 societate
3072 1973 3234 2017 aevo
3302 1953 3702 2035 sempiterno
3768 1951 4170 2018 duraturam.

2211 2037 2496 2101 Interim
2533 2036 2690 2101 dum
2728 2038 2797 2102 in
2833 2038 2955 2104 hoc
2991 2037 3224 2102 exsilio
3260 2058 3621 2116 versamur,
3660 2047 3729 2102 et
3763 2040 4174 2104 vocationem

2213 2129 2511 2187 nostram
2557 2123 2830 2206 quisque
2887 2144 3007 2206 pro
3053 2123 3302 2188 talento
3346 2146 3384 2189 a
3428 2122 3724 2189 Domino
3762 2133 4025 2207 accepto
4071 2145 4174 2189 se-

2214 2208 2367 2273 dulo
2411 2229 2784 2293 urgeamus,
2846 2219 2914 2273 et
2956 2209 3313 2275 amicitiam
3359 2209 3595 2292 quibus
3637 2231 3987 2293 possumus
4030 2210 4173 2275 offi-

2211 2294 2330 2358 ciis
2374 2305 2694 2359 tueamur.
2785 2294 2929 2378 Ego
2974 2294 3112 2372 tibi,
3157 2296 3246 2359 mi
3278 2292 3552 2372 Calvine,
3594 2315 3715 2377 pro
3759 2294 4173 2361 humanitate

2213 2387 2325 2444 tuo
2384 2382 2666 2463 gratiam
2726 2379 2937 2445 habeo
2992 2381 3369 2459 maximam,
3425 2389 3493 2445 et
3535 2402 3665 2464 qua
3705 2390 3936 2464 potero
3979 2380 4171 2445 sedu-

2213 2466 2401 2529 litate
2466 2463 2740 2549 dignum
2809 2465 3096 2531 amicitia
3159 2474 3279 2531 tua
3340 2487 3446 2530 me
3511 2476 3849 2549 praestare
3912 2467 4171 2533 curabo,

2212 2550 2428 2627 Certe,
2476 2551 2652 2634 quod
2696 2572 2906 2616 unum
2950 2551 3031 2616 de
3073 2573 3179 2616 me
3223 2552 3514 2635 polliceri
3558 2575 3846 2635 possum,
3899 2551 4174 2618 habebis

2214 2636 2501 2702 amicum
2565 2638 2839 2702 minime
2897 2637 3221 2714 fucatum,
3288 2639 3358 2702 in
3424 2658 3553 2721 quo
3627 2636 3888 2719 quidvis
3952 2639 4173 2720 potius

2212 2743 2409 2805 quam
2449 2743 2777 2788 summam
2820 2722 3038 2800 fidem,
3083 2723 3551 2808 integritatem,
3608 2723 4039 2807 diligentiam,
4095 2743 4172 2789 ac

2216 2809 2288 2872 in
2347 2809 2637 2874 amicitia
2694 2809 2898 2875 semel
2958 2818 3264 2893 suscepta
3321 2817 3388 2875 et
3442 2808 3686 2875 tuenda
3751 2818 3818 2875 et
3870 2807 4174 2893 augenda

2213 2896 2653 2961 constantiam
2698 2916 2899 2978 queas
2945 2893 3337 2961 desiderare.

2388 2979 2763 3046 Scriberem
2819 2982 2944 3047 hoc
2998 2991 3293 3065 tempore
3355 2981 3555 3047 latius
3621 2981 3677 3046 si
3730 3002 3849 3065 per
3898 2976 4170 3065 *tempus

2212 3065 2461 3145 liceret,
2498 3066 2613 3134 sed
2655 3089 2859 3151 quum
2896 3065 2977 3132 de
3013 3068 3137 3133 hoc
3172 3067 3410 3134 nuncio
3443 3067 3709 3133 iamiam
3731 3067 4174 3153 Argentinam

2214 3154 2584 3236 profecturo
2635 3152 2801 3218 mihi
2853 3154 3311 3232 nunciaretur,
3367 3152 3551 3218 volui
3603 3154 3873 3218 omnino
3927 3152 4173 3237 aliquid

2215 3237 2518 3318 scribere,
2564 3259 2935 3322 quanquam
2981 3239 3094 3306 vix
3149 3239 3358 3304 ullum
3402 3240 3687 3323 spatium
3734 3238 4030 3316 dabatur,
4088 3260 4173 3304 ne

2214 3323 2420 3389 ullam
2477 3326 2745 3389 omnino
2800 3323 2882 3387 ad
2937 3332 3004 3389 te
3060 3324 3384 3391 scribendi
3430 3326 3835 3391 occasionem
3876 3335 4172 3408 praeter-

2215 3410 2567 3490 mitterem,
2623 3409 2794 3494 quod
2838 3412 3055 3493 ipsum
3112 3410 3228 3476 abs
3273 3420 3337 3475 te
3385 3410 3691 3489 vicissim,
3748 3432 3868 3494 pro
3913 3432 4057 3475 meo
4100 3410 4171 3475 in

2215 3504 2281 3559 te
2335 3497 2626 3561 fraterno
2682 3496 2826 3561 iure
2877 3497 3048 3562 serio
3089 3494 3431 3562 contendo.
3517 3496 3830 3563 Ostendit
3880 3497 4048 3562 mihi
4091 3495 4172 3560 li-

2215 3589 2390 3646 teras
2457 3589 2607 3646 tuas
2665 3581 3018 3666 Philippus
3076 3581 3531 3659 Melanchthon,
3599 3602 3760 3664 quas
3825 3602 3963 3646 non
4027 3583 4172 3648 sine

2213 3687 2456 3750 magno
2510 3666 2735 3732 dolore
2786 3668 3086 3752 legimus.
3103 3666 3180 3752 ²).
3285 3668 3588 3750 Agnosco
3640 3668 3983 3733 verissima
4026 3688 4170 3733 esse

2212 3772 2378 3834 quae
2435 3753 2597 3819 dicis
2651 3754 2886 3818 omnia.
2972 3753 3296 3836 Agnoscit
3337 3762 3405 3817 et
3445 3753 3560 3817 ille
3594 3775 3871 3836 quoque,
3915 3753 4029 3818 sed
4075 3762 4170 3817 ta-

2211 3859 2365 3903 men
2426 3860 2497 3902 re
2552 3848 2689 3904 tota
2750 3839 3103 3922 diligenter
3146 3836 3575 3916 considerata,
3621 3846 3700 3903 ut
3741 3839 3925 3904 nulla
3965 3840 4169 3903 simu-

2211 3923 2371 3989 latio
2414 3925 2485 3989 in
2524 3924 2822 3990 doctrina
2846 3925 3100 3990 Christi
3140 3923 3404 4006 probari
3439 3924 3689 4001 debeat,
3726 3926 3825 3989 ita
3862 3946 3996 3988 non
4032 3944 4169 3988 om-

2211 4012 2368 4075 nino
2410 4009 2577 4075 mibi
2619 4009 3120 4093 improbandum
3178 4031 3320 4076 esse
3376 4009 3638 4075 videtur
3676 4008 3969 4091 Philippi
4013 4031 4168 4076 con-

2210 4096 2451 4176 silium,
2495 4097 2608 4178 qui
2651 4117 2883 4161 sanare
2927 4097 3126 4178 cupit,
3172 4117 3306 4161 non
3354 4094 3710 4162 dissolvere
3754 4105 3871 4160 aut
3910 4104 4169 4178 pertur-

2211 4183 2385 4247 bare.
2490 4184 2720 4264 Neque
2770 4180 2896 4246 hoc
2955 4201 3076 4265 ego
3127 4180 3270 4248 dico
3323 4183 3508 4264 quasi
3563 4181 3828 4265 privato
3884 4179 4170 4263 quodam

2210 4269 2448 4334 affectu
2493 4288 2652 4352 erga
2691 4277 3200 4350 praeceptorem,
3247 4289 3443 4351 quem
3485 4289 3607 4352 ego
3652 4287 3810 4332 sane
3853 4274 4169 4349 tanquam

2209 4525 2420 4649 m
2466 4520 3517 4674 Wfflewflwdmberfio
3573 4596 3628 4646 et
3677 4591 3863 4673 Igasco
3915 4589 4170 4644 amicitia

2207 4664 2455 4730 iunctus,
2492 4664 2564 4717 ab
2597 4678 2672 4717 ns
2706 4679 2761 4717 a.
2801 4660 3203 4715 1541Lathero
3237 4658 4167 4715 etMelanehthomcomn-endatus

3359 4522 3370 4534 ⁸
3502 4537 3718 4591 passus
3761 4527 3842 4577 est
3851 4562 3871 4591 ,
3920 4520 4172 4576 Lovanii

2208 4732 2335 4799 sitit.
2404 4733 2484 4786 Ia
2519 4733 2577 4787 B
2672 4731 2683 4744 ‘
2808 4744 3065 4786 reversus
3099 4730 3178 4785 N.
3221 4729 3282 4784 T.
3317 4730 3621 4784 versionem
3661 4728 4015 4798 hispanicam
4049 4728 4167 4783 edi-

2209 4800 2574 4856 ditAntw.l
2791 4798 4169 4878 opterquaminvincndaconiectuspostqm'w

2210 4871 2385 4925 aecem
2427 4885 2641 4926 mes
2968 4867 2980 4879 ·
3460 4867 3707 4936 mmm
3763 4865 4167 4936 wasconum,

2212 4939 2409 4994 deinde
2453 4939 2890 5009 Argentoratum
2940 4936 3204 4991 concessit
3280 4908 3381 4991 sibi
3423 4937 3591 4992 etiam
3634 4954 3688 4990 a.
3736 4935 3874 4990 1552
3917 4941 4170 4991 mortuas

2209 5014 2307 5076 est,
2345 5014 2512 5063 nautea
2545 5024 2645 5073 per
2679 5007 2874 5143 “affl

2671 5077 2682 5089 ⁸
2938 5011 3155 5130 temSpus
3186 5021 3253 5059 m
3283 5005 3544 5061 Helvetia
3586 5009 3638 5059 et
3681 5003 3894 5073 Astatia
3935 5019 4168 5060 commo·

2209 5083 2388 5132 ratus.
2464 5077 2725 5144 (ΜὋΜ,

2580 5147 2594 5159 .
2867 5006 2978 5130 din
3039 5074 3257 5144 panim
3281 5090 3347 5144 p.
3380 5073 3490 5156 198·
3512 5071 4030 5154 aaRoehricquH.
4047 5074 4166 5128 130.

2203 5146 2608 5341 aare&
2567 5164 2635 5270 ”r
2668 5160 2797 5297 a.
2833 5143 3065 5270 ...oe
3118 5182 3205 5267 a.
3486 5182 3506 5211 ›
3554 5142 3624 5197 ³⁶
3666 5158 3782 5211 Μ
3823 5142 3951 5292 τ’·ῆσ
3995 5141 4166 5199 P...

2416 5283 2476 5351 2)
2572 5300 2639 5341 as
2669 5279 3929 5364 mueremdeturquasmb·N.657habmstt.
3969 5279 4171 5349 Itaque

2211 5351 2368 5408 dolor
2399 5354 2490 5411 olle
2522 5370 2593 5410 ex
2626 5358 3003 5410 controversia
3036 5355 3493 5408 sacramentam
