4825 6175
658 427 778 489 431

658 611 868 697 psalte
893 607 976 692 ¹⁸)
1019 626 1152 672 non
1195 625 1572 672 recusamus
1589 655 1606 682 ,
1663 603 2051 688 praesertim
2092 623 2294 686 quum
2334 601 2405 667 id
2449 623 2598 667 nos-

658 699 781 764 tris
825 703 1012 761 vetus
1053 693 1143 759 sit
1177 712 1252 758 ac
1295 692 1471 768 leve,
1536 691 1749 773 inquit
1803 688 2145 755 Eusebiae.
2235 686 2370 754 Sed
2412 697 2599 770 opta-

659 803 808 850 mus
840 777 1004 846 illud
1037 798 1293 862 quoque
1328 776 1677 860 compleri:
1713 774 2040 840 Dominus
2075 771 2355 840 concidit
2389 774 2598 838 funes.

659 868 719 934 N
719 888 792 935 os
833 868 909 932 in
949 864 1241 949 singulos
1276 861 1413 928 dies
1446 868 1897 946 exspectamus
1939 869 2253 927 eventum
2296 859 2419 924 rei:
2466 879 2601 923 me-

659 953 974 1021 minimus
1017 949 1192 1016 hunc
1233 970 1374 1014 esse
1418 947 1606 1012 illum
1650 967 1942 1011 mensem
1998 946 2110 1028 qui
2150 945 2306 1009 olim
2349 953 2601 1025 tempo-

661 1042 847 1107 ribus
888 1035 1258 1120 Epiphania
1299 1041 1369 1099 et
1410 1035 1893 1098 Asmoneorum
1953 1032 2273 1096 maximas
2326 1029 2615 1094 inclina-'

662 1127 872 1192 tiones
915 1120 1159 1188 viderit
1200 1122 1268 1184 in
1311 1129 1655 1200 utramque
1690 1127 1973 1200 partem,
2030 1116 2088 1180 si
2141 1114 2358 1180 exitus
2396 1115 2603 1178 initiis

662 1208 1094 1280 consentiant.
1163 1204 1297 1271 Sed
1332 1202 1497 1269 nihil
1535 1203 1703 1268 dico:
1750 1198 2148 1267 differendus
2181 1201 2250 1265 in
2295 1200 2602 1266 ultimum

663 1305 879 1364 actum
922 1293 1030 1358 hic
1073 1291 1358 1374 plausus.

834 1381 1042 1445 Tuam
1085 1376 1166 1442 de
1210 1384 1433 1440 nostra
1474 1375 1545 1439 in
1567 1372 1762 1440 Pauli
1795 1372 2011 1438 locum
2046 1372 2421 1438 coniectura
2454 1390 2602 1436 sen-

664 1467 941 1534 tentiam
975 1461 1375 1528 intellexisse
1409 1460 1571 1525 mihi
1607 1458 1767 1526 satis
1802 1466 1920 1537 est,
1961 1456 2296 1541 habeoque
2328 1478 2605 1540 magnas

664 1576 749 1621 ex
806 1552 1026 1616 animo
1083 1547 1347 1632 gratias.
1435 1546 1676 1611 Fateor
1728 1552 1796 1609 et
1846 1563 2126 1628 agnosco
2182 1564 2313 1608 non
2360 1550 2604 1607 temere

662 1635 950 1704 inveniri
1012 1631 1184 1707 αὐτὸς
1235 1653 1350 1716 pro
1401 1632 1645 1714 ἐκεῖνος,
1716 1640 2042 1697 caeterum
2099 1627 2491 1712 particulam
2541 1625 2605 1690 δὲ

664 1724 1039 1808 frequenter
1092 1719 1222 1803 legi
1279 1739 1394 1800 pro
1450 1717 1815 1799 copulativa
1868 1725 1988 1780 καί.
2096 1715 2190 1780 Ει
2246 1714 2494 1779 Paulus
2536 1715 2606 1776 in

667 1808 895 1876 eadem
936 1806 1019 1872 ad
1063 1803 1438 1871 Corinthios
1476 1802 1750 1886 epistola
1803 1820 1943 1883 cap.
1990 1805 2061 1863 12
2123 1810 2395 1883 utraque
2451 1820 2606 1864 voce

667 1896 873 1963 utitur
925 1881 1285 1974 ἀδιαφόρως.
1388 1889 1584 1954 Diem
1639 1895 1861 1952 autem
1915 1886 2295 1969 simpliciter
2360 1885 2605 1949 dictum

670 2001 815 2048 esse
857 1987 1223 2044 extremum
1267 1974 1453 2039 illum
1504 1973 1677 2039 diem
1720 1972 2021 2047 Domini,
2076 1971 2356 2054 legimus
2400 1970 2603 2034 Hebr.

673 2073 754 2132 10
797 2062 961 2148 (25),
1003 2062 1115 2127 ubi
1159 2072 1224 2125 et
1266 2058 1489 2125 iudicii
1530 2069 1598 2124 et
1641 2058 1815 2142 ignis
1858 2059 1937 2123 fit
1980 2058 2243 2122 mentio.
2324 2054 2461 2120 Sed
2505 2055 2604 2119 lu-

667 2152 899 2218 benter
940 2147 1229 2214 cedimus
1271 2158 1383 2209 tuo
1427 2164 1755 2227 responso,
1800 2142 1973 2227 quod
2008 2152 2184 2207 certe
2227 2141 2415 2205 nobis
2462 2160 2606 2239 ora·

668 2237 800 2305 culi
854 2237 992 2300 loco
1044 2242 1174 2309 est,
1231 2229 1364 2295 hon
1415 2238 1552 2295 tam
1617 2239 1883 2312 propter
1934 2247 2206 2312 gravem
2263 2225 2607 2292 scribentis

667 2321 1082 2389 autoritatem
1159 2337 1355 2400 quam
1444 2314 1819 2397 effulgentis
1892 2314 2189 2379 veritatis
2263 2312 2495 2377 lucem.
2524 2312 2606 2392 ¹⁴)

668 2408 908 2474 Virum
947 2406 1138 2470 illum
1182 2402 1443 2468 doctum
1486 2411 1556 2465 et
1595 2399 2028 2483 ingeniosum,
2073 2399 2184 2482 qui
2225 2409 2293 2464 te
2336 2419 2421 2463 ex
2455 2396 2609 2461 aula

666 2494 897 2562 invisit
918 2501 984 2555 et
1018 2488 1098 2555 de
1119 2489 1347 2553 eodem
1374 2485 1654 2552 contulit
1685 2486 1843 2561 loco,
1879 2485 2112 2566 opinor
2145 2485 2344 2548 fuisse
2366 2482 2610 2548 Inachi„

666 2601 857 2657 mum,
899 2596 1024 2642 neo
1066 2575 1290 2640 dubito
1351 2572 1508 2654 quin
1566 2571 1683 2637 tibi
1727 2570 2009 2634 laudarit
2052 2581 2345 2634 autorem
2390 2588 2605 2646 suum,

666 2668 887 2733 virum
930 2671 1105 2728 certe
1159 2662 1230 2725 in
1295 2658 1471 2722 hisce
1523 2655 1731 2721 literis
1786 2662 2117 2721 versatum
2171 2655 2473 2739 religiose
2531 2675 2607 2719 ac

669 2752 1035 2837 diligenter.
1136 2744 1208 2811 Is
1263 2743 1619 2826 plurimum
1674 2751 1739 2807 te
1793 2741 2036 2806 salutat
2097 2741 2343 2823 tibique
2408 2740 2606 2805 vehe-

666 2847 925 2906 menter
988 2833 1171 2916 cupit
1231 2829 1635 2893 innotescere
1649 2877 1664 2903 ,
1730 2833 1807 2890 ut
1869 2846 2282 2908 quascunque
2345 2824 2608 2908 collegit

637 2919 1259 2992 -animadversionos
1335 2923 1451 2978 tuo
1523 2911 1762 2978 iudicio
1826 2910 2174 2994 aliquando
2238 2910 2606 2976 verecunde

665 3008 981 3078 subiiciat.
1060 3001 1205 3070 Scit
1245 2999 1423 3065 enim
1466 3018 1599 3063 non
1643 3019 1786 3065 esse
1828 2998 2195 3082 graviorem
2239 3016 2605 3074 censuram,

711 3094 1051 3161 raesertim
1091 3089 1167 3154 in
1207 3085 1492 3171 paulinis
1535 3084 1762 3163 literis,
1806 3105 2087 3168 quarum
2131 3094 2265 3148 tam
2308 3082 2480 3147 fidus
2514 3082 2607 3149 sis

662 3190 984 3263 interpres
1040 3186 1118 3241 ut
1168 3180 1362 3240 autor
1414 3171 1614 3237 fuisse
1657 3170 1957 3237 videaris.
2043 3169 2239 3235 Nunc
2282 3179 2356 3234 ut
2396 3176 2609 3268 poste-

662 3268 902 3333 riorem
938 3261 1020 3328 ad
1057 3258 1436 3328 Corinthios
1467 3256 1917 3323 vehementius
1952 3253 2393 3320 desideremus
2429 3275 2608 3336 prior

664 3363 766 3419 est
803 3352 875 3415 in
917 3367 1128 3416 causa.
1213 3345 1306 3410 Et
1348 3343 1494 3426 quis
1538 3341 1858 3408 desiderio
1901 3341 1989 3405 sit
2040 3338 2269 3406 modus
2327 3348 2446 3404 aut
2487 3360 2605 3422 pu-

665 3437 785 3505 dor
811 3438 895 3513 ¹⁶)
948 3434 1153 3500 donec
1207 3449 1432 3494 omnes
1488 3426 1720 3493 eadem
1771 3426 2225 3508 explanaveris
2278 3422 2604 3491 methodo,

663 3521 972 3607 Agedum
1011 3518 1249 3602 igitur,
1303 3516 1398 3579 mi
1437 3523 1655 3596 pater,
1710 3513 1769 3579 si
1811 3511 1942 3576 alia
1982 3510 2301 3594 quaedam
2342 3510 2609 3593 politica

664 3605 930 3692 negotia
967 3603 1205 3687 quibus
1260 3598 1649 3665 distraheris
1687 3599 1762 3663 in
1816 3596 2019 3661 alium
2073 3595 2344 3663 reiicere
2400 3605 2603 3677 potes,

662 3690 1190 3760 succenturietnr
1246 3683 1278 3748 ὅ
1332 3682 1609 3766 συνεργὸς
1667 3682 2011 3767 Saliynius.
2039 3682 2123 3767 ¹⁶)
2222 3681 2284 3746 Ο
2323 3701 2609 3780 magnae

744 3799 815 3845 es
880 3775 1089 3841 altera
1139 3773 1407 3837 Romae.
1507 3769 1833 3852 Equidem
1895 3769 2172 3851 optarim
2217 3768 2338 3832 tibi
2404 3767 2608 3830 altum

662 3864 713 3931 il
737 3862 829 3932 ud
872 3862 1079 3928 otium
1122 3855 1293 3942 quod
1336 3863 1698 3938 exposcunt
1755 3876 1816 3917 m
1955 3875 1996 3919 a
2046 3873 2214 3936 quac
2269 3851 2609 3918 meditaris

663 3969 882 4035 opera.
969 3943 1107 4011 Sed
1149 3943 1206 4007 si
1246 3951 1434 4025 pater
1475 3941 1587 4005 ille
1628 3939 1930 4007 coelestis
1963 3938 2124 4004 velit
2162 3939 2610 4021 interpretem,

661 4056 799 4102 non
838 4033 1058 4099 minus
1100 4049 1297 4113 quam
1338 4027 1495 4092 olim
1539 4035 1833 4091 autorem
1877 4025 2125 4106 ipsum,
2180 4043 2330 4088 cum
2386 4023 2610 4088 multis

663 4116 1197 4204 occupationibus
1240 4112 1496 4190 luctari,
1532 4131 1661 4194 quo
1702 4110 2021 4175 illustrior
2062 4109 2150 4173 sit
2194 4107 2291 4173 vis
2336 4108 2608 4191 spiritus

664 4203 732 4280 ὃς
772 4210 1004 4289 ἐνεργεῖ,
1049 4220 1184 4265 non
1240 4219 1504 4283 possum
1560 4217 1698 4263 non
1746 4194 2037 4261 revereri
2080 4193 2426 4260 consilium
2473 4194 2607 4259 Do-

660 4312 848 4360 mim.

835 4375 899 4441 N
901 4394 1030 4439 unc
1072 4372 1131 4437 si
1171 4368 1520 4436 molestum
1565 4385 1697 4431 non
1741 4371 1843 4431 est
1875 4385 2107 4430 rursus
2140 4363 2366 4431 audire
2400 4369 2605 4428 λεπτο-

665 4462 968 4543 λογῆματα
1001 4456 1240 4525 curiosi
1272 4451 1802 4536 interpellatoris,
1847 4452 1956 4533 qui
2001 4459 2065 4516 te
2100 4450 2237 4516 suis
2278 4450 2608 4534 ineptiolis

662 4547 1073 4614 familiariter
1106 4539 1442 4618 obtundat,
1483 4548 1634 4622 peto
1667 4536 1908 4602 Matth.
1950 4541 2025 4600 14
2049 4534 2150 4623 (3)
2192 4556 2351 4602 num
2396 4536 2609 4634 potius

661 4632 1014 4718 legendum
1056 4630 1170 4694 sit:
1261 4631 1484 4708 ropter
1524 4621 1966 4688 Herodiadem
2007 4642 2279 4687 uxorem
2323 4619 2609 4686 Herodis

665 4718 888 4786 stati-is
950 4713 1097 4783 sui?
1252 4731 1361 4777 am
1423 4709 1586 4774 haec
1647 4706 1973 4773 Herodias
2036 4726 2191 4771 vere
2253 4726 2421 4770 uxor
2484 4707 2613 4770 fuit

840 4985 937 5119 {23
968 4980 1284 5107 &memnii-3
1314 4997 1421 5106 ξιξ.
1453 5050 1623 5106 aliun
1672 5048 1846 5103 bean
1894 5017 2096 5129 rerem
2207 5115 2217 5127 .
2354 5045 2608 5128 videatur

866 5122 944 5177 ad
977 5121 1025 5175 1.
1065 5121 1185 5177 Gor.
1218 5118 1270 5188 3,
1308 5118 1407 5202 ιθ,
1451 5118 1657 5200 dequo
1692 5115 2011 5172 Ramnes
2059 5062 2344 5170 &ioman
2388 5115 2604 5171 advent.

875 5259 936 5326 ε»)
972 5206 1145 5313 112⁰*
1096 5204 1364 5340 qam-⁰¹⁹⁸&
1394 5192 1702 5245 mm
2039 5306 2043 5311 ,
2131 5323 2142 5334 ‚

843 5328 937 5397 16)
974 5319 2280 5397 AndkdequoN.855,not.2,nonltque.

2194 411 2722 482 EPIS'POLAE
2766 417 3107 479 857-858
4507 419 4604 481 432

2701 599 3006 678 Herodis,
3043 601 3156 683 qui
3178 600 3465 666 Herodis
3498 601 3765 668 maioris
3798 601 3977 667 filius
4011 602 4138 666 fuit
4158 622 4245 667 ex
4264 602 4612 684 Mariamne,

2703 687 2905 751 frater
2956 688 3476 770 consanguineus
3534 686 3818 753 Herodis
3872 688 4241 753 tetrarchae
4296 688 4612 756 Galilaeae.

2705 774 2798 836 At
2839 771 3189 855 Philippus
3242 773 3573 838 tetrarcha
3613 772 4097 839 'trachonitidis
4152 773 4440 839 Herodis
4488 796 4615 856 quo·

2704 878 2829 939 que
2871 858 3137 922 maioris
3181 857 3353 922 filius
3396 879 3479 923 ex
3524 859 3890 941 Cleopatra,
3935 880 4208 924 uxorem
4252 858 4480 925 habuit
4515 860 4617 926 Sa·

2706 941 2926 1006 lomen
2972 942 3175 1006 filiam
3211 943 3389 1008 illius
3424 943 3708 1010 Herodis
3732 945 4124 1010 Mariamnei
4167 955 4237 1009 et
4275 946 4477 1029 ipsius
4506 946 4618 1010 He-

2706 1026 3010 1106 rodiadis,
3057 1028 3183 1092 nisi
3228 1050 3331 1093 me
3374 1030 3546 1093 fallit
3586 1028 3907 1112 Iosephus
3950 1041 4070 1095 aut
4109 1052 4257 1095 mea
4298 1045 4471 1097 certe
4508 1053 4622 1096 me-

2708 1115 2931 1178 moria.
3022 1114 3156 1177 Res
3200 1115 3491 1180 fortassis
3537 1137 3666 1180 non
3712 1126 3816 1181 est
3854 1117 4076 1200 magni
4134 1117 4479 1194 momenti,
4527 1116 4623 1181 sed

2706 1209 2925 1262 tamen
2971 1198 3055 1263 ad
3099 1199 3412 1264 historiae
3445 1200 3640 1265 fidem
3678 1202 3983 1284 pertinet,
4030 1211 4097 1267 et
4138 1224 4260 1285 ego
4294 1204 4472 1267 hisce
4511 1201 4626 1267 die-

2707 1285 2831 1349 bus
2873 1285 2940 1347 in
2995 1285 3271 1366 quadam
3331 1283 3413 1349 de
3468 1288 3713 1369 nuptiis
3756 1285 4219 1371 disceptatione
4279 1308 4420 1352 non
4471 1290 4627 1369 potui

2708 1370 2879 1433 hanc
2924 1390 3134 1434 meam
3190 1370 3626 1452 suspicionem
3686 1371 4110 1438 dissimulare.
4211 1374 4376 1439 Erat
4435 1385 4630 1438 autem

2708 1475 2947 1539 magna
2990 1456 3321 1520 contentio
3377 1456 3458 1521 de
3501 1457 3810 1541 gradibus
3863 1460 4269 1543 cognationis
4327 1469 4396 1524 et
4450 1460 4632 1524 affini-

2710 1547 2884 1616 tatis,
2931 1550 2996 1605 et
3036 1563 3156 1605 nos
3193 1543 3540 1608 tuebamur
3575 1544 3751 1627 leges
3793 1564 4119 1623 romanas,
4163 1565 4324 1627 quas
4368 1566 4489 1610 nec
4522 1543 4633 1608 dis-

2711 1626 2924 1691 soluta
2966 1626 3231 1691 licentia
3285 1649 3405 1693 nec
3448 1632 3798 1693 severitate
3855 1632 4307 1713 superstitiosa
4358 1651 4634 1713 peccasse

2713 1713 3102 1789 dicebamus,
3148 1712 3263 1776 sed
3306 1734 3455 1777 enm
3498 1725 3874 1779 constanter
3906 1718 4195 1781 tenuisse
4236 1716 4503 1781 modum
4545 1717 4637 1798 qui

2714 1819 2833 1862 nec
2898 1796 3213 1879 pudorem
3274 1799 3591 1865 naturalis
3650 1801 4009 1866 honestatis
4077 1803 4356 1884 turpiter
4425 1802 4638 1885 prosti-

2712 1895 2945 1958 tueret,
2994 1903 3113 1947 nec
3156 1882 3523 1948 libertatem
3571 1886 3643 1950 in
3702 1887 4035 1968 republica
4079 1889 4513 1953 necessariam
4556 1896 4638 1952 te—

2714 1990 2890 2032 mere
2930 1969 3404 2034 interturbaret
3460 1980 3656 2054 atque
3700 1981 4042 2037 everteret.
4134 1972 4383 2039 Contra
4445 1983 4641 2038 autem

2712 2074 2824 2119 eos
2848 2053 3314 2120 accusabamus
3351 2054 3464 2138 qui
3499 2078 3704 2137 quum
3733 2065 3939 2122 totam
3972 2058 4301 2141 graduum
4338 2060 4643 2123 rationem

2711 2138 3148 2205 confuderunt
3191 2143 3379 2206 novis
3423 2142 3559 2207 suis
3603 2142 3897 2220 decretis,
3957 2156 4099 2208 tum
4147 2165 4304 2210 vero
4348 2146 4646 2210 terminos

2713 2226 2860 2289 illos
2903 2227 3186 2308 primum
3230 2247 3272 2291 a
3305 2228 3490 2292 Mose
3535 2227 3769 2294 deinde
3810 2249 3850 2293 a
3889 2229 4318 2311 prudentibus
4340 2230 4647 2295 Romanis

2714 2311 3043 2392 sapienter
3090 2314 3255 2377 fixos
3303 2313 3777 2379 inconsiderate
3824 2327 4209 2394 moverunt,
4257 2335 4468 2399 eoque
4521 2327 4650 2381 tan-

2714 2395 2861 2461 dem
2908 2395 3281 2462 reciderunt
3325 2409 3398 2462 ut
3443 2408 3512 2464 et
3562 2400 3879 2482 permissa
3921 2401 4345 2485 prohiberent
4406 2413 4477 2466 et
4520 2423 4649 2485 per·

2714 2485 3052 2547 mitterent
3092 2482 3437 2564 prohibita.

2885 2569 3094 2632 Tuam
3139 2567 3220 2633 de
3275 2570 3355 2635 iis
3411 2573 3518 2651 qui
3573 2568 3987 2654 baptisantur
4041 2593 4161 2654 pro
4212 2575 4497 2638 mortuis
4552 2592 4651 2637 no-

2712 2675 2860 2719 vam
2907 2655 3300 2720 sententiam
3345 2676 3557 2738 nuper
3599 2656 3772 2738 apud
3814 2678 3920 2722 me
3963 2657 4228 2741 quidam
4265 2658 4653 2743 exagitabat,

2709 2738 2881 2821 quod
2925 2739 3199 2805 iactaret
3243 2741 3493 2805 nullam
3549 2761 3694 2807 esse
3748 2743 3924 2825 apud
3985 2755 4237 2810 veteres
4291 2747 4439 2811 eius
4494 2743 4654 2809 anti-

2709 2827 2976 2909 quitatis
3018 2827 3412 2892 memoriam.
3504 2827 3756 2892 Contra
3810 2828 4103 2895 dicebam
4166 2851 4420 2896 morem
4464 2831 4655 2896 fuisse

2709 2910 3237 2993 antiquissimum
3281 2922 3350 2977 et
3391 2912 3616 2977 multis
3666 2915 3861 2978 etiam
3906 2927 4053 2996 post
4097 2917 4428 2999 apostolos
4473 2917 4653 2982 annis

2704 2997 2997 3072 durasse,
3041 3007 3117 3062 ut
3156 2997 3420 3063 iamiam
3442 2997 3742 3064 morituri
3776 3007 3842 3064 et
3875 3002 4159 3066 animam
4197 3019 4472 3089 agentes
4508 3005 4652 3089 bap-

2710 3083 3067 3148 tisarentur
3107 3083 3305 3149 etiam
3349 3084 3421 3149 in
3454 3084 3641 3164 lecto,
3687 3084 3862 3152 unde
3897 3099 3963 3153 et
3996 3087 4210 3154 clinici
4254 3090 4649 3156 dicebantur.

2709 3167 3157 3234 Tertullianus
3200 3170 3419 3236 nescio
3472 3171 3628 3253 quid
3671 3193 3755 3238 ex
3792 3192 4060 3239 suorum
4106 3184 4477 3258 temporum
4523 3198 4648 3241 mo-

2710 3256 2891 3320 ribus
2935 3254 3152 3331 refert,
3192 3253 3328 3317 aar
3367 3254 3534 3320 οὐδὲν
3564 3255 3738 3337 ὑγιές.
3826 3258 4039 3324 Incidi
4096 3272 4321 3343 postea
4377 3264 4451 3327 in
4502 3264 4650 3346 Epi-

2710 3339 3028 3422 phanium
3073 3339 3183 3420 qui
3228 3349 3409 3406 tuam
3442 3341 3623 3406 illam
3658 3343 4264 3428 interpretationem
4310 3349 4649 3414 manifeste

2710 3424 2958 3507 probat.
3046 3423 3230 3491 Haec
3273 3424 3356 3490 ad
3411 3437 3479 3492 te
3532 3429 3743 3495 refero
3789 3451 3876 3494 ne
3933 3431 4087 3513 quid
4144 3432 4368 3499 videar
4422 3456 4505 3501 eo
4558 3437 4650 3499 in·

2708 3511 3009 3577 consulto
3054 3529 3249 3595 agere
3291 3532 3330 3575 a
3372 3532 3499 3594 quo
3542 3521 3717 3579 totus
3759 3517 4044 3597 pendere
4089 3518 4255 3583 volo.

2882 3595 3082 3660 Porro
3125 3596 3284 3677 quid
3342 3597 3451 3663 hic
3502 3609 3740 3681 agatur
3782 3621 3916 3665 non
3965 3603 4193 3669 scribo.
4284 3603 4653 3671 Ediderunt

2711 3682 2996 3748 ieiunam
3059 3682 3386 3762 quandam
3452 3682 3986 3751 declamationem
4054 3689 4308 3769 profani
4373 3691 4651 3756 rhetoris

2711 3768 2935 3851 (quem
2979 3768 3185 3841 nosti)
3229 3767 3545 3835 adversus
3590 3769 3901 3837 Felinum.
3936 3774 4017 3854 ¹⁷)
4106 3775 4362 3840 Vellem
4418 3776 4522 3841 illi
4565 3786 4651 3840 te-

2711 3873 2859 3917 cum
2894 3873 3001 3918 res
3035 3860 3227 3932 esset,
3263 3875 3391 3934 qno
3414 3856 3619 3937 magis
3644 3857 3845 3921 semel
3868 3859 4303 3943 castigaretur
4339 3873 4408 3926 et
4443 3865 4652 3928 acrius

2711 3937 3173 4003 retunderetur
3212 3937 3495 4022 gloriosa
3549 3941 3807 4008 vanitas
3857 3942 4053 4010 huius
4097 3945 4455 4012 Thrasonis
4501 3966 4653 4031 gna?

2712 4024 2983 4089 thonici:
3038 4023 3279 4107 alioqui
3323 4027 3574 4109 garrire
3630 4048 3763 4091 non
3817 4029 4121 4095 desinent
4164 4032 4401 4097 horum
4448 4054 4650 4116 nuga-

2713 4120 2928 4174 torum
2976 4109 3343 4176 meritoriae
3387 4112 3664 4195 linguae,
3709 4133 4083 4198 quanquam
4136 4118 4371 4183 insano
4411 4119 4651 4183 latratu

2713 4204 3096 4260 raucescant
3138 4203 3207 4259 et
3244 4208 3636 4278 rumpantur
3669 4199 3891 4280 potius
3929 4200 4223 4285 hylactes
4265 4217 4333 4268 et
4376 4205 4649 4280 molossi,

2710 4300 2908 4430 guam
2972 4279 3058 4378 iis
3118 4282 3601 4363 compescendis
3664 4282 3908 4367 aliquid
3972 4290 4288 4369 temporis
4350 4289 4651 4372 depereat

2754 4387 2898 4430 oms
2937 4385 3115 4431 viris.

2886 4449 3088 4515 Venio
3146 4450 3229 4516 ad
3286 4453 3544 4523 amicos.
3633 4453 3742 4518 Illi
3802 4466 3867 4520 te
3923 4456 4281 4540 plurimum
4348 4459 4647 4535 salutant,

2712 4536 2826 4600 sed
2872 4534 3033 4601 nihil
3072 4537 3366 4602 scribunt
3411 4539 3562 4620 quia
3607 4540 3845 4624 frigore
3889 4545 4287 4627 congelascit
4329 4557 4649 4610 atramen-

2713 4633 2872 4687 tum.
2960 4621 3304 4687 Interdum
3347 4622 3731 4705 subversor,
3788 4635 3866 4690 ut
3915 4628 4203 4713 ingenue
4258 4630 4516 4714 loquar,
4570 4650 4649 4695 ne

2716 4708 2977 4772 tandem
3034 4709 3103 4771 in
3154 4709 3408 4772 fumum
3463 4722 3859 4778 evanescant
3911 4714 4098 4798 ignes
4161 4714 4421 4797 (lamii,
4484 4735 4650 4782 neve

2713 4792 2993 4877 caligine
3049 4792 3459 4859 obducantur
3514 4799 3835 4864 Asterisci.
3936 4799 4332 4885 Buryundus
4358 4806 4433 4883 ⁸⁸)
4503 4820 4647 4868 cum

2883 5048 2976 5111 1⁷)
3015 5049 3302 5104 Bucerum.
3357 5050 3447 5104 De
3480 5070 3716 5122 quanam
3751 5054 4139 5111 declamatione
4171 5059 4322 5117 dicut
4350 5060 4507 5116 nobie
4538 5077 4647 5115 non

2709 5124 2919 5173 constat
3013 5122 3099 5170 An
3135 5119 3399 5175 Laconi?

2887 5185 2974 5248 18)
3017 5186 3089 5240 Ν.
3124 5186 3240 5241 808.
3283 5218 3345 5228 -
3384 5189 3454 5243 In
3497 5188 3762 5245 Picarrlia
3794 5194 3957 5247 etiam
3990 5196 4136 5249 cives
4164 5196 4255 5250 6111·
4285 5197 4581 5269 quaerendi
4608 5213 4643 5248 α

2708 5257 3235 5379 Ἡέἰῗᾱῗὲθᾘεαά
3276 5257 3556 5312 Calvinum
3594 5262 3885 5315 mittendas
3918 5271 4230 5332 exspectare
4263 5281 4319 5322 ec
4352 5267 4497 5334 diat,
4530 5265 4642 5320 oca.

4770 2619 4791 3028 *nn
4784 2495 4787 2528 „⁴
