4825 6175
635 438 763 502 219

635 624 807 691 nihil
849 625 929 691 ab
964 643 1042 689 eo
1077 623 1341 703 venisse
1376 622 1735 689 literarum.
1802 621 1993 701 Vale,
2038 623 2243 688 frater
2284 631 2353 688 et
2385 621 2594 688 amice

636 710 1080 796 integerrime.
1194 707 1430 775 Saluta
1493 731 1723 776 omnes
1796 708 2038 775 amicos
2116 719 2184 774 et
2256 707 2591 786 familiam,

637 805 863 862 nostro
904 796 1199 862 omnium
1242 797 1525 861 nomine.
1631 786 1842 861 Vicini
1884 804 1954 860 et
1996 816 2163 861 uxor
2205 815 2352 859 mea
2393 800 2460 858 te
2496 812 2596 858 sa-

635 881 856 948 lutant
897 883 1276 967 plurimum.
1366 881 1620 948 Iterum
1665 881 1830 947 vale.
1919 885 2019 946 23.
2063 880 2380 948 Novemb.
2399 882 2459 963 ⁴)

1556 1017 1840 1082 Ioannes
1883 1014 2204 1083 Calvinus
2249 1023 2421 1081 tuus.

1542 1459 1691 1531 731.

1176 1613 1584 1682 VIRE'I'US
1632 1614 2072 1682 OALVINO.

816 1785 1084 1851 Deotheo
1161 1786 1297 1850 iam
1373 1786 1759 1851 Lausannae
1828 1791 2239 1868 prospectum.
2365 1787 2606 1852 Buceri

647 1873 950 1953 scripmm
991 1872 1078 1936 ad
1122 1872 1566 1938 Neocomenses
1622 1875 1680 1937 et
1723 1872 1992 1937 alterum
2035 1873 2110 1937 de
2151 1874 2302 1939 bello
2343 1871 2603 1939 Bruns-

647 1958 899 2025 vicensi.
1002 1957 1207 2024 Varia
1246 1958 1513 2023 minoris
1554 1958 1859 2023 momenti.
1964 1957 2138 2024 Uxor
2182 1965 2471 2043 aegrotat.

923 2129 1034 2194 (Ex
1071 2127 1409 2198 autographo
1445 2128 1575 2182 Ood.
1613 2127 1818 2183 Gener.
1854 2125 1998 2180 111⁸,
2042 2128 2134 2182 fol.
2171 2125 2317 2193 154.)

815 2316 1201 2384 Clarissimo
1260 2318 1402 2382 viro
1460 2316 1546 2381 D.
1606 2317 1846 2382 Ioanni
1902 2316 2179 2383 Calvino
2233 2316 2603 2401 vigilantis-

644 2406 809 2472 simo
844 2404 1155 2471 ecclesiae
1190 2401 1606 2469 Genevensis
1645 2405 1894 2486 pastori
1930 2410 2334 2488 symmystae
2368 2410 2438 2467 et
2470 2403 2602 2468 fra-

645 2490 735 2555 tri
780 2511 975 2574 quam
1021 2489 1356 2555 carissimo
2081 2552 2084 2557 ,

2013 2574 2341 2640 Genevae.

819 2710 890 2778 S.
957 2710 1156 2776 Redii
1198 2711 1425 2775 Berua
1476 2709 1674 2776 rebus
1729 2711 2034 2777 omnibus
2079 2730 2162 2778 ex
2206 2711 2412 2775 animi
2456 2732 2605 2777 sen-

645 2799 857 2866 tentia
898 2797 1229 2864 confectis.
1332 2798 1394 2862 A
1452 2803 1685 2862 senatu
1737 2795 2239 2880 impetravimus
2290 2796 2606 2881 quidquid

643 2884 974 2969 petiimus,
1020 2882 1150 2948 nisi
1203 2881 1377 2964 quod
1421 2880 1502 2946 de
1543 2881 1812 2948 Deotheo
1854 2881 2038 2947 nulla
2079 2882 2265 2949 vobis
2307 2904 2459 2966 spes
2501 2903 2606 2947 re-

644 2971 826 3054 liqua
867 2978 983 3034 est.
1077 2967 1371 3034 Gorderio
1428 2965 1776 3033 adiunctus
1829 2976 1946 3033 est.
1977 2970 2026 3040 ¹)
2115 2966 2309 3049 Quod
2364 2968 2449 3033 ad
2497 2989 2607 3034 me

646 3056 900 3134 attinet,
947 3074 1093 3121 sum
1130 3053 1524 3120 amicissime
1559 3062 1626 3119 et
1659 3052 2149 3134 humanissime,
2195 3055 2249 3121 si
2288 3052 2607 3120 hactenus

649 3162 961 3226 unquam,
1008 3141 1089 3207 ab
1133 3139 1441 3205 omnibus
1498 3148 1809 3224 exceptus
1863 3147 1931 3205 et
1972 3141 2229 3224 publice
2272 3148 2341 3206 et
2381 3141 2607 3225 priva-

645 3229 803 3306 tim,
866 3235 1002 3292 tam
1057 3247 1097 3290 a
1138 3225 1463 3291 ministris
1520 3246 1719 3310 quam
1776 3247 1817 3291 a
1870 3227 2282 3292 senatoribus
2339 3234 2406 3292 et
2461 3226 2607 3291 aliis

645 3315 812 3381 viris
831 3314 1036 3380 bonis.
1094 3313 1200 3376 De
1223 3311 1471 3395 collega
1514 3331 1704 3395 spero
1740 3332 2194 3378 successurum
2231 3334 2317 3378 ex
2350 3320 2525 3377 voto.
2546 3314 2604 3388 ²)

649 3398 785 3467 Sed
828 3400 972 3482 quis
1019 3396 1275 3464 Farello
1316 3397 1628 3463 Neocomi
1681 3396 1957 3482 adiungi
2002 3396 2339 3463 commode
2377 3398 2603 3481 possit,

647 3485 941 3551 nondum
986 3484 1147 3550 satis
1191 3482 1402 3549 video.
1425 3486 1481 3560 ⁸)
1569 3483 1788 3549 Multa
1831 3490 1992 3548 sunt
2035 3482 2157 3548 hac
2193 3484 2275 3549 de
2318 3505 2391 3549 re
2436 3504 2605 3568 quae

647 3572 908 3654 cupiam
944 3577 1164 3634 tecum
1197 3589 1416 3635 coram
1453 3569 1765 3646 conferre,
1804 3569 1858 3634 si
1897 3567 2122 3634 datum
2157 3579 2346 3637 esset.
2402 3570 2603 3635 Mitto

650 3656 736 3722 ad
789 3664 857 3721 te
915 3656 1232 3739 scriptum
1277 3654 1516 3720 Buceri
1559 3654 1643 3720 ad
1699 3655 1764 3720 N
1766 3675 2198 3735 eocomenses,
2217 3659 2276 3730 ⁴)
2335 3653 2505 3739 quod
2566 3677 2604 3721 e

646 3742 881 3826 lingua
921 3741 1298 3825 germanica
1350 3741 1423 3804 in
1479 3741 1754 3805 latinam
1812 3741 2139 3806 convertit
2179 3741 2421 3807 Buceri
2465 3741 2603 3806 dia-

646 3849 867 3894 conus.
936 3827 1106 3892 Nam
1129 3826 1421 3892 Bucen&
1441 3827 1810 3910 germanice
1852 3828 1925 3892 in
1967 3827 2139 3892 hanc
2159 3828 2422 3910 scripsit
2454 3848 2603 3893 sen·

644 3913 952 3991 tentiam,
1007 3913 1195 3979 cuius
1253 3914 1568 3995 scriptum
1622 3913 1911 3980 ministri
1956 3913 2409 3980 Beruensibus
2451 3934 2603 3980 cen-

645 4016 796 4067 sent
839 4019 982 4064 esse
1025 3996 1448 4063 offerendum.
1537 3997 1613 4064 Si
1653 4019 1784 4063 non
1826 3999 2114 4064 oblatum
2157 3999 2262 4078 sit,
2306 4021 2463 4065 mox
2508 3999 2604 4064 of·

645 4086 912 4151 feretur.
985 4082 1287 4149 'Proinde
1329 4085 1520 4148 mitto
1563 4084 1647 4148 ad
1703 4097 1768 4150 te
1812 4084 2151 4168 exemplar
2191 4093 2298 4163 ut,
2358 4085 2418 4150 si
2459 4084 2605 4150 fieri

647 4171 887 4255 possit,
941 4170 1325 4252 priusquam
1394 4171 1709 4235 offeratur
1776 4171 2095 4236 rescribas
2166 4170 2320 4254 quid
2380 4168 2462 4235 (10
2527 4191 2603 4236 00

647 4257 896 4323 sentias
930 4263 998 4321 et
1032 4255 1116 4319 ad
1149 4276 1259 4320 me
1293 4255 1633 4339 exemplar
1667 4257 1985 4336 remittas,
2032 4257 2204 4339 quod
2247 4277 2384 4322 non
2420 4256 2606 4322 licuit

647 4343 776 4409 nisi
819 4342 1027 4407 obiter
1060 4362 1457 4425 percurrere.
1557 4343 1874 4408 Tornacus
1890 4344 1951 4426 ⁶)
1996 4351 2219 4407 noster
2252 4364 2294 4407 a
2334 4342 2602 4426 quibus·

850 4526 914 4595 4)
949 4528 1175 4582 Annum
1217 4528 1330 4581 iam
1387 4527 1712 4584 Tur-retinas
1758 4535 1898 4585 recte
1940 4529 2189 4595 deffinivit
2232 4545 2299 4583 ex
2346 4529 2419 4583 iis
2464 4544 2604 4598 quae

648 4598 715 4652 de
752 4597 1045 4651 Gamelita
1079 4603 1130 4652 et
1169 4597 1440 4650 Ferronio
1475 4597 1750 4652 dicuntur.

671 4667 805 4721 781.
843 4666 903 4731 1)
941 4665 1070 4719 Iam
1106 4666 1316 4719 scholae
1352 4665 1749 4720 Lausannensi
1773 4667 2064 4734 praefecto.

853 4734 911 4801 2)
947 4732 1066 4856 gui
1084 4741 1293 4858 {faui
1310 4735 1431 4804 finit
1467 4733 1582 4790 Iac.
1635 4736 1834 4790 Valier.
2326 4804 2337 4815 ·

852 4804 912 4872 3)
1011 4819 1038 4857 e
1154 4820 1183 4857 c
1229 4803 1327 4857 dm
1375 4803 1701 4858 decertatum
1744 4809 1824 4858 cst
1867 4810 1930 4858 ut
1981 4819 2106 4857 mox
2153 4803 2388 4870 videbas,
2433 4801 2602 4858 donec

644 4871 868 4928 tandem
904 4872 1216 4927 Lubet-tetus
1247 4888 1309 4927 eo
1340 4879 1565 4927 vocatus
1599 4880 1693 4927 est.

855 4938 917 5004 4)
954 4942 1022 4995 de
1056 4941 1300 5006 decimis,
1347 4941 1415 4994 de
1460 4943 1656 5011 quibus
1700 4942 1814 4996 iam
1863 4957 2038 5008 supra
2080 4942 2319 5009 saepius.
2391 4939 2601 4994 Datum

644 5011 757 5075 fuit
791 5008 977 5064 Nonis
1012 5008 1156 5063 Nov.
1206 5016 1259 5063 ct

648 5077 869 5131 Zeuius.
942 5077 1148 5132 Exstat
1179 5079 1241 5131 in

647 5145 806 5212 bafer
831 5163 891 5214 p.
929 5144 1012 5197 77.

858 5215 916 5281 5)
951 5214 1193 5268 Ioannes
1211 5214 1276 5267 de
1304 5214 1528 5269 Teuma
1566 5255 1580 5280 ,
1615 5217 1766 5270 verbi
1799 5216 1980 5271 divini
2011 5217 2276 5281 minister,
2312 5215 2603 5284 Aquileiae

649 5283 860 5352 (Asyla)
894 5288 1059 5337 antea
1080 5283 1402 5338 Paterniana·
1432 5290 1482 5338 a
1573 5286 1757 5348 iviaci,
1793 5299 1821 5338 s
1926 5286 2015 5338 ius
2049 5286 2163 5338 iam
2196 5298 2264 5338 su
2333 5299 2371 5337 ι
2403 5283 2600 5337 lauda-

649 5359 742 5406 tus
775 5369 824 5406 v.
865 5351 938 5404 N.
975 5350 1095 5418 609,
1129 5358 1238 5407 not.
1275 5352 1311 5405 9
1343 5352 1629 5420 etflervm‘.
1667 5355 1772 5409 ΙΙΙ.
1800 5353 1827 5405 1
1900 5395 1913 5407 .
1938 5353 2055 5410 218.
2074 5353 2178 5407 IV.
2287 5393 2299 5405 .
2332 5350 2450 5405 141.
2475 5351 2597 5405 229.

1372 5016 1518 5063 aeter
1555 5011 1827 5064 Beecerum
1862 5011 2300 5077 subscripserunt
2335 5009 2518 5062 Rodio
2551 5015 2602 5064 et

1332 5078 1420 5132 ibt
1452 5086 1734 5146 pastorum
1771 5079 2232 5133 Nem-ommium.
2289 5076 2371 5142 of.
2399 5076 2599 5132 Kirch-

2192 431 2722 505 EPIS'I'OLAE
2768 438 2806 498 7
2812 436 3104 500 30-735

4396 415 4609 503 '220

2698 621 2852 688 dam
2895 621 3153 687 delatus
3197 629 3329 699 est,
3384 622 3554 688 sicut
3605 641 3728 706 ego
3771 622 4024 688 fueram
4066 628 4220 687 ante
4278 640 4483 687 annos
4519 622 4613 688 ali-

2697 716 2873 791 quot,
2933 706 3045 773 sed
3102 707 3321 772 miuus
3377 706 3596 773 odiose
3652 715 3720 773 et
3773 707 4151 790 periculose.
4241 707 4416 773 Novi
4456 708 4615 790 probe

2697 793 2935 878 quibus
2979 792 3313 858 autoribus
3346 802 3417 858 et
3450 814 3583 876 qua
3616 793 3743 858 via.
3812 793 3991 875 Quid
4032 794 4339 859 futurum
4383 794 4469 858 sit
4496 815 4616 860 nes·

2697 879 2826 945 cio:
2864 879 3192 945 Dominus
3213 877 3441 944 aderit.
3502 878 3651 944 Hoc
3693 900 3905 945 unum
3946 880 4100 960 scic,
4145 879 4476 962 principes
4505 900 4619 945 esse

2698 965 2862 1031 recti
2906 972 3238 1042 amantes,
3297 965 3409 1046 qui
3460 964 3589 1029 nisi
3632 965 3820 1032 nobis
3863 974 4084 1031 essent
4126 986 4324 1048 quam
4367 984 4484 1030 nos
4519 966 4621 1048 ipsi

2700 1051 3054 1134 aequiores,
3113 1071 3349 1135 parum
3392 1050 3668 1116 feliciter
3720 1051 4067 1118 nobiscum
4106 1059 4432 1134 ageretur.
4513 1049 4623 1116 Sed

2701 1157 2825 1220 ago
2869 1137 3116 1221 gratias
3137 1135 3424 1206 Domino
3458 1135 3636 1219 quod
3678 1157 3788 1203 eos
3832 1157 3966 1202 non
4011 1136 4386 1202 destituerit
4426 1137 4624 1203 timore

2701 1243 2822 1287 suo
2887 1229 2955 1287 et
3017 1221 3190 1305 quod
3251 1221 3335 1286 ad
3399 1222 3714 1305 pietatem
3780 1244 3911 1288 non
3980 1223 4115 1288 sint
4178 1222 4352 1288 male
4417 1221 4624 1288 affecti.

2700 1308 2897 1373 Mitto
2956 1308 3156 1373 etiam
3228 1307 3314 1372 ad
3370 1317 3436 1372 te
3508 1307 3847 1374 historiam
3914 1309 4068 1374 belli
4125 1307 4627 1385 Brunsvicensis,

2701 1394 2875 1459 sicut
2917 1415 2956 1458 a
2998 1392 3248 1459 Buoero
3286 1394 3532 1477 scripta
3584 1403 3652 1457 et
3705 1395 3908 1460 missa
3963 1402 4066 1461 est
4109 1394 4193 1459 ad
4238 1394 4630 1472 Farellwm,⁸)

2703 1481 2855 1562 quia
2889 1480 3110 1544 nescio
3153 1500 3237 1543 an
3283 1488 3485 1543 totam
3527 1478 3870 1545 historiam
3915 1488 4048 1545 tam
4094 1481 4355 1562 copiose
4395 1486 4462 1544 et
4502 1499 4633 1544 vere

2705 1564 3099 1648 descriptam
3167 1564 3422 1648 legeris.
3536 1564 3912 1631 Narrantur
3989 1574 4055 1631 et
4132 1565 4264 1630 alia
4340 1563 4635 1648 quaedam

2703 1671 2871 1733 quae
2911 1650 3333 1735 contigerunt
3367 1661 3515 1732 post
3547 1650 3887 1716 victoriam
3919 1651 4104 1717 illam
4148 1650 4229 1716 de
4264 1650 4636 1734 octingentis

2704 1735 3037 1819 equitibus
3079 1757 3120 1800 a
3164 1735 3570 1820 Landyravio
3619 1734 3704 1801 ad
3748 1758 3954 1802 unum
3996 1737 4222 1816 caesis,
4268 1736 4504 1819 quibus
4539 1756 4638 1802 ve-

2706 1823 2885 1887 niam
2942 1821 3242 1901 dederat,
3300 1822 3475 1905 quod
3530 1824 3871 1888 conventis
3923 1842 4060 1887 non
4118 1822 4490 1900 stetissent,
4542 1818 4640 1887 sed

2704 1929 2823 1992 pro
2902 1907 3218 1974 beneficio
3290 1906 3728 1989 rependerent
3800 1909 4212 1975 maleficium.
4332 1908 4640 1973 Narratur

2706 1995 2907 2059 etiam
2949 1994 3291 2077 episeopus
3333 1994 3720 2078 Moguntiae
3763 1995 4127 2076 praefectus
4160 1994 4474 2077 auspiciis
4494 1993 4642 2058 Lao·-

2700 2080 2930 2163 mavii.
3032 2079 3360 2145 Dominus
3415 2101 3575 2145 suae
3631 2079 3941 2146 ecclesiae
3994 2081 4384 2146 misereatur
4443 2086 4509 2144 et
4556 2098 4641 2143 re-

2707 2164 2947 2230 tundat
2989 2165 3277 2230 hostium
3327 2185 3601 2230 suorum
3645 2174 3939 2231 conatus.
4031 2165 4376 2245 Sultzerus,
4424 2164 4645 2230 Beatus

2706 2258 2774 2315 et
2818 2250 3121 2316 Far-ellus
3177 2259 3244 2316 te
3298 2250 3588 2315 salutant
3635 2258 3704 2315 et
3757 2252 3962 2317 nostri
4019 2273 4267 2317 omnes.
4360 2250 4645 2316 Robeaem

2707 2335 2960 2402 Orbam
3005 2334 3327 2401 admissus
3371 2344 3489 2401 est.
3513 2336 3570 2418 ⁷)
3655 2335 3843 2402 Uxor
3898 2335 4259 2416 decumbit,
4322 2337 4435 2403 cui
4496 2334 4646 2400 111310

2706 2431 2947 2487 metuo.
3036 2421 3259 2486 Velim
3313 2441 3433 2504 per
3488 2429 3554 2486 te
3607 2423 3845 2487 certior
3896 2422 4042 2487 fieri
4085 2443 4249 2488 num
4292 2423 4525 2487 Tertor
4562 2440 4645 2485 re-
4772 2412 4782 2422 ’

2709 2507 2922 2572 dierit.
3010 2507 3377 2573 Febricitat
3418 2515 3485 2571 et
3528 2507 3695 2573 tussi
3740 2506 4094 2573 admodum
4137 2506 4423 2573 molesta
4467 2507 4649 2572 afflic-

2708 2599 2908 2672 tatur,
2953 2602 3021 2658 et
3061 2614 3270 2675 paene
3309 2593 3726 2659 contabescit.
3805 2593 4133 2660 Dominus
4174 2613 4296 2660 nos
4338 2592 4649 2676 respiciat.

2708 2677 3033 2761 Ooeperat
3065 2699 3277 2761 nuper
3308 2678 3509 2760 paulo
3543 2679 3780 2744 melius
3813 2678 4073 2758 habere,
4119 2679 4235 2745 sed
4270 2700 4457 2745 nunc
4498 2675 4653 2743 111310

2709 2764 2944 2830 affecta
2986 2772 3102 2830 est.
3190 2763 3490 2830 Indictus
3544 2774 3647 2830 est
3698 2764 3924 2831 elassis
3979 2773 4246 2831 nostrae
4298 2770 4653 2832 conventus

2710 2850 2792 2915 ad
2856 2850 3230 2934 proximum
3294 2851 3607 2915 Mercurii
3687 2850 3878 2915 diem.
3989 2849 4229 2917 Saluta
4291 2851 4543 2917 amicos
4600 2854 4657 2914 et

2710 2944 3157 3087 {sgmffiysmb
3184 2944 3389 3087 ttigs45
3400 2956 3546 3002 meo
3599 2935 3879 3002 nomine.
3980 2936 4169 3003 Vale.

2800 3072 2813 3086 .
2924 3042 3115 3089 ovem
3161 3072 3176 3089 .
3394 3072 3408 3086 .

4264 2935 4656 3004 Lausannao

3941 3143 4125 3210 'I'uus
4168 3144 4247 3211 P.
4292 3142 4589 3210 Viretus.

2888 3365 3174 3430 Remitte
3216 3366 3414 3430 etiam
3457 3364 3795 3449 exemplar
3838 3365 4046 3431 histo-

2708 3454 2846 3516 riae
2889 3451 3046 3518 belli
3098 3451 3607 3516 Brunsvicensis
3666 3472 3818 3516 cum
3874 3452 4046 3535 epis-

2709 3537 2846 3603 tola
2864 3535 3106 3603 Bucari
3142 3535 3227 3602 ad
3260 3557 3367 3602 me
3394 3557 3593 3619 quam
3628 3535 3714 3601 ad
3733 3544 3801 3602 te
3834 3537 4043 3602 mitte.

2711 3622 3008 3690 Fareaus
3044 3622 3267 3689 literas
3303 3622 3555 3706 accepit
3591 3644 3630 3688 a
3654 3622 3930 3706 Paqnao
3964 3621 4045 3688 (10

2708 3709 3097 3775 liberatione
3145 3709 3384 3774 fian-is.
3474 3706 3758 3791 Scripsit
3803 3708 4048 3792 Payne-

2708 3800 2812 3861 tus
2853 3794 2937 3859 ad
2979 3816 3250 3860 uxorem
3294 3802 3361 3860 et
3397 3793 3831 3878 Maym‘fioum.
3910 3795 4044 3859 Ite-

2709 3901 2858 3946 rum
2897 3881 3045 3946 vale
3088 3879 3371 3946 salutata
3410 3901 3633 3946 uxore.

3608 4427 3760 4498 732.

3236 4579 3640 4648 VIRE'I'US
3685 4580 4122 4647 GALVINO.

2859 4752 3065 4903 tNova
3108 4752 3420 4817 occasione
3474 4751 3677 4817 oblata
3719 4752 3934 4818 eadem
3975 4751 4108 4834 fere
4150 4758 4531 4835 aryumenw
4568 4771 4657 4816 re-

2703 4857 2871 4903 sumz
2897 4889 2911 4903 .

2982 5007 3095 5071 (Ex
3131 5007 3466 5078 autographo
3501 5008 3635 5063 ood.
3673 4983 3875 5063 Gener.
3914 5008 4053 5060 111⁸.
4104 5007 4192 5061 fol.
4236 5007 4379 5074 153.)

2909 5281 2944 5334 6
3004 5279 3081 5334 N.
3117 5279 3239 5347 729,
3272 5288 3380 5338 not.
3420 5282 3502 5336 11.

3008 5349 3081 5403 Ν.
3120 5348 3238 5416 728,
3272 5356 3383 5407 not.
3416 5351 3464 5405 5.

4784 2444 4785 2453 1

4782 2458 4783 2471 1

4782 2476 4785 2491 h

4752 2550 4789 3053 ⁴
