4825 6175
208 425 312 491 2⁷3

206 612 359 680 cives
399 629 600 691 quum
656 609 934 694 privatis
987 608 1318 693 colloquiis
1362 615 1507 675 tum
1551 609 1831 692 publicis
1873 609 2127 675 concio-

205 698 379 764 nibus
420 695 720 761 hortatus
762 716 911 759 sum
957 714 1218 776 omnes,
1264 694 1475 779 quoad
1520 695 1662 765 eius
1704 695 1848 761 fieri
1890 697 2128 779 potuit,

205 792 272 849 ut
305 803 373 847 se
413 781 830 865 accingerent
872 779 956 846 ad
999 781 1281 847 ministri
1329 783 1765 859 vocationem,
1820 781 2127 864 quemad-

201 867 448 935 modum
529 866 715 932 decct
788 866 1215 933 christianum
1291 865 1638 950 populum,
1705 870 1816 950 qui
1879 867 2131 933 Christi

202 951 600 1037 evangelium
664 952 837 1017 serio
908 954 1287 1035 profitetur,
1341 960 1776 1103 caverentffiie
1831 973 1914 1017 ne
1971 952 2128 1035 quid

199 1039 589 1117 molirentur,
634 1048 749 1103 aut
783 1059 899 1121 per
933 1037 1269 1118 invidiam,
1314 1046 1431 1104 aut
1461 1058 1580 1121 per
1614 1059 1652 1103 o
1702 1039 1834 1102 ’um
1871 1046 1938 1102 et
1971 1059 2127 1105 con·

198 1125 567 1204 tentionem,
609 1132 727 1189 aut
768 1124 1149 1206 cuiusquam
1194 1145 1394 1191 suasu
1439 1123 1754 1191 adversus
1791 1123 2128 1189 Christum

195 1215 448 1293 eiusque
513 1209 854 1276 ecclesiam
920 1219 987 1275 et
1046 1210 1501 1288 ministerium,
1567 1218 1636 1274 et
1690 1231 1774 1275 ne
1824 1209 1947 1275 sibi
2009 1230 2129 1273 sua

196 1297 376 1380 culpa
410 1295 684 1361 exitium
721 1304 966 1360 temore
1000 1306 1421 1365 accerserent.
1469 1293 1679 1378 Spero
1717 1316 1849 1361 non
1886 1296 2132 1361 frustra

192 1383 384 1450 fuisse
436 1381 733 1447 monitoS.
825 1380 952 1446 His
1007 1381 1183 1448 hunc
1224 1383 1295 1446 in
1335 1378 1601 1446 modum
1658 1382 1937 1463 peractis
1979 1402 2128 1463 pro·-

192 1471 363 1535 ximo
419 1466 599 1533 Iovis
658 1466 762 1533 die
832 1467 1082 1549 petitur
1141 1488 1181 1533 a
1243 1466 1569 1550 Pranyino
1621 1487 2007 1549 responsum
2063 1476 2132 1532 et

190 1555 513 1620 sententia
569 1574 765 1635 super
818 1551 940 1618 hoc
983 1553 1274 1636 negotio,
1321 1563 1387 1616 et
1430 1573 1470 1616 a
1511 1552 1755 1618 civium
1799 1553 2130 1636 magistris

192 1649 256 1706 et
295 1662 337 1705 a
378 1640 718 1715 ministris,
764 1659 1054 1704 seorsum
1100 1648 1338 1704 tamen.
1394 1638 1776 1721 Respondet
1817 1659 1888 1703 se
1931 1638 2132 1704 advo-

188 1738 485 1794 caturum
527 1725 708 1789 viros
749 1723 1107 1807 prudentes
1146 1724 1216 1789 in
1261 1722 1622 1800 consilium,
1668 1723 1780 1807 qui
1822 1745 1970 1789 cum
2007 1725 2132 1788 mi-

189 1813 413 1879 nistris
457 1820 523 1876 et
565 1810 647 1875 iis
691 1810 799 1892 qui
844 1829 885 1874 a
927 1818 1157 1874 senatu
1201 1809 1262 1874 N
1268 1810 1632 1877 eocomensi
1677 1809 1760 1874 ad
1793 1809 1862 1874 id
1899 1809 2127 1875 delecti

187 1898 435 1964 fuerint
486 1896 825 1960 conferant
879 1893 959 1961 de
1016 1904 1154 1959 tota
1224 1895 1348 1959 hac
1422 1896 1902 1961 controversia:
1962 1894 2135 1977 quod

187 2004 317 2049 non
364 1990 589 2047 careat
625 2001 732 2047 res
772 1981 1063 2064 periculo
1119 1982 1177 2047 si
1219 1982 1527 2047 ecclesiae
1569 1981 1869 2046 minister
1911 1979 2134 2045 obtru-

187 2069 381 2135 datur
427 2067 635 2132 invito
672 2067 909 2151 populo
955 2074 1070 2131 aut
1111 2067 1341 2132 invitis
1384 2065 1723 2132 ministris.
1804 2067 1902 2131 Er
1948 2088 1985 2130 o
2029 2087 2136 2131 res

183 2154 602 2238 protrahitur
643 2155 716 2217 in
762 2153 931 2217 hanc
985 2148 1534 2217 deliberationem.
1623 2152 1857 2218 Monui
1899 2088 2136 2217 §ratres

182 2248 257 2306 nt
310 2261 472 2305 suas
527 2240 809 2304 rationes
866 2237 1185 2304 haberent
1237 2250 1513 2321 paratas.
1605 2240 1823 2319 Atque
1878 2239 2135 2303 utinam

179 2334 370 2391 tuam
417 2345 619 2408 super
658 2324 783 2390 hac
827 2344 901 2389 re
943 2324 1337 2389 sententiam
1376 2322 1698 2400 audirent,
1744 2332 1812 2387 et
1845 2325 2137 2389 rationes

179 2411 425 2495 quibus
472 2410 694 2475 hostes
737 2410 1312 2490 convincerentur,
1356 2429 1493 2474 non
1537 2408 1620 2473 ad
1663 2409 1978 2492 populum
2022 2407 2138 2476 scd

176 2495 264 2563 ad
308 2495 655 2561 ministros
710 2495 1040 2579 pertinere
1097 2497 1552 2560 ministrorum
1612 2495 2026 2574 electionem,
2073 2505 2140 2560 et

175 2603 346 2665 quae
410 2589 589 2647 esset
631 2580 913 2647 tenenda
954 2580 1080 2647 hac
1122 2581 1191 2644 in
1235 2602 1308 2646 re
1352 2582 1610 2665 regula,
1672 2603 1757 2645 ne
1813 2579 1970 2663 quid
2025 2591 2140 2645 aut

171 2667 479 2733 ministri
523 2675 637 2731 aut
677 2668 1102 2751 magistratus
1140 2677 1253 2731 aut
1290 2667 1567 2751 populus
1605 2666 1978 2751 tyrannidis
2015 2666 2138 2731 sibi

172 2754 605 2821 vindicarent
646 2753 716 2817 in
760 2751 1118 2819 ecclesiam.
1204 2753 1377 2818 Vide
1435 2752 1589 2835 quid
1639 2753 1792 2818 licet
1846 2752 1962 2817 tibi
2020 2774 2139 2836 per

170 2840 409 2905 otium.
503 2839 664 2904 Mox
720 2834 1064 2903 audiemus
1107 2846 1182 2901 ut
1226 2838 1494 2903 cesserit
1547 2839 1675 2902 ista
1728 2838 2135 2917 consultatio,

171 2932 237 2989 et
269 2946 452 2989 num
491 2926 598 2989 via
632 2923 852 3007 aliqua
893 2926 1167 2989 inventa
1208 2924 1296 2989 sit
1339 2945 1466 3006 qua
1506 2925 1800 3007 utrisque
1842 2924 2136 3003 satisfiat,

167 3010 358 3077 nullo
417 3009 732 3077 ecclesiae
774 3008 1184 3075 detrimento.

346 3098 465 3163 De
509 3094 870 3163 Marem-tio
910 3096 1132 3161 nescio
1176 3116 1262 3160 an
1305 3097 1446 3161 eius
1486 3098 1773 3162 fautores
1816 3095 1950 3160 sint
1990 3117 2137 3178 per-

165 3184 443 3250 recturi.
535 3180 912 3248 Statueram
973 3180 1058 3246 ad
1117 3201 1270 3247 eum
1327 3181 1609 3248 scribere
1657 3191 1736 3247 ut
1776 3182 1874 3245 ita
1915 3191 2141 3265 ageret

165 3290 318 3334 cum
382 3268 946 3334 Neocomensibus
1001 3287 1090 3333 ne
1146 3267 1301 3350 quid
1355 3290 1475 3332 sua
1528 3286 1726 3333 causa
1777 3268 2135 3333 tumultua-

165 3363 434 3432 rentur,
506 3356 805 3435 serioque
869 3352 1182 3419 scriberet
1232 3373 1304 3419 se
1357 3353 1524 3418 nihil
1587 3362 1843 3432 tentare
1907 3363 2138 3419 contra

162 3440 695 3506 ecclesiasticam
738 3438 1171 3522 disciplinam,
1216 3446 1285 3505 et
1325 3439 1455 3503 alia
1495 3439 1565 3504 id
1608 3460 1815 3523 genus
1858 3438 1928 3502 in
1966 3438 2136 3504 hanc

163 3526 612 3605 sententiam,
669 3546 834 3607 quae
904 3524 1120 3590 virum
1179 3525 1412 3590 decent
1465 3525 1580 3607 qui
1641 3525 1852 3609 magis
1915 3526 2138 3607 cupiat

162 3611 498 3678 ecclesiae
577 3629 776 3694 quam
853 3611 991 3676 suis
1067 3609 1424 3677 commodis
1508 3632 1650 3676 esse
1732 3610 2135 3677 consultum:

161 3698 491 3779 quamvis
553 3696 742 3763 facile
806 3698 894 3762 sit
955 3697 1351 3782 intelligere,
1417 3696 1585 3762 nihil
1649 3717 1854 3781 aeque
1926 3698 2133 3778 ipsius

157 3783 540 3849 commodis
603 3802 747 3847 esse
810 3780 1311 3847 adversaturum
1375 3804 1571 3866 quam
1637 3784 1691 3849 si
1750 3801 1871 3866 per
1937 3782 2134 3847 aliam

155 3868 506 3951 irreperet
546 3870 723 3934 viam
767 3887 966 3950 quam
1001 3889 1120 3950 per
1153 3868 1412 3933 ostium.
1456 3867 1593 3935 Sed
1628 3869 1835 3933 malui
1870 3867 2133 3933 differre

155 3953 378 4021 donec
439 3951 834 4019 intellexero
887 3973 1048 4018 num
1100 3974 1264 4036 opus
1317 3954 1408 4020 sit
1461 3956 1554 4020 sic
1606 3974 1756 4021 cum
1796 3975 1873 4018 eo
1917 3973 2129 4037 agere.

154 4039 473 4106 Proinde
517 4049 707 4105 tuum
751 4038 918 4104 mihi
961 4039 1304 4104 consilium
1347 4038 1759 4124 significabis.
1815 4039 2004 4104 Bene
2036 4038 2131 4103 fe·

154 4127 330 4191 ceris
396 4126 466 4191 si
524 4126 760 4191 tratres
813 4124 1042 4190 classis
1085 4125 1392 4191 Gaiensis
1446 4126 2014 4191 commonefeceris
2057 4134 2135 4189 ut

155 4210 284 4277 hac
322 4211 419 4277 de
459 4231 539 4275 re
574 4219 776 4295 agant
808 4230 956 4275 cum
982 4209 1352 4287 Marcurtio,
1397 4231 1676 4293 eumque
1719 4209 2132 4276 admonueris

155 4305 232 4362 ut
267 4298 482 4363 vivat
516 4317 639 4362 sua
672 4304 844 4363 sorte
880 4303 1242 4373 contentus,
1290 4318 1409 4362 nec
1452 4297 1744 4380 patiatur
1786 4317 1906 4361 sua
1938 4317 2136 4362 causa

153 4382 381 4448 scindi
432 4381 799 4449 eeclesiam.
846 4383 949 4447 'Pu
985 4392 1049 4446 te
1085 4402 1276 4465 geres
1311 4382 1435 4448 hac
1470 4383 1540 4446 in
1585 4402 1658 4446 re
1702 4391 1780 4446 ut
1820 4381 2132 4464 expedire

151 4466 511 4534 iudicaris.
601 4468 773 4532 Nam
818 4467 1181 4532 timendum
1226 4477 1328 4532 est
1369 4489 1452 4533 ne
1497 4468 1735 4533 nostris
1779 4466 2135 4549 quamlibet

151 4552 311 4619 fidis
376 4562 459 4620 et
514 4554 743 4620 amicis
797 4553 1088 4619 consiliis
1144 4553 1475 4619 hominem
1530 4553 1746 4637 potius
1800 4553 2133 4618 irritemus

27 4615 30 4664 2
151 4658 366 4724 quam
405 4660 924 4723 compescamus.
983 4636 1059 4705 Si
1094 4651 1373 4724 pergunt
1409 4639 1471 4705 N
1474 4659 1902 4717 eocomenses,
1948 4638 2136 4703 facile

27 4785 30 4824 ᾗ
150 4726 284 4791 erit
304 4725 798 4799 Bernensibus,
834 4726 909 4789 in
942 4745 1220 4807 quorum
1253 4735 1573 4808 potestate
1594 4734 1696 4790 est
1719 4722 2134 4802 Marcurtius,

155 4812 498 4877 ecclesiae
541 4811 1001 4894 tranquillitati
1047 4813 1397 4876 consulere.
1459 4810 1595 4877 Sed
1635 4810 1716 4875 de
1762 4810 1865 4875 his
1908 4809 2133 4874 hacte-

27 4937 28 4976 ;
149 4918 305 4962 nus.
407 4896 501 4963 Si
555 4895 712 4980 quid
767 4895 1111 4971 audivero,
1170 4895 1340 4979 quod
1383 4906 1497 4963 tua
1538 4907 1602 4962 te
1645 4896 1816 4963 scire
1858 4896 2133 4974 intersit,

153 4982 567 5049 admonebo.
651 4982 935 5066 Reliqua
992 4980 1203 5048 disces
1247 5003 1331 5047 ex
1377 4980 1622 5048 Fareui
1663 4981 1747 5047 ad
1793 4990 1859 5047 te
1904 4981 2128 5047 literis.

334 5069 556 5136 Mitto
588 5067 790 5135 etiam
823 5065 908 5133 ad
947 5076 1012 5133 te
1046 5068 1385 5150 exemplar
1429 5068 1855 5134 articulorum
1873 5070 1929 5147 θ)
1974 5088 2134 5150 quos

370 5275 443 5342 6)
489 5273 710 5328 Artikel
744 5272 938 5327 darauf
967 5272 1067 5326 der
1100 5272 1306 5326 Kirche
1343 5290 1408 5327 zu
1441 5271 1820 5343 Mt'impelgard
1856 5271 2132 5326 Reforma-

155 5344 276 5400 h‘on
312 5347 519 5400 neben
551 5342 662 5396 und
694 5343 876 5396 sambt
897 5341 1077 5396 Unser
1098 5341 1155 5396 in
1179 5340 1362 5396 Druck
1396 5357 1846 5412 ausgegangenen
1869 5339 2132 5395 Kirchen·

373 5428 616 5486 calva-0·
645 5443 835 5498 opera.
910 5426 1029 5482 Vol.
1066 5425 1215 5481 ΧΗ.

1850 425 2011 487 1546
2055 421 2519 491 FEBRUAR.

4053 429 4191 495 274·

2232 608 2313 674 ad
2358 631 2477 676 nos
2521 609 2703 676 misit
2748 610 3071 677 Tossanus
3125 616 3202 674 ut
3256 608 3373 675 tibi
3431 631 3683 694 quoque
3738 613 4178 681 communica-

2231 705 2480 776 rentur,
2524 717 2611 759 ex
2650 696 2886 778 quibus
2927 695 3253 777 intelliges
3297 696 3443 779 quis
3485 698 3573 761 sit
3611 698 3918 764 ecclesiae
3953 699 4178 766 Mons-

2232 780 2680 866 belgardensis
2746 790 2974 847 status.
3062 782 3259 847 Bedii
3323 783 3455 848 huc
3512 781 3865 849 admodum
3920 804 4178 852 raucus.

2233 866 2464 933 Obtuli
2516 866 2825 933 ecclesiae
2881 868 3178 950 proximo
3233 866 3556 934 dominico
3619 867 3723 935 die
3782 869 4106 936 Valerium
4124 871 4181 956 ⁷)

2230 974 2349 1036 pro
2391 953 2655 1037 publica
2696 952 3023 1019 concione.
3112 952 3248 1019 Sed
3302 954 3460 1019 dum
3508 976 3613 1019 me
3657 954 3982 1021 Dominus
4024 977 4181 1022 con-

2230 1039 2477 1104 solatur
2520 1037 2740 1104 addito
2774 1059 2859 1103 ex
2892 1038 3093 1103 animi
3137 1041 3463 1104 sententia
3504 1040 3769 1124 collega,
3816 1042 4047 1119 aufert,
4095 1063 4181 1107 nc

2232 1124 2360 1191 sim
2401 1126 2579 1190 omni
2624 1145 2708 1190 ex
2748 1136 2938 1207 parte
2980 1124 3242 1203 beatus,
3298 1126 3477 1208 pium
3536 1125 3889 1190 diaconum
3942 1129 4054 1209 qui
4099 1124 4183 1193 ad

2233 1231 2505 1293 superos
2538 1209 2829 1277 evolavit
2861 1210 3112 1274 interea
3147 1209 3300 1274 dnm
3339 1209 3549 1275 abfui:
3588 1212 3771 1276 cuius
3808 1233 3983 1277 mors
4018 1213 4182 1278 mihi

2235 1295 2586 1361 admodum
2632 1296 2865 1361 acerba
2905 1304 3024 1361 est.
3071 1295 3277 1361 Vides
3311 1317 3508 1379 quam
3542 1296 3651 1361 hic
3687 1296 3868 1364 locus
3913 1298 4000 1362 sit
4042 1298 4182 1363 dia-

2235 1384 2413 1448 conis
2469 1381 2702 1447 fatalis.
2792 1381 3156 1446 Meministi
3199 1381 3355 1464 quid
3399 1381 3481 1445 ad
3526 1404 3631 1448 me
3675 1382 3756 1448 de
3802 1382 4106 1449 Ferronio
4122 1385 4182 1469 8)

2235 1478 2303 1533 et
2346 1469 2488 1533 eius
2531 1467 2871 1533 voluntate
2928 1486 3139 1550 nuper
3196 1470 3566 1549 scripseras.
3656 1468 3851 1535 Nunc
3893 1490 3963 1534 sc
4007 1491 4184 1535 com-

2232 1552 2486 1618 modior
2528 1553 2721 1618 offert
2762 1553 3011 1619 occasio
3054 1552 3389 1618 obtinendi
3435 1551 3607 1635 quod
3651 1555 3941 1636 postulat
3981 1576 4183 1638 quam

2235 1660 2466 1722 nuper.
2556 1637 2693 1705 Sed
2748 1638 2969 1704 nescio
3012 1658 3096 1702 an
3139 1638 3233 1702 ita
3276 1639 3611 1721 expediat,
3668 1650 3737 1704 et
3779 1641 3835 1705 si
3880 1640 4187 1724 expediat

2235 1726 2454 1791 nescio
2514 1746 2601 1789 an
2663 1724 2733 1789 id
2796 1724 2984 1789 facile
3042 1745 3082 1788 a
3135 1723 3403 1807 reliquis
3468 1724 3781 1791 fratribus
3845 1726 4186 1810 impetrari

2237 1811 2443 1893 possit
2476 1820 2545 1875 et
2578 1831 2618 1874 a
2650 1806 3121 1875 Bernensibus.
3183 1808 3463 1895 Cupiam
3501 1832 3701 1895 super
3737 1812 3861 1878 hac
3896 1835 3967 1876 re
4002 1820 4186 1877 tuam

2239 1895 2400 1960 mihi
2444 1895 2839 1962 sententiam
2885 1894 3233 1979 diligenter
3267 1894 3598 1980 perscribi.
3657 1896 3845 1963 Uxor
3882 1898 4079 1965 habet
4112 1908 4189 1963 ut

2237 1980 2418 2060 solet,
2457 1979 2584 2047 nisi
2620 1981 2791 2066 quod
2825 1981 3038 2047 indies
3071 1982 3284 2066 magis
3319 1994 3513 2064 atque
3547 1983 3759 2067 magis
3794 1982 4192 2051 contabescit

2238 2077 2304 2132 et
2344 2066 2514 2150 quod
2557 2066 2774 2132 indies
2818 2065 3118 2133 redditur
3160 2066 3555 2135 imbecillior.
3614 2067 3942 2135 Dominus
3980 2068 4082 2134 illi
4122 2078 4193 2135 et

2237 2153 2425 2220 nobis
2468 2152 2771 2219 omnibus
2814 2153 2904 2218 sit
2944 2150 3284 2236 propitius.
3351 2154 3455 2218 Ea
3489 2175 3561 2218 se
3595 2155 3729 2219 tuis
3763 2166 3830 2219 et
3874 2155 4188 2222 ecclesiae

2241 2237 2543 2321 precibus
2596 2237 3026 2305 commendat.
3110 2238 3332 2304 Nostri
3379 2248 3443 2303 te
3486 2260 3714 2305 omnes
3756 2240 4079 2320 salutant,
4124 2251 4193 2306 ct

2242 2322 2742 2391 Neocomenses.
2833 2322 3071 2389 Saluta
3116 2344 3260 2389 meo
3305 2325 3568 2389 nomine
3616 2324 3953 2408 Textorem,
3997 2348 4191 2411 quem

2243 2431 2545 2493 cuperem
2565 2461 2582 2488 ,
2643 2410 2700 2474 si
2740 2408 2970 2475 liceret
3002 2430 3123 2492 per
3165 2410 3399 2489 otium,
3457 2409 3587 2476 huc
3629 2431 3834 2494 usque
3878 2411 4193 2492 revolare,

2242 2495 2501 2579 quando
2564 2505 3006 2579 opportunum
3067 2494 3409 2573 iudicarit,
3475 2496 3968 2646 exsllgiraturum
4033 2496 4192 2581 quid

2244 2581 2401 2646 novi
2445 2581 2900 2665 symptomatis
2943 2581 3133 2645 uxori
3223 2590 3324 2645 ost
3366 2581 3506 2646 eius
3598 2582 3612 2595 ’
3652 2602 3906 2647 cessum
3951 2582 4193 2650 accide-

2245 2666 2348 2745 rit,
2396 2675 2464 2731 et
2506 2674 2913 2732 tentaturum
2956 2665 3014 2732 si
3055 2666 3164 2748 qui
3258 2664 3435 2731 aliud
3480 2668 3624 2731 fieri
3665 2669 3869 2749 possit
3912 2689 4039 2752 quo
4074 2669 4193 2733 mi·-

2244 2772 2429 2818 serae
2491 2762 2586 2816 tot
2648 2750 2861 2817 modis
2928 2751 3205 2818 afflictae
3283 2761 3721 2818 succurratur.
3831 2752 3936 2818 Dc
3997 2754 4194 2821 rebus

2244 2836 2479 2905 vestris
2522 2837 2729 2903 multa
2771 2837 2970 2923 vulgo
3012 2838 3374 2915 iactantur,
3433 2837 3547 2904 sed
3606 2838 3690 2902 iis
3735 2839 3950 2904 solum
3993 2838 4192 2904 fidem

2240 2923 2517 2990 adhibeo
2561 2945 2730 3005 quae
2773 2921 2888 2987 abs
2933 2932 2999 2988 te
3043 2922 3432 2989 scribuntur.
3520 2923 3746 2990 Habes
3786 2923 3894 2989 hic
3937 2924 4187 2992 iustum

2241 3008 2570 3086 volumen,
2609 3029 2744 3075 non
2776 3008 3135 3093 epistolam.
3180 3008 3286 3073 De
3317 3018 3561 3073 eventu
3583 3029 3819 3077 causae
3847 3009 4117 3075 Tornaci
4136 3013 4190 3087 ⁹)

2239 3093 2567 3160 nihildum
2609 3094 2774 3161 certi
2815 3094 3151 3162 habemus.
3243 3092 3559 3165 Conferes
3614 3118 3761 3162 cum
3815 3096 4069 3162 Textore
4109 3096 4191 3162 de

2237 3181 2432 3246 rebus
2486 3182 2761 3260 nostris,
2819 3180 2927 3246 cui
2982 3177 3363 3247 commendo
3418 3181 3755 3264 negotium
3811 3182 3939 3280 ipsi
3993 3203 4190 3266 quam

2235 3266 2962 3332 commendatissimum.
3019 3264 3445 3350 Scripsissem
3488 3265 3571 3330 ad
3610 3287 3759 3332 eum
3806 3288 3863 3333 si
3905 3288 4023 3352 per
4069 3290 4184 3334 ne-

2234 3352 2415 3436 gotia
2458 3351 2766 3419 licuisset.
2855 3350 3089 3418 Saluta
3132 3373 3436 3431 uxorem,
3476 3361 3876 3437 symmystas
3922 3362 3991 3418 et
4030 3353 4188 3419 reli-

2239 3459 2397 3521 quos
2438 3438 2698 3504 amicos.
2764 3438 2867 3503 De
2915 3436 3216 3504 Ferronio
3257 3437 3360 3502 fac
3402 3445 3478 3501 ut
3521 3459 3674 3502 mox
3717 3438 3983 3518 scribas,
4075 3461 4188 3505 uo-

2236 3524 2416 3588 niam
2471 3544 2606 3589 non
2661 3524 3009 3589 statuimus
3066 3523 3180 3588 diu
3236 3524 3530 3589 cunctari
3588 3523 3660 3587 in
3703 3521 4004 3609 eligendo
4029 3461 4186 3590 (bia-

2239 3631 2418 3676 cono.
2508 3608 2691 3676 Vale.
2778 3609 3189 3688 Lausannae,
3235 3612 3298 3677 8.
3341 3607 3688 3674 Februarii
3740 3612 3917 3673 1546.

3386 3745 3571 3809 Tuus
3616 3745 3691 3810 P.
3728 3745 4014 3812 Viretus.

2236 4016 2443 4072 ordnun
2572 4017 2754 4071 estellt
2806 4015 2917 4070 und
2969 4015 3374 4084 fflrgenommen
3426 4015 3644 4070 werden
3696 4015 3814 4070 soll.
3886 4015 4066 4069 Urach
4103 4015 4188 4071 29.

2238 4086 2375 4141 Nov.
2413 4086 2444 4138 1
2555 4125 2569 4140 .
2604 4086 2718 4139 MS.
2755 4085 2954 4156 (Heyd,
2992 4085 3210 4152 Herzoy
3254 4081 3441 4140 Utrich
3475 4084 3577 4137 111.
3618 4084 3758 4150 152.)
3800 4083 3908 4137 His
3943 4088 4193 4140 articulis

2231 4154 2377 4220 festa
2411 4155 2480 4208 B.
2498 4155 2555 4210 V.
2590 4161 2641 4209 et
2675 4156 3046 4222 apostolorum
3079 4154 3507 4222 abroqabantur,
3540 4168 3708 4206 coena
3742 4160 3935 4221 quater
3968 4160 4187 4209 tantum

2235 4225 2531 4294 quotannis
2553 4223 2873 4278 celebranda
2898 4228 3034 4287 erat,
3067 4221 3339 4289 baptisma
3375 4223 3711 4276 obstetricum
3737 4221 4043 4288 (Jshtaufe)
4079 4239 4195 4276 non

2237 4293 2641 4359 obtrudebatur,
2701 4290 2945 4344 Tessano
2995 4297 3044 4342 et
3090 4290 3217 4344 colle
3253 4293 3304 4342 is
3350 4292 3663 4343 sententiam
3711 4296 3778 4341 de
3811 4305 3979 4343 coena
4026 4291 4191 4345 libere

2230 4361 2486 4429 profiteri
2529 4374 2833 4414 concessum
2895 4363 2999 4423 est,
3049 4373 3151 4427 syn
3227 4374 3379 4410 orum
3416 4358 3687 4412 institutio
3719 4358 4064 4423 confirmata,
4102 4359 4192 4413 do·

2231 4430 2395 4498 nique
2429 4427 2784 4496 Anqelandro
2818 4434 2866 4481 ot
2909 4426 3204 4479 Germanis
3238 4428 3511 4479 ministris
3545 4428 3885 4495 imperatum,
3921 4434 3983 4480 ut
4016 4429 4077 4481 in
4111 4429 4190 4480 ri-

2237 4501 2383 4553 tibus
2420 4501 2597 4552 sam-is
2630 4497 3075 4552 consuetudinem
3106 4495 3338 4564 qaaicae
3371 4497 3623 4549 ecclesiae
3660 4495 3876 4550 Monsb.
3913 4510 4191 4565 sequeren-

2236 4575 2343 4633 Μ’
2377 4583 2548 4701 ”⁶35²
2542 4565 2894 4690 13⁸?ssss
2909 4563 3169 4700 (affpilaf
3200 4572 3473 4699 ffia'asst'

2647 4673 2656 4684 .
3000 4672 3012 4685 .
3151 4672 3168 4699 ‚
3300 4673 3312 4685 .
3407 4672 3422 4688 .

2440 4702 2498 4839 ἓξ
2538 4704 2614 4827 ivri
2647 4700 2768 4838 ἷὲἷζ
2804 4773 2917 4826 not.
2952 4768 2988 4824 5
2999 4788 3018 4838 ,·
3052 4767 3172 4840 740,
3207 4775 3316 4824 not.
3350 4769 3400 4823 2.

3024 5047 3428 5058 ——-———-——-

3703 5413 3771 5468 18
