4825 6175
184 412 296 475 685

182 618 282 665 seo
321 597 493 681 quod
535 619 747 681 nuper
787 598 1277 664 constituimus:
1303 600 1358 682 ⁵)
1400 597 1531 664 nisi
1566 619 1685 664 vos
1718 599 1894 664 ultro
1929 606 2118 664 vocet

182 692 431 751 senatus
448 734 463 762 ,
521 694 588 749 et
645 683 910 767 quidem
961 684 1176 762 brevi,
1245 692 1322 749 ut
1374 685 1816 768 cognitionem
1878 704 2116 752 causae

181 769 476 854 urgeatis.
582 767 716 836 Sed
775 778 996 835 tamen
1049 777 1126 834 ut
1179 791 1220 835 a
1267 769 1602 835 Guilklmo
1654 772 1771 836 fiat
1827 771 2113 848 initium,

181 856 321 938 quia
361 866 429 920 et
472 855 615 921 eius
648 874 845 921 causa
886 856 1108 921 minus
1152 854 1354 920 habet
1397 855 1814 934 difficultatis,
1878 865 1948 922 et
1991 856 2118 921 erit

180 961 303 1006 non
345 939 495 1007 leve
539 941 1035 1025 praeiudicium,
1080 940 1137 1007 si
1179 941 1381 1007 fuerit
1434 942 1808 1008 restitutus:
1828 944 1886 1025 ⁶)
1942 940 2115 1025 quod

180 1028 462 1092 futurum
506 1048 702 1092 nemo
747 1034 1043 1091 nostrum
1099 1047 1233 1091 non
1287 1035 1524 1109 sperat.
1609 1025 1833 1094 Nolim
1878 1036 2116 1104 tamen,

181 1111 379 1196 quoad
423 1111 504 1178 de
540 1121 677 1178 toto
713 1114 973 1196 negotio
1007 1112 1516 1195 pronunciatum
1552 1115 1694 1191 erit,
1741 1134 1860 1179 vos
1903 1113 2117 1197 quies-

181 1219 330 1265 cere.
408 1197 584 1264 Nam
628 1199 686 1263 si
727 1200 798 1263 in
841 1199 966 1264 hoc
1001 1196 1266 1265 cardine
1310 1207 1638 1265 cessatum
1679 1199 1898 1278 filerit,
1944 1218 2119 1264 nova

181 1282 441 1350 subinde
498 1284 859 1351 certamina
913 1281 1353 1367 pullulabunt.
1455 1284 1548 1349 Et
1589 1285 1914 1350 Dominus
1968 1305 2115 1350 ves-

180 1378 339 1435 tram
402 1370 712 1436 inertiam
776 1370 1020 1452 puniet.
1119 1369 1258 1434 Vos
1321 1390 1479 1454 ergo
1542 1369 1829 1436 insistite
1893 1379 1968 1436 ut
2031 1391 2116 1435 ne

179 1462 457 1521 vestram
515 1456 1028 1521 controversiam
1099 1475 1486 1537 suspensam
1537 1455 1872 1539 relinquat
1927 1477 2116 1521 sena-

179 1548 292 1605 tus.
315 1543 370 1617 7)
457 1541 642 1607 Nihil
706 1542 778 1605 in
844 1539 1164 1606 eiusmodi
1233 1542 1486 1606 actione
1550 1541 1846 1607 odiosum
1906 1540 2113 1607 video.

180 1625 360 1707 Quod
402 1629 457 1693 si
502 1636 694 1704 esset,
739 1646 999 1710 semper
1020 1638 1241 1691 tamen
1265 1628 1548 1692 officium
1571 1627 1750 1692 inter
1769 1649 1890 1693 nos
1926 1627 2120 1693 debet

177 1712 562 1795 praevalere.
631 1712 768 1779 Sed
801 1713 948 1796 ipsa
997 1733 1251 1795 quoque
1284 1712 1558 1778 facilitas
1603 1712 1801 1779 addat
1842 1714 2113 1778 animos.

177 1797 351 1876 Vale,
396 1800 602 1865 frater
655 1808 722 1863 et
778 1798 986 1864 amice
1042 1798 1483 1881 integerrime.
1571 1797 1899 1864 Dominus
1942 1808 2009 1863 te
2053 1807 2119 1862 et

177 1883 447 1967 reliquos
499 1886 737 1949 fratres
797 1885 1035 1966 spiritu
1092 1885 1496 1950 constantiae
1554 1886 1869 1964 instruat,
1929 1884 2118 1951 sicuti

177 1968 482 2037 hactenus
525 1969 700 2046 fecit,
747 1969 932 2035 vobis
967 1968 1140 2035 adsit
1171 1969 1241 2034 in
1276 1991 1513 2036 causae
1548 1975 1713 2036 suae·
1739 1969 2118 2037 defensione

177 2055 533 2139 vestrisque
586 2056 920 2122 laboribus
977 2055 1335 2122 benedicat.
1440 2055 1655 2122 Uxori
1710 2063 1864 2122 tuae
1908 2055 2128 2139 pluri-

177 2159 339 2205 mam
380 2140 659 2208 salutem
704 2161 849 2206 meo
892 2153 962 2207 et
1018 2141 1243 2207 uxoris
1295 2161 1480 2207 meae
1525 2142 1804 2208 nomine.
1895 2141 2118 2209 Gene-

178 2246 287 2291 vae
330 2231 429 2293 23.
478 2228 732 2311 Aprilis
784 2230 964 2293 1548.

1088 2363 1373 2430 Ioannes
1420 2363 1741 2434 Calvinus
1786 2373 1957 2433 tuus.

1038 2873 1221 2945 1011.

688 3026 1162 3097 OALVINUS
1207 3026 1583 3096 VIRETO.

335 3197 608 3265 Senatus
669 3201 934 3266 consulti
1013 3198 1364 3265 Bernmis
1440 3201 1573 3265 iam
1655 3200 1770 3266 labi
1847 3203 2115 3285 iyuarus

176 3283 360 3350 amico
404 3305 594 3351 suam
635 3288 1000 3352 seutentiam
1041 3286 1289 3368 exponit
1330 3306 1448 3368 quo
1488 3286 1667 3352 modo
1682 3336 1698 3366 ‚
1753 3293 1821 3352 ut
1862 3288 2113 3353 tandem

173 3365 247 3433 lis
284 3370 645 3451 dirimatur,
681 3372 1138 3454 procedendum
1180 3373 1281 3437 sit.

177 3538 447 3602 (Proxime
463 3544 715 3612 sequitur
733 3544 1149 3613 praecedentem
1185 3543 1500 3678 igsqiiatuor
1515 3543 1919 3613 exemplaribus
1953 3544 2115 3598 modo

959 3628 1201 3667 memora
1278 3653 1290 3666 .

179 3777 431 3863 Optimo
478 3781 734 3849 Christi
775 3783 1079 3848 ministro
1121 3783 1323 3848 Petro
1344 3782 1577 3848 Vireto
1621 3784 2117 3850 Lausannensis

531 3868 841 3935 ecclesiae
884 3869 1130 3951 pastori
1175 3867 1365 3933 fratri
1409 3867 1760 3934 carissimo.

337 4003 407 4070 S.
452 4004 552 4072 Ut
592 4005 878 4071 maxime
914 4004 1238 4088 desipiant
1271 4006 1592 4090 Tigurini,
1637 4006 1895 4072 nullum
1932 4007 2116 4074 vobis

177 4088 495 4235 gavatum
541 4091 901 4190 periculum
957 4092 1300 4191 imminere
1359 4091 1658 4158 arbitror.
1687 4098 1737 4166 ¹)
1824 4093 2114 4159 Tantum

219 4174 463 4243 eflenda
509 4184 611 4242 est
654 4176 965 4243 eccleslae
1009 4176 1323 4255 cond1t10,
1384 4177 1554 4260 quod
1611 4185 1869 4244 tantum
1911 4179 2113 4246 habe·

366 4432 427 4500 5)
466 4434 618 4487 Hinc
652 4433 917 4489 coniicere
959 4434 1139 4501 possis
1183 4450 1301 4489 eum
1334 4448 1510 4502 nuper
1544 4433 1889 4490 Laasavmae
1919 4437 2113 4503 fuisse.

368 4502 429 4567 6)
480 4502 706 4556 Videtur
738 4501 987 4556 minister
1030 4504 1234 4573 alae‘quis
1263 4504 1438 4570 fuisse
1472 4519 1509 4556 a
1544 4503 1919 4559 Bonnensibus
1952 4505 2115 4562 desti·

180 4569 330 4637 tutuo,
365 4573 573 4627 nostris
607 4571 720 4625 cca.
757 4570 1045 4637 iudicibus,
1075 4579 1299 4640 praeter
1329 4573 1422 4627 ius
1448 4572 1662 4640 fasque.

238 4704 247 4715 ·
370 4639 428 4706 7)
468 4638 590 4695 Imo
622 4640 866 4709 reliquit,
912 4642 1050 4694 satis
1090 4641 1298 4696 habens
1340 4656 1430 4696 eos
1473 4642 1712 4711 cample
1753 4641 2111 4698 Rei-nendum

179 4708 541 4763 ministrorum
575 4707 923 4763 admonuisse
954 4725 1024 4763 ne
1057 4709 1196 4778 quid
1240 4711 1351 4765 sibi
1381 4712 1443 4764 ia
1475 4711 1638 4764 rebus
1668 4711 1922 4779 gerendis
1954 4728 2111 4780 prae-

180 4784 433 4832 merent
465 4794 572 4847 quo
603 4777 960 4846 magistratus
993 4779 1126 4832 iura
1156 4794 1431 4847 usurpare
1461 4779 1788 4834 υἱῶν-ωιτη.
1848 4779 2116 4836 Zebedaei

180 4845 224 4892 st
267 4843 433 4900 Vir-eti
463 4847 835 4901 controversia
865 4847 1086 4901 minime
1118 4849 1299 4915 sopita
1327 4849 1455 4914 fuit.

180 4904 334 4964 lou.
370 4913 399 4967 1
461 4914 818 4984 Bullinqerus
851 4918 1011 4969 cuias
1055 4917 1330 4970 autoritas
1379 4918 1623 4971 maxima
1654 4923 1776 4972 crat
1809 4917 2029 4973 Rem-ae
2062 4925 2113 4974 et

180 4992 212 5027 α
424 4983 787 5038 &meierum
800 5025 814 5050 ,
867 4985 987 5052 ipse
1039 4984 1255 5039 videtur
1299 4984 1485 5054 aliquo
1744 4988 2111 5053 monisse,

273 5051 396 5106 vino
428 5053 544 5107 scil.
592 5054 812 5108 minime
845 5054 1130 5121 probam.
1214 5053 1494 5108 Caeterum
1591 5055 1602 5067 '
1675 5054 1997 5111 decisionem
2031 5072 2109 5110 sc-

84 5175 93 5186 ,
180 5121 334 5173 *aune
366 5120 420 5174 d.
453 5120 538 5175 24.
573 5122 714 5191 Apr.
743 5121 950 5188 faciam
982 5122 1226 5177 nondum
1270 5123 1568 5178 resciverat
1598 5139 1766 5194 quum
1799 5124 1943 5180 hanc
1975 5127 2108 5180 scri·

183 5180 334 5266 bem.
399 5187 1378 5315 Whermmffcegnsaffl’md
1422 5192 2110 5276 venenator-astutae

183 5333 263 5373 ωε
292 5325 416 5392 1011...
448 5300 609 5398 ,tam
623 5276 986 5384 ⁰23⁸&er
1019 5276 1170 5396 ..2:23⁸
1189 5261 1612 5385 &istm
1635 5260 1942 5317 'mm'
1974 5278 2107 5318 ‘'¹⁹⁸“

1921 411 2084 475 1548
2129 409 2437 476 APRIL.

4043 417 4168 481 686

2219 604 2330 663 tur
2372 597 2527 662 fidei
2567 597 3067 681 improbissimis
3110 597 3475 665 calumniis.
3541 597 3748 680 Quasi
3792 600 3974 665 fatali
4018 622 4171 685 quo-

2220 683 2369 747 dam
2412 683 2662 766 impetu
2706 684 3006 749 feruntur
3047 683 3388 748 hominum
3423 684 3623 749 animi
3659 684 3742 750 ad
3775 685 3983 752 malas
4017 708 4170 753 cau·

2221 789 2326 835 sas
2384 767 2874 851 amplexandas.
2988 767 3331 833 Summam
3390 769 3687 835 obtinent
3732 772 4169 854 autoritatem,

2221 855 2332 938 qui
2377 853 2540 920 recti
2584 852 2785 919 studii
2832 875 3064 937 parum
3112 855 3372 930 habent,
3430 855 3653 922 iudicii
3698 859 3893 922 etiam
3939 879 4170 923 sanae-

2220 962 2344 1022 que
2386 940 2862 1023 intelligentiae
2904 939 3113 1004 multo
3156 940 3395 1005 minus.
3483 939 3618 1006 Sed
3673 943 3837 1007 nihil
3895 943 4169 1008 istorum

2220 1046 2487 1091 novum.
2598 1026 2964 1090 Dominum
3027 1026 3284 1109 precari
3347 1025 3518 1091 malo
3536 1078 3551 1104 ,
3619 1035 3692 1092 ut
3757 1049 3872 1093 vos
3932 1029 4169 1111 spiritu

2222 1111 2473 1176 consilii
2531 1132 2567 1176 e
2622 1111 2801 1176 coelo
2857 1123 3075 1195 regat,
3143 1132 3337 1193 quam
3382 1111 3725 1177 consilium
3770 1114 3951 1179 vobis
3996 1114 4168 1193 dare,

2222 1196 2397 1280 quod
2441 1197 2656 1278 potius
2699 1217 2783 1261 ex
2820 1217 2890 1262 re
2924 1198 3253 1279 praesenti
3288 1196 3678 1262 sumendum
3714 1199 3855 1263 erit.
3924 1199 4018 1266 Ut
4053 1199 4173 1265 tibi

2220 1304 2400 1347 meas
2426 1283 2830 1348 coniecturas
2865 1284 3188 1366 aperiam:
3231 1282 3355 1347 hoc
3377 1290 3478 1349 est
3501 1284 3856 1365 pessimum
3892 1284 4063 1367 quod
4088 1287 4169 1350 ti·

2221 1388 2401 1433 meo:
2449 1368 2752 1445 Senatus,
2798 1367 2905 1433 vel
2949 1375 3025 1432 ut
3067 1369 3365 1433 consulat
3407 1369 3642 1451 pudori
3686 1391 3822 1445 suo,
3870 1372 3975 1436 vel
4018 1373 4170 1454 quia

2222 1454 2370 1537 plus
2412 1454 2827 1537 improbitate
2882 1474 3002 1519 sua
3042 1453 3363 1519 valebunt
3417 1458 3815 1538 praeposteri
3875 1455 4171 1523 homines

2223 1560 2423 1622 quam
2467 1540 2617 1604 boni
2662 1540 3033 1604 constantia
3077 1549 3142 1603 et
3188 1541 3535 1624 gravitate,
3582 1543 3866 1624 reperiet
3906 1544 3978 1606 in
4021 1564 4169 1609 ves-

2223 1626 2344 1689 tris
2387 1625 2733 1690 sententiis
2779 1623 2952 1707 quod
3001 1634 3244 1708 carpat,
3292 1624 3616 1708 simulque
3660 1625 4050 1703 admonebit,
4096 1636 4171 1692 ut

2220 1711 2362 1775 sitis
2397 1712 2470 1774 in
2514 1726 2846 1794 posterum
2882 1710 3221 1776 cautiores.
3292 1711 3671 1777 zebedaeum
3705 1714 3901 1777 tacito
3933 1711 4172 1780 iudicio

2221 1798 2419 1861 etiam
2464 1796 2620 1860 mali
2665 1797 3084 1871 damnabunt,
3124 1797 3237 1862 sed
3273 1795 3463 1862 bonis
3498 1797 3698 1862 etiam
3734 1798 3988 1864 modica
4022 1819 4170 1864 ver-

2220 1881 2453 1945 borum
2498 1882 2810 1947 correctio
2855 1882 3150 1948 sufficiet.
3239 1882 3580 1947 Putabunt
3637 1884 3814 1948 enim
3902 1882 4171 1949 uiddam

2219 1988 2536 2051 magnum
2580 1988 2650 2032 se
2695 1975 3142 2050 consequutos,
3189 1970 3247 2033 si
3282 1968 3495 2034 victor
3529 1968 3642 2033 ille
3685 1990 3819 2034 non
3913 1971 3925 1984 ’
3965 1968 4170 2036 cedat.

2221 2051 2302 2117 Id
2346 2054 2400 2118 si
2437 2054 2788 2137 continget,
2833 2053 3053 2119 videte
3088 2066 3154 2117 et
3190 2053 3538 2136 expendite
3571 2052 3815 2133 sedulo,
3861 2075 3943 2120 an
3988 2056 4175 2122 vobis

2220 2140 2309 2204 sit
2352 2137 2912 2221 acquiescendum.
3001 2139 3145 2223 Ego
3161 2191 3178 2218 ,
3232 2148 3555 2222 quantum
3615 2140 3697 2204 ad
3756 2162 3863 2205 me
3917 2143 4171 2211 attinet.

2219 2224 2398 2290 ultra
2453 2225 2844 2290 insisterem.
2947 2225 3235 2290 Tametsi
3308 2225 3478 2290 nihil
3538 2225 3726 2292 vobis
3778 2227 4172 2310 praescribo,

2222 2308 2357 2375 Sed
2410 2310 2627 2374 ablata
2682 2319 2786 2375 est
2841 2317 2978 2375 tota
3032 2309 3302 2376 docendi
3356 2310 3654 2389 libertas,
3712 2312 3840 2377 nisi
3893 2313 3964 2377 in
4005 2322 4172 2377 tem-

2219 2416 2376 2479 pore
2420 2405 2556 2460 tam
2600 2396 2935 2461 moderata
2979 2394 3272 2462 doctrina
3318 2406 3666 2463 asseratur.
3757 2396 3983 2477 Quare
4025 2421 4172 2465 ves-

2218 2489 2396 2546 trum
2456 2489 2558 2546 est
2612 2482 2709 2546 ire
2762 2482 3037 2547 obviam.
3128 2482 3358 2566 Neque
3412 2502 3573 2548 vero
3638 2483 3922 2549 alienum
3982 2495 4171 2565 esset,

2220 2567 2562 2651 Tigurinis
2583 2588 2959 2634 communes
2996 2568 3280 2633 scribere
3314 2568 3539 2635 literas
3573 2569 3851 2634 fratrum
3885 2571 4172 2647 nomine,

2219 2652 2454 2736 quibus
2509 2654 2925 2738 significetis,
2986 2675 3101 2719 vos
3158 2652 3239 2719 de
3286 2653 3475 2737 Ruffi
3532 2655 3829 2740 apologia
3884 2654 4170 2722 audiisse

2218 2737 2546 2822 quiddam.
2637 2740 2768 2804 Hic
2808 2739 3169 2805 iustissima
3214 2741 3338 2804 erit
3383 2740 3837 2824 expostulatio,
3884 2741 4054 2824 quod
4097 2742 4169 2806 in

2219 2825 2501 2973 gratiam
2547 2825 2833 2890 hominis
2888 2826 3092 2909 ignoti
3113 2827 3168 2896 ²)
3221 2827 3458 2891 iratres
3518 2825 3829 2891 damnare
3871 2847 4005 2891 non
4050 2826 4169 2891 du·

2263 2911 2447 2988 itent,
2493 2911 2691 2995 longo
2736 2911 2968 2976 saltem
3012 2932 3136 2976 usu
3190 2921 3257 2976 et
3300 2910 3523 2985 solidis
3569 2911 3973 2978 documentis
4015 2933 4170 2996 pro-

2219 2994 2419 3061 batos.
2517 2995 2773 3061 Deinde
2830 2996 3081 3061 fontem
3133 2996 3353 3079 ipsum
3413 2998 3737 3080 aperiatis.
3827 2998 3932 3063 De
3975 3019 4169 3064 causa

2217 3082 2363 3167 ipsa
2409 3081 2759 3162 disserere,
2817 3093 2990 3149 esset
3032 3104 3530 3167 supervacuum.
3587 3083 3928 3150 ‘Breviter
3971 3085 4169 3149 attin·

2219 3188 2375 3254 gere
2418 3170 2798 3252 praestabit,
2845 3177 2913 3235 et
2954 3169 3320 3254 longiorem
3364 3170 3897 3254 explicationem,
3958 3172 4013 3236 si
4059 3169 4169 3234 de-

2219 3252 2526 3332 siderent,
2573 3256 2827 3320 offerre.

2390 3339 2593 3419 Vale,
2649 3341 2855 3406 frater
2912 3350 2979 3407 et
3037 3341 3243 3407 amice
3302 3342 3756 3426 integerrime,
3828 3364 3961 3406 una
4020 3362 4170 3406 cum

2220 3428 2352 3491 tuis
2396 3426 2692 3510 collegis,
2758 3448 2916 3511 quos
2976 3426 3175 3493 velim
3229 3428 3476 3493 salutes
3534 3448 3679 3492 meo
3725 3428 3987 3492 nomine
4031 3427 4174 3493 dili-

2219 3520 2471 3597 genter,
2516 3520 2583 3578 et
2625 3512 2823 3579 simul
2882 3533 3150 3578 uxorem
3214 3521 3414 3578 tuam.
3517 3511 3823 3598 Collegae
3880 3513 4009 3577 mei
4052 3533 4171 3579 vos

2217 3598 2465 3664 habent
2496 3599 2566 3662 in
2589 3598 2875 3664 Domino
2895 3598 3402 3678 commendatos,
3442 3607 3781 3683 totumque
3815 3600 4169 3684 negotium.

2218 3684 2545 3749 Dominus
2587 3684 2777 3750 Iesus
2818 3684 3005 3751 vobis
3050 3683 3239 3765 adsit,
3286 3705 3361 3750 ac
3404 3684 3578 3751 felici
3611 3694 3856 3751 eventu
3902 3685 4171 3750 demon-

2219 3779 2403 3849 stret,
2449 3790 2520 3837 se
2563 3771 2751 3836 vobis
2794 3769 3095 3837 adfuisse.

2388 3856 2474 3921 In
2518 3856 2819 3941 coniugio
2863 3855 3205 3936 Benedicti,
3262 3854 3430 3920 nihil
3485 3855 3719 3921 melius
3777 3857 3992 3921 visum
4049 3863 4167 3934 est,

2218 3962 2418 4025 quam
2464 3949 2537 4007 ut
2579 3940 2872 4008 redirent
2929 3943 3120 4007 ambo
3181 3940 3264 4006 ad
3316 3939 3511 4007 fidem
3559 3940 3800 4006 datam.
3887 3942 3996 4007 Ita
4036 3943 4169 4007 fac·

2217 4034 2362 4092 tum
2403 4036 2522 4108 est,
2567 4037 2644 4093 ut
2685 4037 2829 4093 rata
2871 4036 3091 4095 essent
3135 4026 3481 4111 sponsalia.
3553 4030 3611 4092 6.
3649 4026 3919 4093 Calend.
3955 4027 4169 4092 Maias

2225 4117 2404 4177 1548.
2430 4116 2459 4155 ⁸

2459 4112 2486 4199 )
3128 4199 3413 4264 Ioannes
3461 4197 3780 4264 Calvinus
3823 4206 3995 4263 tuus.

2420 4456 2482 4518 2)
2521 4456 2586 4510 Si
2616 4457 2743 4523 iuis,
2778 4455 2977 4510 nedum
3010 4455 3182 4510 nobis.

2420 4524 2479 4594 3)
2513 4525 2563 4579 6.
2601 4526 2732 4578 Maii
2765 4540 2955 4595 apoyr.
2989 4539 3131 4594 quae
3159 4540 3263 4592 pro
3306 4538 3456 4578 more
3488 4539 3599 4579 voc.
3641 4523 3862 4580 Galata.
3896 4524 4162 4577 ominum.

2219 4593 2966 4662 Sideveralectionepost
3009 4594 3310 4661 inspectum
3354 4599 3453 4647 aa!
3553 4592 3735 4660 aphon
3781 4591 4004 4646 dubium
4050 4605 4164 4645 esse

2206 4669 2412 4787 aegz.
2426 4671 2703 4733 sequentes
2747 4664 3005 4732 epistolae
3055 4666 3376 4731 ammenta
3540 4663 3552 4674 ⁶
3621 4676 3735 4715 noa
3776 4676 3960 4729 pauca
4002 4675 4161 4729 prae-
