4825 6175
203 454 306 517 601

1086 634 1242 705 954.

714 789 1189 858 cAnvmus
1225 764 1598 856 Vmero.

360 962 757 1031 Commendat
823 962 1100 1045 aliquem
1156 961 1576 1029 Lamum
1627 963 2133 1045 proficiscentem.

198 1049 658 1133 Praefationom
698 1069 742 1115 a
784 1048 1034 1115 Bucero
1074 1049 1404 1131 apetiam
1448 1050 1723 1131 scripsit.

196 1222 300 1287 (Ex
333 1220 669 1291 autographo
705 1218 836 1274 Ood.
873 1219 1077 1274 Genev.
1115 1217 1232 1282 106,
1266 1219 1358 1273 fol.
1393 1218 1513 1273 200.
1596 1220 1648 1273 A
1822 1218 1932 1288 pha
1965 1220 2137 1273 suetis

195 1291 321 1344 locis
365 1298 584 1344 exstant
628 1287 913 1343 lenvillaei
962 1288 1093 1345 Ocd.
1141 1287 1312 1356 111⁸,
1341 1287 1450 1342 ’ἰοὶ
1488 1285 1556 1339 14
1589 1235 1973 1353 v.,p?lq¹r:retini
2007 1287 2136 1342 Cod.

195 1358 304 1425 111,
337 1360 426 1413 fol.
467 1357 583 1425 178,
618 1357 895 1411 Beruense
941 1357 1084 1426 Epp.
1121 1355 1247 1410 vn.
1283 1372 1337 1426 p.
1372 1354 1479 1409 850
1523 1363 1580 1409 et
1616 1356 1831 1411 Simleri
1867 1357 1987 1410 Vol.
2024 1355 2139 1427 65.)

191 1527 396 1594 Fideli
439 1529 691 1596 Christi
734 1550 926 1595 servo
968 1529 1169 1595 Petro
1212 1527 1445 1593 Vireto
1487 1529 1990 1594 Lausannensis
2031 1550 2136 1595 ec-

294 1615 530 1682 clesiae
572 1616 819 1700 pastori
863 1617 1052 1681 fratri
1098 1627 1165 1680 et
1207 1625 1615 1699 symmystae
1656 1614 2013 1681 carissime.

352 1750 423 1818 S.
516 1751 842 1835 Quisnam
896 1752 1007 1819 hic
1062 1753 1180 1832 sit,
1238 1751 1413 1818 malo
1465 1772 1548 1816 ex
1594 1750 1740 1836 ipso
1780 1751 2132 1838 intelligas.

187 1834 308 1902 Ubi
346 1838 756 1905 intellexeris
775 1890 789 1916 ,
847 1839 979 1904 scio
1035 1839 1195 1904 satis
1236 1837 1359 1902 tibi
1400 1838 1538 1903 fore
1581 1837 2131 1917 commendatum,

188 1941 381 2006 quum
424 1944 548 1991 suo
589 1932 734 1990 tum
775 1925 1001 1990 fratris
1044 1925 1328 1990 nomine.
1394 1925 1647 1989 Verum
1692 1944 1779 1989 ne
1819 1921 1888 1987 id
1931 1923 2137 2009 negli-

187 2010 438 2092 gentiae
481 2011 840 2093 imputaret
883 2011 940 2076 si
983 2010 1153 2074 nihil
1215 2009 1590 2087 scriberem,
1659 2008 1840 2074 nolui
1885 2010 2132 2093 absque

184 2094 343 2161 meis
385 2094 597 2161 literis
643 2095 992 2161 dimittere.
1058 2096 1234 2161 Eum
1279 2096 1349 2160 in
1395 2093 1799 2178 reperiendis
1843 2116 2129 2161 commo·

185 2177 282 2246 dis
319 2181 590 2248 aedibus
630 2181 889 2248 iuvabis
929 2189 1046 2247 tuo
1090 2180 1373 2247 consilio.
1443 2181 1533 2246 Et
1578 2180 1889 2263 quoniam
1934 2183 2132 2244 οἶκον-

184 2263 283 2350 ρός
323 2276 442 2347 est,
490 2267 673 2333 dabis
715 2288 979 2352 operam
1024 2277 1100 2331 ut
1139 2265 1455 2351 paulatim
1499 2286 1571 2332 se
1613 2265 1699 2333 ad
1741 2287 1988 2333 novum
2028 2269 2130 2333 vi-

182 2351 373 2418 vendi
459 2374 628 2419 enus
669 2353 1077 2420 assuefaciat.
1163 2352 1655 2419 Praefationem
1699 2372 1896 2436 quam
1940 2374 1981 2418 a
2023 2372 2131 2418 me

182 2439 363 2520 petiit
473 2460 696 2507 aceras
738 2439 949 2506 habeo
1004 2447 1319 2523 paratam.
1346 2439 1396 2523 ¹)
1479 2438 1779 2504 Nuncius
1822 2440 1936 2523 qui
1979 2460 2129 2523 per-

184 2523 344 2589 ferat
384 2545 520 2591 non
566 2526 922 2591 invenitur.
1010 2525 1214 2590 Brevi
1271 2524 1600 2610 longiores
1656 2545 1696 2591 a
1752 2546 1859 2590 me
1901 2524 2130 2590 literas

183 2620 514 2695 exspecta,
568 2620 638 2676 et
686 2612 771 2676 D.
824 2609 1085 2677 Saleero
1140 2629 1381 2676 excusa
1436 2610 1608 2694 quod
1679 2609 1776 2674 illi
1836 2609 2128 2676 nondum

181 2694 635 2779 respondeam,
693 2717 975 2781 eumque
1018 2695 1394 2781 diligenter,
1452 2705 1523 2763 et
1564 2695 1848 2779 reliquos
1889 2696 2129 2763 fratres

182 2781 391 2848 saluta
433 2804 583 2848 meo
626 2784 914 2848 nomine.
1000 2783 1328 2848 Dominus
1382 2781 1505 2847 tibi
1562 2782 1736 2848 adsit
1788 2792 2125 2866 perpetuo.

183 2864 494 2935 Genevae
538 2872 638 2934 21.
686 2867 912 2935 Octob.
967 2873 1150 2936 1547.

1103 3004 1387 3071 Ioannes
1428 3004 1749 3073 Calvinus
1794 3014 1965 3072 tuus.

1072 3501 1229 3574 955.

688 3656 1112 3758 spossus
1158 3656 1612 3725 MYcoNIO.

347 3830 621 3897 Gratias
677 3831 738 3897 ei
785 3831 921 3914 wit
975 3829 1053 3895 de
1093 3830 1494 3913 praefatione
1537 3828 1796 3920 ραῐυύηό
1838 3833 1926 3900 ad
1966 3832 2132 3901 Acta

173 3913 468 4000 colloquii
661 3916 673 3930 '
946 3916 961 3930 “
995 3966 1013 3996 ,
1055 3936 1270 3981 verum
1310 3916 1569 3983 consilio
1602 3922 1837 3984 mutato
1881 3919 2017 3985 iam
2056 3940 2131 3986 ea

175 4018 328 4083 opus
368 4021 504 4068 non
542 4000 735 4067 habet.
1707 4003 1715 4010 ’

176 4170 284 4236 (Ex
319 4172 661 4243 autographo
700 4173 923 4227 Archiv.
959 4173 1140 4227 Turio.
1188 4173 1333 4228 Plnt.
1373 4172 1470 4228 VI.
1519 4173 1646 4230 Vol.
1688 4171 1788 4227 170
1820 4176 1952 4229 olim
1987 4175 2131 4246 Epp.

595 4243 661 4295 B.
698 4240 784 4310 44,
820 4259 873 4312 p.
912 4239 1033 4295 922.
1074 4272 1140 4281 -—
1175 4242 1388 4298 Simler.
1423 4242 1551 4296 Vol.
1587 4241 1705 4309 65.)

747 4430 1014 4515 Optimo
1055 4432 1369 4519 Myconio
1411 4449 1546 4498 suo,

344 4566 417 4636 S.
470 4568 554 4634 D.
624 4569 853 4634 Bonus
897 4567 1009 4634 ille
1051 4590 1245 4652 quem
1288 4570 1454 4635 mihi
1499 4565 1994 4649 commendasti,
2042 4591 2127 4635 ne

176 4650 436 4720 dubites
450 4706 467 4734 ,
528 4656 654 4719 erit
704 4653 870 4719 mihi
925 4654 1626 4735 commendatissimas,
1673 4663 1741 4720 et
1782 4665 1902 4722 est.
1992 4653 2129 4723 Sed

176 4759 377 4822 quum
423 4760 556 4805 non
601 4741 808 4824 possit
848 4738 1022 4804 illico
1066 4740 1294 4807 haberi
1339 4741 1600 4825 qualem
1647 4752 1714 4806 et
1756 4742 1882 4825 ipsi
1926 4742 2127 4809 velle-

213 4916 236 4921 —
243 4916 374 4924 ,ωι-

212 5032 356 5114 9543.
393 5034 450 5099 1)
492 5029 908 5099 Praefiyendam
963 5029 1197 5083 editioni
1243 5028 1508 5086 Actorum
1561 5031 1818 5114 colloquii
1872 5031 2127 5113 Ratfsbo·

177 5116 363 5222 ’5⁰”⁸.²⁸
371 5121 484 5225 θοι.
518 5116 627 5221 ιιῖ.
670 5100 838 5222 ew.
864 5097 957 5219 ξε).
1034 5096 2127 5250 ιρὲαωυὲνῗῇὲιεοΐῗιῗηωεὲεᾙῗεωόἔ

169 5253 229 5305 p.
336 5239 384 5292 1.
467 5237 591 5292 lant
637 5252 787 5291 anno
833 5234 972 5289 1546
1007 5235 1256 5291 Bacenoe
1300 5243 1562 5306 emptam
1595 5253 1964 5308 amanteum
2001 5253 2136 5292 exa-

175 5315 401 5363 raverat
416 5332 431 5360 .·
467 5308 571 5361 Ein
593 5305 944 5359 wahrhaffier
965 5305 1188 5358 Bericht
1205 5321 1329 5360 vom
1348 5305 1633 5375 Oolloquio
1668 5325 1733 5360 zu
1752 5307 2125 5377 Regensbnrg,

177 5380 307 5431 teste
342 5376 636 5432 Hor-aeder
665 5392 719 5445 p.
756 5373 877 5428 392.
953 5372 1035 5442 Of.
1071 5376 1234 5429 etiam
1275 5374 1437 5430 Slen’d.
1473 5377 1544 5430 IL
1580 5374 1701 5429 421.

1923 454 2086 514 1547
2119 442 2463 518 'OOTOR
2546 406 2549 411 ¹

4066 464 4194 529 602

2237 652 2386 739 mus
2430 639 2640 739 locum
2658 694 2675 721 ,
2732 644 3152 726 praestiterat
3193 665 3470 712 uxorem
3517 648 3691 732 apud
3736 671 3887 718 suos
3928 651 4195 718 interim

2238 724 2626 808 relnqmsset.
2715 728 2825 793 Ita
2866 731 2935 793 in
2981 727 3170 796 domo
3223 753 3373 797 mea
3428 754 3583 798 eum
3627 737 3911 802 retinere
3951 739 4196 821 potuis·

2240 830 2380 875 sem
2426 831 2593 895 quae
2636 812 2873 898 alioqui
2930 824 3031 880 est
3086 837 3399 900 perquam
3455 820 3710 887 referta.
3741 822 3787 902 ¹)
3875 822 4194 909 Permag-

2238 917 2361 961 nas
2405 897 2528 962 tibi
2571 900 2821 982 gratias
2866 921 2991 985 ago
3036 900 3116 967 de
3158 903 3578 986 praefatione.
3598 908 3656 984 ²)
3742 906 3994 973 Verum
4041 929 4195 975 eon-

2240 981 2462 1048 silium
2504 983 2668 1048 illud
2712 1008 2913 1069 quum
2968 1007 3301 1071 nunquam
3348 1000 3563 1074 posset
3606 992 3800 1075 plene
3845 995 4196 1077 approbari

2241 1070 2677 1135 conscientiae
2720 1093 2921 1150 meae,
2940 1076 2997 1144 ⁸)
3055 1075 3275 1139 statim
3336 1083 3411 1139 ut
3453 1079 3841 1161 scripseram
3886 1079 4005 1144 tibi
4047 1100 4193 1145 mu-

2240 1155 2397 1219 tavi.
2491 1158 2694 1221 Amat
2736 1155 3034 1224 Christus
3093 1158 3575 1244 simplicit-atem
3594 1215 3609 1240 ,
3667 1173 3737 1228 et
3783 1164 4007 1230 fucum
4050 1166 4195 1230 fieri

2240 1239 2599 1306 adversarii
2646 1242 3057 1310 clamassent.
3145 1245 3429 1312 Volente
3492 1249 3711 1332 itaque
3755 1248 4046 1318 Domino
4098 1249 4194 1317 of·
4311 1327 4319 1334 ‚

2239 1324 2449 1391 feram
2492 1328 2633 1411 ipse
2677 1349 2822 1394 meo
2867 1331 3132 1396 nomine
3173 1330 3583 1415 Imperatori,
3629 1334 3805 1420 Regi
3837 1349 3907 1400 et
3947 1333 4193 1403 ordini·

2240 1410 2362 1477 bus
2403 1433 2570 1495 quae
2613 1413 2941 1481 Dominus
2984 1413 3180 1484 dedit.
3268 1418 3402 1485 Hic
3455 1419 3680 1485 videat
3735 1420 3888 1504 quid
3949 1421 4030 1486 de
4085 1442 4194 1489 me

2239 1507 2309 1562 et
2350 1517 2547 1581 opere
2588 1499 2732 1582 ipso
2776 1503 2918 1566 fieri
2964 1501 3139 1567 velit.
3209 1501 3345 1568 Sed
3396 1525 3758 1591 permagno
3803 1516 3879 1572 tu
3927 1527 4034 1572 me
4071 1508 4194 1577 tibi

2238 1582 2453 1650 officio
2497 1583 2853 1653 devinxisti
2906 1586 3074 1670 quod
3119 1587 3381 1654 voluisti
3434 1589 3736 1658 editionis
3778 1593 3967 1660 istius
4009 1594 4081 1657 in
4125 1601 4195 1658 te

2238 1667 2561 1735 invidiam
2628 1671 2933 1756 recipere.
3038 1672 3226 1754 Quae
3292 1695 3376 1740 ex
3436 1677 3740 1761 Augusta
3798 1686 3863 1743 et
3926 1677 4194 1743 aliunde

2236 1752 2556 1821 habemus
2613 1756 2794 1842 leges
2849 1760 2919 1823 in
2964 1758 3173 1824 literis
3227 1758 3311 1825 ad
3356 1760 3686 1829 Fan-ellam
3729 1772 3795 1829 et
3843 1762 4193 1831 Calvinum

2235 1839 2529 1907 Uxorem
2595 1851 2663 1907 et
2725 1844 2963 1909 fratres
3034 1866 3181 1910 meo
3244 1858 3312 1910 et
3374 1869 3561 1914 meae
3627 1850 3893 1915 nomine
3958 1849 4189 1915 saluta.

2238 1924 2507 2010 Optime
2549 1927 2716 1994 vale.
2809 1933 2909 1994 22.
2958 1928 3261 1997 Octobris
3309 1938 3486 1999 1547.

3685 2073 3759 2137 Τ.
3807 2074 3882 2137 Τ.

3748 2158 3822 2223 Τ.

3006 2446 3418 2459 ——n————

3137 2668 3293 2738 956.

2670 2802 2680 2823 ⁸
2724 2818 3201 2889 GALVINUS
3244 2809 3699 2888 MYOONIO.

2413 2989 2884 3074 Praefationem
2920 2991 3230 3059 aBaeero
3260 2992 3645 3076 postulatam
3682 2994 3938 3076 scripsit
3978 2996 4192 3061 statim

2225 3076 2981 3230 Wksszg&
3026 3100 3244 3145 veram
3298 3077 3612 3160 deficiente
3655 3081 3973 3148 occasione
4011 3081 4194 3149 hodie

2237 3304 2512 3408 (Autogrs
2549 3333 2659 3388 bon
2694 3351 2805 3389 non
2840 3343 3040 3392 exstat.
3095 3337 3362 3391 Minutam
3399 3353 3559 3406 quam
3580 3345 3779 3390 vocant
3812 3340 4038 3408 praebet
4055 3338 4188 3393 Ood.

2237 3402 2443 3457 Gener.
2484 3403 2512 3454 1
2598 3413 2652 3468 ⁸,
2687 3404 2778 3458 fol.
2802 3403 2924 3458 301.
2997 3409 3044 3459 A
3123 3424 3221 3476 gra
3259 3406 3332 3459 ha
3364 3407 3670 3460 recentiora
3704 3407 3947 3477 reperies
3982 3407 4189 3468 incod.

2238 3469 2357 3539 108,
2394 3472 2486 3524 fol.
2525 3470 2642 3538 161,
2681 3473 2891 3526 Bernee
2938 3474 2996 3527 in
3031 3422 3182 3597 §ool
3211 3424 3351 3609 {2¹⁹}
3388 3491 3441 3545 p.
3477 3473 3582 3527 518
3630 3479 3685 3528 et
3721 3475 3864 3545 apud
3900 3476 4190 3530 Simlerum

2236 3711 2502 3776 Eximio
2547 3712 2932 3802 eruditionis
2976 3721 3045 3778 et
3086 3713 3351 3797 pietatis
3398 3714 3538 3779 viro
3580 3713 3666 3778 D.
3714 3713 4008 3782 Osvaldo
4043 3717 4194 3802 My-

2235 3797 2424 3863 conio
2477 3799 2723 3881 pastori
2777 3799 3087 3865 ecclesiae
3130 3799 3528 3866 Basileensis
3581 3799 3967 3867 fidelissimo
4010 3822 4191 3887 sym—

2716 3893 2971 3969 mystae
3016 3883 3370 3969 plurimum
3415 3884 3700 3982 colendo.

2409 4018 2480 4086 S.
2527 4021 2789 4086 Literas
2830 4031 2980 4087 tuas
3023 4021 3403 4087 duodecimo
3437 4031 3782 4105 postquam
3825 4022 4015 4088 datae
4049 4022 4191 4092 fue-

2235 4116 2391 4172 rant
2433 4104 2538 4205 die
2580 4107 2891 4256 recepistg
2979 4107 3129 4172 aulo
3170 4121 3325 4172 ante
3367 4106 3741 4208 prandium.
3808 4111 3870 4174 A
3915 4106 4190 4178 meridie

2234 4190 2531 4256 laboravi
2572 4202 2803 4276 capms
2891 4213 2930 4256 o
2955 4213 3085 4259 ore.
3173 4191 3503 4257 Postridie
3546 4214 3853 4260 concione
3893 4215 4039 4259 mea
4081 4191 4191 4258 de-

2203 4331 2217 4348 .
2233 4278 2518 4357 functus,
2563 4285 2641 4341 ut
2684 4278 2800 4342 tibi
2844 4287 2911 4341 et
2953 4277 3199 4344 Baeero
3241 4277 3653 4361 obsequerer,
3712 4279 4036 4345 calamum
4080 4297 4191 4343 ar-

2234 4363 2427 4447 ripui.
2493 4361 2836 4442 Quantum
2872 4362 3194 4429 coniicere
3234 4363 3424 4429 licuit
3458 4383 3544 4429 ex
3587 4367 3718 4430 tuis
3759 4364 3999 4443 verbis,
4043 4363 4190 4428 lon-

2235 4450 2485 4533 giorem
2529 4450 2999 4531 praefationem
3041 4447 3325 4516 volebas.
3429 4447 3566 4515 Sed
3620 4470 3742 4534 ego
3795 4449 3951 4515 data
3987 4468 4188 4533 opera

2233 4555 2343 4600 me
2396 4533 2692 4600 cohibui:
2752 4537 3041 4618 primum
3096 4534 3277 4618 quia,
3339 4534 3395 4599 si
3452 4534 3534 4600 de
3578 4536 3889 4618 temporis
3934 4537 4189 4600 ratione

2268 4757 2405 4812 055.
2443 4756 2500 4825 1)
2531 4771 2638 4825 pro
2669 4770 2819 4810 more
2838 4761 2912 4837 ‚et
2950 4761 3173 4825 propter
3213 4754 3539 4838 laudabilem}
3585 4753 3914 4823 φιλοξενίαν.
4002 4754 4072 4808 ln
4114 4754 4189 4808 iis

2231 4841 2374 4896 Μ’
2403 4820 2935 4961 samem.
2856 4840 3088 4975 ..z-’m
3108 4839 3753 4960 mmmm.
3860 4961 3871 4973 ,
4000 4962 4009 4973 ,
4058 4963 4066 4973 ,

2439 4961 2500 5030 3)
2545 4962 2723 5031 Quum
2761 4960 3102 5017 Rambonae
3135 4964 3481 5032 promisisset
3525 4962 3593 5016 de
3638 4959 3901 5030 collegato
3944 4960 4087 5014 unhul
4128 4976 4189 5013 se

2227 5032 2580 5101 proditurum
2597 5074 2611 5100 ,
2659 5030 2728 5084 de
2768 5031 2908 5084 aetio
2953 5031 3067 5085 alio
3112 5032 3271 5086 modo
3317 5030 3543 5085 edendis
3585 5030 3920 5097 capitonem
3959 5029 4188 5099 ideoque

2233 5100 2301 5155 de
2332 5102 2679 5168 praefatione
2708 5099 3061 5168 praefigenda
3106 5101 3211 5154 tali
3250 5113 3391 5170 qaas
3423 5099 3712 5154 lectoribus
3742 5098 3929 5164 fucum
3959 5098 4183 5164 faceret.

2266 5169 2409 5225 966.
2446 5169 2506 5236 1)
2543 5167 2733 5222 Datae
2785 5163 3014 5233 fuerant
3065 5166 3114 5221 2.
3170 5168 3302 5235 Oet„
3362 5171 3563 5236 recepit
3612 5183 3741 5234 erqo
3876 5166 3973 5221 ‘die
4025 5165 4182 5221 Idus.

2244 5237 2440 5293 Veram
2496 5237 2589 5292 hie
2633 5243 2917 5306 computus
2961 5237 3239 5307 quadrare
3283 5251 3395 5290 non
3439 5238 3669 5292 videtur.
3818 5237 3881 5289 's
3917 5237 4059 5290 enim
4094 5235 4178 5287 14.

2239 5304 2353 5362 Oet.
2402 5312 2523 5361 erat
2582 5306 2833 5360 Veneris·-
2870 5307 3127 5374 prcoeima
3172 5307 3525 5360 concionatus
3570 5311 3674 5369 est,
3719 5306 3753 5358 i.
3803 5321 3845 5358 e.
3890 5304 4184 5371 dominica,

2236 5375 2434 5429 Lunae
2467 5375 2713 5443 absolvit,
2746 5377 2912 5429 unius
2946 5374 3061 5429 diei
3092 5374 3342 5429 laborem.
