4825 6175
204 449 311 514 245

201 636 357 704 bitet.
443 634 581 701 Ibit
619 634 828 722 igitur
879 660 1025 707 cras
1082 646 1157 705 ut
1210 661 1421 725 spero.
1511 642 1739 709 'fertio
1781 666 1989 712 nonas
2031 648 2132 713 Ia·

197 719 444 788 naariae
493 728 521 786 l
534 725 677 789 546.
699 725 756 801 ὅ)

1097 812 1381 878 Ioannes
1425 813 1748 882 Calvinus
1793 824 1965 884 tuus.

964 1107 1371 1116 Ἤ

1072 1323 1225 1397 748.

702 1478 1176 1548 OALVINUS
1222 1481 1594 1551 VIRETO.

347 1645 747 1715 Commendat
806 1652 865 1716 ei
935 1651 1196 1719 Gallum
1259 1656 1571 1737 attendam
1631 1657 1782 1724 olim
1840 1658 2128 1729 Parisiis

180 1732 299 1799 sibi
335 1739 570 1816 nomm,
614 1735 720 1800 oui
751 1735 1007 1804 Berme
1048 1740 1295 1805 aditum
1337 1742 1424 1807 ad
1463 1747 1749 1809 senatum
1779 1747 2128 1828 patefaciat

181 1839 361 1901 opera
401 1840 526 1886 sua
567 1821 746 1902 apud
786 1823 1020 1890 amicos
1059 1826 1443 1908 interposita.

194 1994 302 2064 (Ex
335 2002 566 2065 »ntegra
604 1996 676 2050 ho
712 1995 843 2049 cod.
879 1996 1082 2051 θεων.
1121 1995 1239 2061 106,
1274 1999 1367 2052 fol.
1404 1964 1528 2063 152,¹
1558 2002 1678 2055 0011.
1716 2017 1762 2055 ο.
1798 2020 1831 2057 a
1903 2019 2002 2073 gra
2038 2004 2124 2059 his

179 2065 457 2121 lenvillaei
492 2012 620 2119 eo}
643 2062 801 2147 0111ae
850 2065 943 2119 fol.
981 2064 1048 2120 10
1081 2082 1151 2131 v.‚
1188 2066 1465 2150 Turretini
1498 2070 1626 2124 cod.
1667 2069 1784 2137 111,
1820 2018 1912 2125 gl.
1943 2021 2125 2142 1313'v„

385 2137 658 2190 Bernenm
691 2136 834 2205 Epp.
874 2134 1003 2188 VII.
1038 2151 1092 2204 p.
1130 2133 1248 2203 742,
1285 2143 1343 2189 et
1377 2135 1591 2192 Simlen
1627 2139 1754 2193 Vol.
1790 2138 1900 2205 59.)

172 2307 381 2373 Fideli
430 2306 687 2374 Christi
729 2327 920 2372 servo
963 2307 1165 2372 Petro
1204 2307 1438 2374 Vireto
1482 2309 1974 2379 Lausannensis
2017 2334 2123 2381 ec-

281 2393 527 2462 clesiae
562 2392 816 2476 pastori
857 2392 1047 2457 fratri
1091 2401 1159 2458 et
1200 2401 1608 2479 symmystae
1648 2397 2001 2464 carissimo.

332 2529 407 2598 S.
487 2530 622 2596 Hic
677 2531 888 2597 bonus
956 2530 1060 2596 vir
1083 2529 1133 2616 ¹)
1192 2530 1358 2595 mihi
1413 2538 1612 2597 notus
1667 2532 1795 2597 fuit
1841 2534 2123 2604 Parisiis

169 2624 313 2683 ante
357 2637 572 2683 annos
626 2615 869 2684 decem.
968 2617 1114 2682 Iam
1174 2626 1333 2681 tunc
1383 2624 1450 2681 et
1501 2617 1822 2684 bonarum
1877 2622 2122 2687 artium

167 2710 226 2767 et
267 2704 536 2787 pietatis
580 2703 796 2769 studio
832 2703 1022 2769 bonis
1057 2711 1125 2767 et
1168 2701 1376 2768 doctis
1417 2703 1732 2785 probatus
1775 2716 1932 2772 erat.
2012 2709 2122 2774 Ex

168 2808 238 2853 eo
270 2797 574 2873 tempore
609 2787 960 2856 cardinalis
990 2787 1492 2854 Gastillioneneis
1526 2809 1676 2854 eum
1719 2793 2122 2874 praefectum

165 2873 506 2942 Bellovaci
546 2875 980 2941 constituerat
993 2926 1010 2954 ,
1069 2894 1264 2958 quem
1315 2875 1452 2940 illic
1490 2873 1805 2942 ballivum
1861 2890 2117 2946 vocant.

165 2959 352 3026 Nunc
393 2961 775 3044 posthabito
817 2962 1064 3025 mundo
1110 2961 1241 3028 huc
1291 2963 1631 3039 concessit,
1674 2969 1752 3027 ut
1793 2984 1864 3029 se
1907 2975 2120 3031 totum

164 3043 432 3114 Christo
502 3046 778 3114 addicat.
869 3047 1190 3113 Doctrina
1244 3054 1347 3113 est
1400 3047 1765 3115 instructus
1818 3071 1946 3134 qua
1987 3073 2120 3118 non

162 3132 533 3216 vulgariter
573 3154 957 3217 promovere
999 3133 1252 3200 Christi
1295 3155 1574 3218 regnum
1618 3136 1875 3217 poterit.
1948 3138 2117 3204 Ani-

160 3236 340 3282 mum
384 3241 477 3284 ex
530 3220 721 3286 factis
777 3220 1126 3285 aestimare
1180 3217 1350 3285 licet.
1453 3219 1592 3285 Cur
1645 3229 1863 3287 autem
1914 3224 1998 3288 ad
2052 3233 2119 3289 te

159 3304 618 3385 proficiscatur
685 3306 849 3371 haec
905 3307 1076 3371 ratio
1139 3312 1259 3372 est.
1367 3306 1856 3372 Patrimonium
1920 3308 2119 3375 habet

160 3391 315 3456 satis
359 3392 725 3475 copiosum,
768 3400 835 3456 et
877 3413 1060 3474 spem
1115 3399 1455 3457 maternae
1513 3391 1936 3460 haereditatis
1978 3415 2118 3461 am·

18 3461 25 3464 ’
156 3474 458 3556 pliorem.
558 3477 662 3542 Ne
723 3478 1158 3559 impediretur
1218 3477 1559 3561 profectio,
1623 3479 1862 3544 maluit
1921 3484 2120 3548 rebus

159 3562 289 3627 suis
330 3563 790 3645 incompositis
847 3562 930 3628 ad
984 3584 1105 3628 nos
1156 3565 1462 3648 migrare.
1553 3562 1689 3631 Sed
1731 3588 1817 3631 ne
1861 3569 2118 3651 exposi-

158 3653 299 3711 tum
341 3647 638 3730 praedae
680 3649 1012 3731 relinquat
1056 3649 1367 3733 quidquid
1412 3650 1642 3730 habet,
1702 3653 1997 3717 consului
2042 3662 2118 3719 ut

159 3740 624 3799 anteverteret.
707 3734 861 3802 Una
904 3743 1005 3800 cst
1062 3735 1553 3819 expeditissima
1593 3737 1761 3802 ratio
1807 3746 1879 3803 ut
1921 3737 2114 3806 fidem

158 3825 421 3886 senatus
470 3819 831 3886 Bernensis
873 3820 1199 3903 imploret,
1245 3842 1411 3904 quae
1451 3822 1567 3900 illi,
1610 3843 1761 3888 mea
1788 3824 2114 3907 opinione,

158 3900 341 3968 facile
385 3905 662 3988 patebit,
708 3907 1018 3988 quoniam
1074 3906 1257 3972 nullo
1313 3908 1579 3990 negotio
1620 3908 1949 3991 nullisque
1991 3911 2115 3975 im-

157 3991 373 4070 pensis
443 3992 790 4058 constabit.
888 3993 1198 4074 Exponet
1261 3991 1588 4058 adventus
1654 3994 1755 4059 sui
1821 4015 2112 4062 causam:

158 4093 420 4156 operam
491 4096 679 4142 suam
745 4078 828 4143 ad
890 4077 1202 4144 ecclesiae
1267 4077 1781 4144 aedificationem
1850 4081 2111 4148 offeret:

157 4169 327 4240 petet
384 4171 469 4227 ut
520 4163 649 4228 sibi
699 4164 913 4228 velint
967 4185 1109 4230 esse
1162 4164 1554 4229 adiumento.
1643 4162 1782 4230 Sed
1837 4168 2010 4249 quia,
2055 4168 2113 4234 si

158 4243 396 4330 absque
443 4248 1010 4315 commendatione
1053 4251 1294 4327 veniat,
1341 4251 1453 4316 vix
1494 4249 1592 4314 illi
1627 4248 1799 4330 ,fides
1845 4252 2110 4319 habebi-

157 4338 287 4411 tur,
353 4334 608 4400 scribes
665 4334 748 4399 ad
807 4337 1051 4402 amicos
1111 4346 1188 4401 ut
1241 4357 1513 4401 manum
1577 4336 1677 4401 illi
1743 4340 2105 4423 porrigant.

155 4413 294 4482 Hoc
335 4421 608 4503 negotio
649 4423 941 4487 confecto
983 4431 1255 4504 paratus
1298 4422 1428 4486 erit
1468 4421 1550 4486 ad
1586 4424 1823 4502 omnia,
1869 4434 1937 4489 et
1980 4426 2111 4491 erit

21 4541 22 4598 ᾗ
155 4508 289 4568 tum
331 4507 560 4570 animo
613 4513 757 4570 tum
811 4508 1121 4573 facultate
1172 4506 1464 4574 idoneus.
1569 4509 1706 4574 Fac
1762 4509 1970 4594 igitur
2023 4534 2109 4577 ne

155 4586 270 4654 sibi
311 4612 440 4657 nos
484 4589 765 4657 defuisse
805 4602 1009 4676 putet.

316 4676 427 4742 De
476 4676 947 4760 Montepinsono
962 4681 1019 4756 ²)
1063 4681 1282 4744 miuus
1325 4687 1426 4744 est
1467 4700 1663 4763 quam
1708 4679 1883 4763 quod
1929 4680 2110 4747 Mar-

145 4759 338 4837 pinus
381 4763 508 4829 tibi
550 4764 879 4830 retulerat.
970 4764 1277 4833 Nicotaus
1329 4767 1660 4830 aurifaber
1704 4773 1941 4832 testem
1985 4768 2104 4834 ha-

156 4839 259 4908 bet
299 4866 462 4913 eum
519 4852 632 4932 qui
684 4850 911 4915 liberis
965 4851 1073 4916 hic
1127 4851 1374 4917 relictis
1430 4851 1591 4936 fuga
1645 4873 1716 4918 se
1771 4852 2102 4920 subduxit.

350 5102 413 5168 5)
457 5104 591 5159 Non
625 5106 785 5160 tertio
821 5106 1091 5162 Ianuarii
1120 5113 1183 5162 ut
1220 5105 1274 5162 S.
1311 5108 1482 5163 habet.

175 5164 311 5225 ¹14⁸.
350 5173 405 5234 1)
442 5174 870 5243 Luqdunemem
902 5177 1076 5244 fuisse
1107 5177 1313 5245 patebit
1347 5193 1412 5231 ese
1451 5176 1525 5231 N.
1563 5176 1683 5247 750,
1719 5183 1830 5234 not.
1867 5177 1950 5233 10.

458 5242 967 5313 Montepinsonum,
1023 5246 1377 5314 Mar-pinum,
1425 5245 1722 5301 Nicolaum
1766 5248 1880 5302 iam
1926 5264 2099 5318 supra

157 5302 387 5390 habuisti
422 5311 501 5366 N.
537 5311 656 5367 703.
694 5310 813 5368 704.
847 5311 967 5369 706.
1006 5313 1110 5368 735
1153 5329 1221 5369 ex
1266 5316 1466 5385 quibus
1511 5322 1692 5370 tamen
1736 5320 1970 5373 certiora
2003 5320 2101 5373 υίτ

1894 460 2056 523 1546
2099 457 2486 530 IANUAR.

2191 848 2198 857 ο

2167 1564 2174 1609 i

2092 5025 2100 5032 .
2208 4979 2321 5035 dit:
2354 4981 2717 5052 Handlungen
2753 4986 2849 5039 des
2885 4988 3087 5044 letzten
3123 4991 3164 5047 C

4070 482 4199 547 246

2234 646 2424 712 Nihil
2479 654 2706 715 tamen
2748 649 2860 716 fur
2910 651 3025 718 ille
3081 656 3487 725 monetarius
3538 666 3607 725 et
3648 661 3970 747 fugitivus
4013 686 4194 734 asse—

2235 731 2424 798 rebat
2464 756 2663 818 quam
2707 733 3222 820 disputationem
3265 741 3601 811 incidisse:
3637 766 3725 812 an
3770 750 4020 835 singuli
4053 755 4195 838 pri-

2234 819 2374 884 vati
2391 821 2447 901 ⁸)
2525 841 2611 887 ex
2673 822 2886 888 officio
2949 825 3433 909 reprehendere
3497 830 3813 900 deberent
3876 838 4191 922 quidquid

2233 912 2545 986 peccatur
2600 907 2673 971 in
2729 906 2856 976 hoc
2903 909 3089 977 loco?
3401 915 3692 983 insonum
3744 923 4190 1005 respondisse:

2234 989 2508 1056 Habent
2548 992 2810 1059 Moisen
2866 1003 2934 1061 et
2984 998 3372 1081 prophetas3
3439 1001 3675 1069 deinde
3730 1007 3906 1074 viros
3964 1009 4193 1078 doctos

2233 1096 2424 1158 posse
2479 1075 2654 1144 domi
2706 1098 2778 1144 se
2834 1101 3140 1149 exercere
3196 1083 3494 1169 legendis
3543 1090 3908 1174 scripturis,
3965 1094 4062 1162 ita
4115 1105 4192 1163 ut

2233 1162 2635 1244 quotidianis
2701 1167 3120 1235 concionibus
3183 1192 3320 1236 non
3375 1172 3786 1242 interessent.
3895 1178 4005 1245 Ad
4059 1182 4192 1249 alia

2232 1247 2630 1331 propediem.
2742 1249 2912 1318 Vale
2928 1303 2944 1331 ‚
3023 1255 3226 1321 frater
3302 1258 3738 1343 integerrime.
3853 1264 4189 1349 Genevae,

2233 1334 2424 1400 nonis
2467 1334 2730 1401 Ianuar.
2783 1341 2966 1403 1546.
4100 1399 4109 1407 .

3242 1425 3529 1496 Ioannes
3571 1430 3896 1500 Calvinus
3937 1441 4114 1504 tuus.

3004 1718 3415 1732 m

3134 1937 3286 2010 749.

2810 2089 3111 2159 HEDIO
3155 2093 3592 2163 GALVINO.

2418 2256 2619 2323 Varia
2662 2263 2720 2323 et
2755 2279 2917 2327 nova
2972 2263 3049 2327 de
3107 2264 3404 2348 colloquio
3449 2267 3897 2340 Rati-ebonem·
3950 2282 4006 2343 et
4051 2298 4189 2345 eon-

2226 2341 2373 2408 eih‘o
2424 2343 2809 2411 Tridentino.
2904 2344 3228 2415 Caeterum
3282 2351 3510 2434 ubique
3566 2359 3881 2424 terrarum
3921 2363 4188 2442 piorum

2225 2447 2533 2512 sanyume
2571 2429 2810 2511 litatwr,
2854 2434 2926 2498 in
2963 2433 3321 2517 Provincia,
3367 2439 3439 2504 in
3481 2438 3739 2525 Be29i03
3799 2444 4187 2518 Germaniae

2224 2532 2466 2597 quoque
2505 2516 2719 2582 tristia
2748 2515 2893 2598 fata
2934 2523 2992 2584 et
3032 2521 3303 2588 maiores
3341 2525 3567 2592 minae.

2544 2686 2657 2750 (Ex
2691 2688 3028 2759 autographo
3064 2689 3195 2745 Ood.
3234 2692 3436 2748 Genev.
3477 2694 3594 2764 112,
3630 2698 3721 2753 fol.
3756 2697 3868 2766 27.)

2394 2855 2705 2925 Piissimo
2747 2858 3082 2926 doctissim
3169 2883 3252 2928 ue
3295 2865 3441 2929 viro
3485 2868 3569 2933 D.
3593 2869 3881 2939 Iohanni
3902 2874 4182 2948 Calvino

2226 2940 2488 3041 docenti
2522 2944 2952 3043 ‚evangelium
2995 2967 3125 3030 apu
3212 2948 3635 3022 Gebennates
3677 2979 3825 3025 meo
3866 2982 4177 3049 praecep-

2222 3032 2358 3093 tori
2404 3049 2742 3096 oansslmo
3701 3129 3915 3198 Genff

2395 3248 2467 3317 S.
2513 3252 2599 3316 D.
2699 3251 3138 3323 ornatissime
3195 3257 3466 3327 Calvina.
3564 3264 3828 3335 Literas
3884 3280 4034 3340 tuas
4093 3275 4178 3341 ad

2221 3334 2547 3436 Bugemm
2588 3359 2709 3422 ego
2767 3342 2993 3424 aperui
3049 3351 3116 3409 et
3168 3344 3316 3428 legi.
3403 3346 3511 3413 Ita
3563 3348 3789 3419 abiens
3833 3362 4174 3426 commisit.

2229 3419 2408 3486 Abnt
2431 3432 2653 3488 autem
2688 3427 2747 3492 6.
2769 3427 3155 3496 Decembris
3175 3430 3608 3515 Ratisponam
3644 3438 3727 3503 ad
3763 3441 4174 3528 colloquium.

2220 3508 2498 3573 Decimo
2542 3517 2694 3590 post
2746 3509 2997 3578 abitum
3041 3514 3147 3580 die
3207 3538 3282 3582 eo
3336 3522 3640 3601 pervenit
3684 3545 3834 3590 cum
3883 3528 4175 3599 Martino

2224 3591 2486 3661 Freohto
2525 3595 2873 3677 Ulmense,
2928 3610 2996 3666 et
3040 3600 3300 3668 invenit
3353 3615 3733 3686 praesentes
3789 3634 3874 3677 ex
3929 3621 4174 3685 nostris

2221 3678 2602 3746 Erhardum
2646 3681 3039 3766 Schnepsium
3082 3706 3233 3751 cum
3277 3691 3482 3755 nobili
3524 3694 3668 3759 viro
3709 3696 4099 3786 Guminqero
4122 3706 4172 3782 ¹)

2219 3764 2439 3847 legato
2497 3765 2680 3836 ducis
2723 3768 3326 3857 Wirtenbergensis
3340 3827 3357 3854 ,
3417 3777 3784 3847 Iohannem
3830 3784 4173 3856 Brentium

2219 3850 2624 3932 Hallensem,
2662 3873 2746 3918 ex
2782 3855 3099 3923 adversae
3120 3862 3326 3942 partis
3363 3862 3921 3948 colloquutoribus
3957 3875 4171 3942 solum

2217 3937 2615 4003 monachum
2660 3937 3177 4009 Colmariensem
3231 3950 3669 4018 monoculum.
3692 3955 3752 4038 ²)
3832 3958 3896 4021 A
3946 3958 4170 4027 Carolo

2218 4029 2439 4087 autem
2483 4022 2925 4093 moderatores
2966 4030 3269 4114 colloquii
3311 4033 3598 4100 ordinati
3639 4046 3798 4105 sunt
3831 4043 4169 4129 episcopus

2214 4107 2635 4175 Eistettensis
2697 4111 3056 4181 Mauritius
3130 4119 3211 4183 ab
3276 4118 3535 4199 Hauon,
3558 4122 3615 4203 ⁸)
3693 4126 3801 4207 qui
3881 4133 4166 4212 partium

2215 4194 4164 4368 {ftssssgfflfflmousf3⁰fflrffiesspi⁸ffissffluissffloerinffi

3309 4340 3323 4367 ‚
3874 4322 3900 4364 ι

2215 4364 2318 4428 De
2378 4365 2679 4450 Philippo
2733 4367 2892 4437 illuc
2958 4383 3239 4439 venturo
3262 4311 3536 4443 ⁹in00rti
3590 4402 3901 4450 rumores.
3934 4325 4167 4456 nggalnli

2217 4447 2471 4518 Chebms
2510 4461 2735 4518 noster
2751 4454 2808 4538 ⁴)
2850 4456 3323 4528 Francofordia
3378 4462 3558 4530 hisce
3616 4464 3845 4535 diebus
3904 4473 4164 4542 rediens

2414 4637 2476 4702 3)
2517 4638 2780 4695 Stmlerm
2813 4644 3206 4701 attendendum
3238 4655 3445 4705 causet.-
3474 4653 3750 4722 privatim.

2231 4703 2376 4760 ⁷49.
2415 4706 2475 4773 1)
2510 4705 2600 4762 De
2644 4708 2977 4767 Balthasare
3021 4732 3058 4769 a
3112 4716 3455 4789 Galuinqe‘n,
3504 4721 3638 4777 duci
3684 4740 3785 4779 suo
3830 4742 3869 4779 a
3913 4733 4161 4787 consiliis

2208 4776 2328 4827 eius
2364 4791 2429 4828 ue
2460 4778 2522 4831 in
2557 4778 2821 4849 colloquio
2848 4784 3109 4849 parabus
3142 4802 3192 4841 v.
3218 4785 3460 4843 steiana.
3495 4789 3568 4844 II.
3603 4789 3707 4845 417
3742 4799 3792 4847 et
3828 4793 4162 4868 Seckenclort

2207 4843 2307 4897 ω’
2380 4842 2469 4980 ⁷35
2506 4911 2587 4967 ιο.
2625 4915 3051 4982 Hofineieterum
3086 4922 3153 4977 ae
3184 4938 3292 5045 5⁰⁰
3324 4924 3448 4979 mae
3484 4925 3559 4982 N.
3595 4926 3713 4996 670,
3748 4936 3857 4984 not.
3894 4930 3943 4985 2.
4016 4934 4159 4991 Εαε.

3166 5009 3199 5046 o
3221 4993 3391 5062 loqun
3425 5011 3491 5047 zu
3510 4994 3880 5069 Regensburg.
3926 5002 4157 5073 Ingolst.

2207 5046 2360 5104 1Μᾶ
2395 5048 2468 5186 22)
2511 5118 2672 5175 Sleia.
2719 5120 2754 5175 τ.
2798 5120 2831 5176 z.
2898 5154 2961 5164 -
3015 5125 3345 5197 eouoquium
3390 5131 3569 5199 ipsum
3612 5132 3922 5191 mmmm
3969 5147 4046 5195 ‘⁸‘
4095 5142 4151 5198 ‘¹’

2206 5184 2256 5241 ⁷⁶
2291 5186 2469 5338 Iani.)
2508 5257 2591 5338 [ξε
2633 5256 2813 5339 OErz'co
2841 5259 3037 5340 'C'helt'o
3081 5262 3365 5346 (Geiqero)
3413 5268 3618 5323 medico
3664 5286 3716 5325 v.
3754 5270 3831 5326 N.
3870 5272 3989 5342 194,
4041 5285 4151 5334 not.

2202 5320 2252 5375 4.
2332 5319 2440 5395 Qui
2475 5326 2598 5379 olam
2627 5334 2790 5382 ettam
2825 5345 2887 5383 m
2922 5330 3055 5384 aula
3089 5331 3286 5400 qalltca
3321 5341 3568 5390 versatas
3602 5337 3667 5392 de
3703 5339 3918 5398 Bucero
3954 5351 4004 5399 et
4028 5345 4148 5401 Me·

2201 5391 2526 5448 lanchthone
2558 5397 2620 5449 in
2660 5396 2898 5452 Galliam
2933 5401 3273 5457 accersendis
3305 5405 3387 5459 an·
3415 5414 3610 5474 θρα-ατ.

3638 5491 3736 5546 16*
