4825 6175
204 428 308 492 481

206 619 271 680 ut
317 608 693 675 offensionis
758 607 847 674 sit
907 627 1124 674 causa,
1235 607 1543 673 Breviter
1599 613 1820 671 autem
1881 606 2142 759 singula

203 697 400 782 capita
437 693 826 778 perstrinxi,
882 693 1036 776 quia
1091 713 1577 777 supervacuum
1634 713 1778 757 esse
1823 692 1987 759 duce
2034 714 2142 757 am

200 780 402 866 longis
438 780 805 845 rationibus
851 788 1069 844 tecum
1113 800 1326 862 agere.
1416 777 1640 860 Quare
1674 777 1878 843 nolim
1913 778 2142 845 existi·

200 889 345 947 mes,
401 887 507 932 me
559 868 879 948 praecise,
936 875 1250 947 tanquam
1303 864 1601 931 censorio
1656 864 1866 948 stylo,
1925 878 2144 930 tecum

202 972 415 1039 agere,
476 952 588 1017 sed
647 954 864 1033 potius
915 950 1347 1016 familiaritati
1402 951 1653 1017 tribuas
1708 950 1883 1032 quod
1940 949 2143 1034 digito

200 1044 533 1106 contentus
580 1034 778 1124 [sum]
827 1037 942 1102 tibi
987 1036 1277 1102 indicare
1319 1035 1478 1119 quid
1521 1035 1904 1101 desiderem.
1996 1035 2144 1101 Non

204 1125 449 1209 disputo
508 1136 728 1189 tecum
788 1123 1073 1207 longius,
1131 1121 1246 1188 sed
1302 1131 1563 1186 tantum
1619 1142 1850 1186 moneo
1910 1128 1983 1186 ut
2025 1142 2145 1203 pro

200 1222 306 1278 tua
346 1209 697 1294 prudentia
739 1232 878 1275 rem
921 1211 1059 1292 ipse
1104 1218 1216 1274 tuo
1259 1207 1497 1274 iudicio
1541 1205 1889 1290 expendas.

371 1302 423 1361 l.
513 1297 597 1360 In
665 1296 878 1377 primo
942 1296 1153 1378 capite
1220 1294 1456 1360 vitium
1520 1292 1645 1358 hoc
1710 1290 2150 1360 animadverti

200 1381 366 1467 quod
381 1382 736 1449 divisiones
748 1383 1105 1464 signorum,
1120 1380 1339 1445 varias
1355 1377 1621 1462 quidem
1633 1377 1783 1443 illas
1795 1377 1911 1443 sed
1925 1389 2151 1444 tamen

198 1470 317 1535 rite
358 1470 857 1544 consentientes,
902 1467 1088 1548 quasi
1132 1467 1305 1530 inter
1340 1485 1411 1530 se
1446 1464 1808 1530 contrarias
1850 1464 2147 1548 opponis.

363 1558 424 1619 2.
513 1555 744 1635 Capite
811 1552 1095 1618 secundo
1158 1573 1292 1615 non
1358 1550 1573 1633 placet
1636 1548 1810 1632 qnod
1875 1551 2151 1616 verbum

198 1640 589 1708 sacramenti
633 1638 790 1703 facis
833 1637 1134 1702 militare.
1225 1637 1472 1701 Fateor
1528 1644 1706 1700 certe
1748 1636 2147 1719 baptismum

197 1739 259 1792 et
298 1747 559 1791 sacram
600 1745 871 1791 coenam
915 1721 1158 1805 aliquid
1215 1722 1456 1787 habere
1510 1720 1679 1803 quod
1723 1721 2154 1786 sacramentis

196 1811 592 1878 militaribus
637 1807 1039 1892 respondeat.
1110 1805 1245 1874 Sed
1281 1816 1353 1873 tu
1387 1806 1851 1890 etymologiam
1894 1808 2154 1890 quaeris

198 1918 394 1982 quam
440 1905 702 1962 autores
740 1896 936 1979 primi
973 1894 1167 1959 huius
1203 1893 1502 1960 vocabuli
1537 1895 1961 1975 respexerint.
2007 1893 2154 1977 Ego

196 1993 422 2051 autem
466 1981 677 2061 vide0,
734 1982 958 2048 statim
1004 1980 1084 2044 ab
1128 1979 1438 2046 ecclesiae
1477 1976 1832 2060 primordio
1876 1978 2155 2044 Latinos

194 2080 611 2136 sacramenta
645 2088 1059 2151 nuncupasse
1080 2086 1247 2147 quae
1270 2064 1541 2130 Graecis
1585 2073 1806 2130 essent
1836 2060 2149 2149 μυστήρια.

192 2156 367 2221 Nam
417 2162 487 2219 et
529 2163 719 2220 vetus
754 2155 1079 2235 interpres
1114 2153 1182 2216 in
1221 2151 1343 2217 hac
1379 2150 1856 2234 significatione
1893 2150 2154 2232 saepius

192 2264 353 2308 usus
399 2251 521 2319 est,
578 2248 711 2303 tam
767 2241 835 2303 in
879 2238 1092 2303 veteri
1134 2256 1326 2319 quam
1385 2237 1458 2300 in
1513 2257 1683 2301 novo
1740 2243 2152 2303 testamento.

189 2328 282 2393 Et
326 2326 482 2392 aliis
525 2325 952 2407 scriptoribus
996 2323 1114 2388 vix
1159 2322 1289 2387 alia
1332 2343 1463 2387 vox
1496 2331 1597 2386 est
1639 2323 1849 2405 magis
1893 2323 2151 2387 usitata.

188 2412 491 2479 Proinde
534 2423 722 2477 extra
766 2408 1280 2477 controversiam
1328 2429 1501 2491 pono
1545 2417 1955 2473 sacramenta
1997 2407 2154 2472 olim

187 2496 368 2564 dicta
410 2497 617 2563 fuisse
660 2498 846 2580 quasi
894 2496 1226 2578 mysteria.

368 2589 432 2649 3.
525 2584 756 2666 Capite
801 2583 993 2647 tertio
1036 2581 1252 2645 locum
1275 2577 1499 2643 Pauli:
1547 2577 1792 2643 Omnia
1833 2577 1968 2643 illis
2003 2598 2155 2643 oon-

188 2670 498 2755 tigerunt
540 2671 610 2734 in
655 2668 914 2754 figuris,
975 2667 1101 2730 alio
1155 2666 1470 2730 transfers
1515 2685 1712 2746 quam
1757 2664 1927 2729 ferat
1968 2685 2156 2729 mens

185 2775 226 2821 a
353 2756 498 2820 toli.

224 2777 430 2908 pos4.
527 2840 760 2923 Capite
803 2840 1030 2921 quinto
1077 2858 1303 2903 verum
1347 2843 1447 2900 est
1489 2834 1708 2918 aliquo
1751 2856 1947 2901 sensu
1988 2834 2160 2918 quod

183 2927 376 3007 diois,
428 2947 758 3008 nusquam
797 2927 1012 2990 Deum
1059 2923 1437 3007 promittere
1481 2944 1550 2986 se
1594 2920 2020 3004 corporaliter
2064 2922 2158 2986 af—

181 3013 506 3080 futurum
568 3034 718 3078 cum
790 3010 1012 3094 signis.
1118 3007 1422 3091 Optarim
1481 3017 1701 3072 tamen
1769 3006 1896 3072 dici
1963 3007 2158 3091 paulo

182 3101 459 3166 clarius.
553 3099 722 3164 Nam
779 3108 954 3164 certe
997 3095 1349 3171 Dominus,
1403 3115 1606 3176 quum
1660 3093 1873 3159 scalae
1918 3093 2160 3159 inside-

181 3196 307 3265 ret,
359 3186 677 3252 exhibuit
732 3206 802 3249 se
857 3181 1217 3248 videndum
1272 3182 1441 3263 patri
1501 3188 1721 3243 nostro
1781 3179 1977 3244 Iacob
2035 3180 2160 3244 sub

177 3274 415 3357 figura
461 3270 802 3355 corporali.
904 3270 997 3334 Et
1051 3267 1193 3332 eius
1248 3266 1507 3350 generis
1560 3264 1862 3345 exempla
1915 3266 2159 3347 passim

180 3366 491 3424 exstant.

364 3442 572 3525 Quod
618 3441 947 3523 extemplo
993 3438 1180 3505 addis
1224 3437 1304 3502 de
1347 3435 1724 3520 symbolicis
1767 3434 2163 3517 loquutioni-

175 3530 344 3611 bus,
415 3528 689 3595 mallem
763 3529 833 3592 in
890 3548 1084 3592 suum
1140 3525 1356 3590 locum
1413 3522 1692 3588 differri:
1768 3542 1852 3585 ne
1921 3521 2022 3586 bis
2090 3522 2164 3585 in

170 3616 383 3682 idem.

361 3704 866 3784 Argumentum
917 3716 1044 3778 quo
1085 3694 1217 3761 illic
1277 3694 1481 3759 uteris
1530 3691 1793 3758 nullum
1839 3691 2012 3775 apud
2056 3713 2162 3757 me

172 3788 464 3872 pondus
531 3785 746 3849 habet.
838 3784 1057 3865 Negas
1113 3781 1275 3846 haec
1319 3779 1590 3844 Domini
1637 3779 1865 3843 verba:
1933 3778 2161 3844 Facito

171 3875 246 3938 in
321 3875 473 3939 mei
541 3871 951 3948 memoriam,
1031 3868 1408 3949 permittere
1475 3877 1547 3930 ut
1626 3864 1870 3928 realem
1935 3886 2158 3929 eorum

169 3960 648 4043 praesentiam
693 3968 1061 4021 statuamus
1097 3973 1372 4035 quorum
1413 3951 1787 4015 meminisse
1829 3948 2158 4015 debemus.

172 4046 460 4110 Eadem
534 4044 780 4124 accipio
841 4062 962 4123 pro
1027 4059 1200 4103 vera.
1304 4036 1484 4117 Quid
1544 4037 1720 4100 enim
1796 4035 1975 4099 aliud
2056 4057 2161 4100 res

171 4152 387 4213 quam
465 4127 749 4194 veritas?
855 4126 1019 4191 Dico
1078 4123 1462 4188 memoriam
1518 4122 1613 4186 rei
1670 4120 2035 4203 praesentis
2091 4121 2162 4184 in

170 4238 400 4284 coena
451 4236 614 4280 osse.
706 4213 912 4293 Atqui
967 4209 1282 4274 memoria
1337 4218 1438 4272 est
1490 4228 1712 4272 rerum
1770 4207 2157 4272 absentium.

166 4304 430 4387 Neque
503 4302 570 4365 id
634 4304 905 4382 pugnat.
995 4297 1203 4361 Abest
1267 4296 1444 4358 enim
1505 4292 1813 4357 Christus
1868 4312 1909 4356 a
1962 4313 2162 4357 coena

169 4390 412 4473 quoad
471 4387 710 4463 oculos,
757 4382 968 4466 quoad
1013 4401 1239 4447 omnes
1292 4380 1580 4463 corporis
1624 4399 1888 4451 sensus,
1946 4376 2161 4460 quoad

163 4475 432 4543 locum.
533 4474 705 4537 Nam
750 4472 818 4534 in
862 4468 1040 4534 coelo
1084 4476 1185 4531 est
1219 4466 1362 4531 eius
1406 4485 1657 4546 corpus
1748 4463 1974 4529 Coena
2014 4485 2164 4546 per·
2205 4475 2211 4486 ¹

165 4564 418 4647 agitur
473 4562 540 4624 in
586 4558 799 4622 terris.
889 4556 1128 4636 Longa
1186 4552 1510 4617 distantia.
1602 4548 1736 4614 Sed
1793 4548 1978 4614 adest
2035 4551 2162 4633 piis

167 4648 441 4713 animis
494 4666 610 4728 per
653 4644 923 4727 spiritus
966 4641 1067 4705 sui
1110 4639 1449 4716 virtutem,
1503 4636 1659 4719 quia
1715 4657 1844 4699 non
1886 4635 2161 4717 impedit
2210 4694 2216 4709 ,

2210 4722 2216 4793 ξ
2262 4731 2559 4800 τωνυμίαν
2601 4740 2766 4802 quae
2810 4720 2879 4782 in
2915 4717 3343 4783 sacramentis
3387 4722 3488 4779 est
3530 4712 3913 4795 simpliciter
3954 4731 4214 4795 compa-
4292 4763 4299 4771 .

2210 4804 2215 4887 ἰ
2264 4829 2372 4872 ras
2414 4807 2706 4889 profanis
2740 4803 3150 4886 imaginibus.
3218 4801 3448 4884 Neque
3483 4820 3639 4864 vero
3684 4819 3851 4879 nego
3891 4797 4050 4881 quin
4095 4797 4215 4862 ali-

2209 4890 2216 4989 }
2264 4915 2392 4975 qua
2437 4893 2527 4959 sit
2570 4889 2947 4955 similitudo,
3034 4889 3286 4952 Verum
3340 4884 3537 4951 simul
3591 4883 3889 4947 addenda
3933 4894 4077 4947 erat
4117 4882 4215 4948 di·
4274 4892 4278 4896 '

166 4733 457 4801 Christi
510 4730 839 4805 distantia,
884 4725 1233 4809 quominus
1291 4745 1444 4789 suos
1486 4720 1875 4786 mirabiliter
1917 4731 2158 4803 pascat.

167 4820 530 4885 Eiusdem
598 4829 699 4881 est
766 4813 1034 4878 rationis
1100 4810 1277 4875 locus
1343 4809 1454 4873 ille
1519 4807 1741 4873 Pauli:
1819 4806 2161 4871 Celebrate

167 4917 492 4971 mortem
539 4902 807 4969 Domini
849 4900 1054 4963 donec
1099 4897 1336 4960 veniat.
1405 4895 1631 4977 Neque
1674 4892 1849 4957 enim
1894 4891 2160 4957 descen-

1868 422 2030 483 1547
2074 418 2545 488 FEBRUAR.

4082 426 4213 490 482

2245 607 2456 686 nobis,
2501 615 2569 673 et
2601 613 2827 675 tamen
2861 616 3185 676 venturus
3218 619 3640 694 exspectetur
3673 631 3881 694 usque
3914 609 4001 675 ad
4035 609 4212 679 diem

2246 694 2769 773 resurrectionis,
2814 695 2968 777 quia
3008 695 3082 759 in
3125 694 3302 762 coelo
3347 708 3587 763 manet.

2419 778 2782 861 Aliquanto
2827 787 3006 862 post,
3063 781 3178 847 ubi
3234 782 3663 864 reprehendis
3718 803 3831 848 eos
3887 784 4000 866 qui
4043 783 4213 850 coeli

2248 865 2516 930 nomine
2550 888 2683 930 non
2716 865 2936 931 locum
2970 865 3088 931 sed
3122 865 3561 934 conditionem
3596 867 3993 953 intelligunt,
4038 877 4209 934 tam-

2249 954 2391 1050 ‘'tffi.
2423 950 2494 1015 in
2538 974 2626 1050 re·
2652 951 2799 1035 ipsa
2839 950 2958 1016 tibi
3002 952 3343 1032 assentior,
3386 953 3587 1019 velim
3624 963 3847 1018 tamen
3892 976 4041 1020 cum
4074 954 4211 1020 illis

2250 1047 2477 1101 mitius
2521 1057 2648 1121 agi.

2426 1120 2618 1187 Circa
2659 1124 2860 1188 finem
2894 1122 3126 1205 capitis
3162 1123 3289 1188 hoc
3334 1124 3451 1190 tibi
3496 1147 3631 1191 non
3673 1122 4032 1191 concedent
4073 1146 4211 1190 om-

2253 1228 2391 1287 nes,
2438 1206 2608 1290 quod
2648 1208 2980 1273 Dominus
3029 1208 3273 1274 dixerit
3314 1229 3581 1276 carnem
3624 1231 3813 1276 suam
3858 1210 4210 1293 corporali·

2253 1301 2355 1358 ter
2399 1294 2864 1360 manducatam
2906 1314 3039 1360 non
3081 1295 3420 1378 prodesse,
3476 1296 3603 1362 nisi
3648 1296 4213 1378 corporaliter

2253 1400 2574 1461 exponas:
2643 1379 2963 1463 corporali
3023 1380 3245 1466 modo„
3325 1380 3461 1447 Sed
3527 1382 3645 1449 1100
3710 1382 3832 1447 tibi
3887 1383 3960 1446 in
4014 1403 4215 1449 causa

2255 1484 2454 1547 quam
2512 1473 2754 1531 tractas
2807 1465 2976 1529 nihil
3034 1466 3450 1551 suffragatur.
3549 1469 3779 1551 Neque
3834 1469 4009 1532 enim
4068 1489 4210 1534 car-

2253 1549 2475 1614 nalem
2543 1550 3115 1616 manducationem
3185 1566 3495 1618 asserunt
3550 1554 3741 1619 multi
3807 1554 3919 1636 qui
3986 1561 4210 1618 tamen

2253 1636 2498 1700 realem
2543 1645 2862 1702 asserunt.

2430 1721 2663 1804 Capite
2718 1730 2936 1800 sext0‚
3006 1720 3178 1806 quod
3234 1722 3507 1788 verbum
3561 1721 4028 1790 benedictionis
4093 1745 4213 1808 pro

2256 1808 2748 1874 consecratione
2792 1829 3066 1890 usquam
3103 1808 3310 1890 accipi
3347 1828 3566 1892 negas,
3611 1810 3682 1872 in
3716 1831 3792 1874 00
3827 1811 3943 1875 abs
3979 1821 4045 1875 te
4080 1811 4212 1876 dis·

2255 1894 2482 1958 sentiO.
2560 1894 2745 1958 Nam
2789 1915 2993 1975 quum
3052 1893 3282 1959 scribit
3324 1892 3594 1960 Paulus:
3671 1894 3865 1960 Calix
3908 1894 4214 1962 benedic-

2256 1978 2455 2044 tionis
2499 1979 2606 2043 cui
2649 1978 3114 2056 benedicimus,
3161 1979 3323 2045 haec
3368 1981 3671 2063 syntaxis
3704 1981 4066 2063 gratiarum
4101 2003 4209 2048 ac·

2256 2064 2420 2129 tioni
2463 2087 2597 2131 non
2640 2064 2964 2147 congruit.
3031 2065 3123 2130 Et
3165 2073 3341 2131 certe
3384 2065 3876 2131 sanctificantur
3918 2066 4216 2150 symbola

2256 2172 2457 2233 quum
2536 2150 2955 2215 destinantur
3031 2151 3101 2215 in
3211 2151 3505 2234 roprium
3588 2173 3782 2216 usum
3854 2152 4216 2219 secundum

2258 2236 2514 2303 Christi
2557 2237 3055 2301 institutionem.
3146 2172 3340 2316 (guod
3384 2245 3457 2301 tu
3499 2258 3754 2320 quoque
3797 2236 4043 2304 fateris.

2431 2320 2683 2387 Eodem
2727 2321 2941 2404 capite
2986 2323 3201 2399 nimis,
3258 2344 3401 2386 meo
3443 2321 3715 2398 iudicio,
3773 2324 3907 2389 vim
3957 2324 4216 2388 externi
4320 2317 4325 2324 ’

2261 2408 2446 2472 verbi
2488 2407 2723 2473 elevas.
2815 2405 3216 2490 Quanquam
3275 2418 3734 2491 argumentum
3791 2408 3962 2490 quod
4006 2409 4216 2491 expli-

2259 2513 2369 2559 cas
2436 2514 2567 2557 non
2622 2494 2937 2575 improbo.
3038 2494 3329 2558 Tantum
3384 2494 3457 2558 in
3513 2495 3979 2559 extenuatione
4045 2494 4213 2560 mihi

2260 2579 2507 2646 videris
2550 2579 2813 2643 nimius.

2434 2665 2670 2747 Capite
2713 2675 2942 2729 octavo
3000 2663 3162 2727 mihi
3220 2684 3356 2727 non
3397 2664 3656 2744 penitus
3702 2663 4016 2729 satisfacit
4060 2663 4216 2730 defi·

2260 2751 2426 2815 nitio
2481 2750 2778 2827 unionis,
2844 2770 3043 2831 quam
3099 2750 3319 2831 ponis,
3386 2749 3561 2832 signi
3604 2770 3755 2815 cum
3820 2770 3893 2813 re
3937 2751 4213 2834 signata.

2261 2835 2346 2900 In
2381 2834 2889 2919 exceptionibus,
2934 2855 3103 2916 quae
3137 2855 3390 2900 crassas
3423 2833 3764 2917 opiniones
3800 2847 3866 2898 et
3900 2834 4213 2918 quidquid

2263 2931 2364 2985 est
2397 2919 2879 3005 superstitionis
2913 2918 3286 2997 excludant,
3331 2919 3608 2984 libenter
3643 2918 3760 2983 tibi
3794 2918 4212 2986 subscribam.

2265 3007 2519 3072 Verum
2564 3006 2761 3072 simul
2805 3004 3068 3089 plenius
3121 3005 3556 3070 demonstrari
3613 3005 3877 3086 cupiam
3976 3006 4218 3071 naliter

2266 3115 2474 3159 verax
2520 3094 2606 3159 sit
2648 3094 2834 3158 Deus
2876 3089 3271 3176 praestando
3315 3089 3488 3174 quod
3543 3092 3805 3176 figurat.
3895 3028 3975 3156 13
4015 3114 4217 3175 quum

2265 3179 2555 3244 intendis
2620 3179 2834 3244 facere
2901 3177 3272 3262 analogiam
3338 3179 3649 3260 proponis
3730 3178 3990 3242 unionis
4057 3178 4212 3243 loco.

2269 3264 2469 3347 Atqui
2521 3264 2719 3347 longe
2771 3263 2918 3347 plus
2970 3270 3090 3329 est.
3192 3262 3446 3344 Nempe
3504 3262 3747 3327 veritas
3811 3271 3879 3327 et
3932 3264 4215 3346 comple-

2266 3360 2564 3415 mentum
2632 3349 2990 3432 analogiae.
3100 3346 3674 3427 Quemadmodum
3754 3347 3820 3411 in
3892 3347 4216 3430 baptismo

2267 3436 2569 3519 analogia
2611 3443 2713 3501 est
2754 3435 3167 3518 purgationis
3205 3434 3379 3497 inter
3424 3432 3673 3499 Christi
3717 3434 4107 3518 sanguinem
4151 3448 4218 3500 et

2265 3542 2520 3604 aquam,
2568 3520 3084 3585 mortificationis
3127 3540 3390 3583 rursum
3433 3528 3503 3583 et
3546 3519 3855 3584 novitatis
3898 3520 4075 3584 vitae
4114 3522 4216 3584 in-

2264 3618 2366 3672 ter
2409 3614 2691 3672 mortem
2749 3628 2824 3672 ac
2877 3606 3420 3671 resurrectionem
3467 3603 3716 3669 Christi
3763 3614 3826 3668 et
3882 3616 4217 3686 extempo-

2264 3692 2472 3757 ralem
2516 3692 3050 3758 submersionem.
3139 3689 3314 3755 Unio
3371 3699 3469 3755 cst
3527 3690 3623 3753 rei
3677 3692 3998 3772 figuratae
4043 3711 4218 3755 com-

2264 3777 2698 3860 plementum:
2744 3799 2868 3859 quo
2910 3778 2989 3841 fit
3031 3798 3113 3840 ne
3157 3776 3420 3858 signum
3466 3775 3555 3838 sit
3598 3776 3823 3852 inane,
3883 3776 4036 3857 quia
4078 3775 4218 3841 Do-

2264 3865 2487 3929 minus
2531 3861 2701 3945 quod
2746 3865 2934 3944 signo
2971 3870 3420 3944 repraesentat
3463 3859 3658 3923 simul
3695 3860 3909 3937 efficit,
3955 3859 4217 3944 implet-

2264 3971 2392 4033 que
2437 3951 2508 4013 in
2552 3948 2740 4013 nobis
2783 3949 3055 4029 spiritus
3099 3947 3201 4012 sui
3245 3946 3511 4011 virtute.

2436 4036 2520 4099 In
2565 4055 2765 4099 coena
2807 4034 3106 4117 analogia
3147 4040 3249 4096 est
3291 4051 3483 4113 quam
3528 4027 3840 4096 describis
3884 4030 4058 4095 inter
4101 4051 4218 4113 pa-

2264 4141 2416 4185 nem
2463 4143 2538 4185 ac
2577 4139 2813 4202 corpus
2858 4118 3140 4193 Christi,
3201 4117 3375 4181 inter
3417 4117 3804 4199 sanguinem
3852 4123 3920 4179 et
3964 4117 4213 4181 vinum.

2263 4206 2439 4272 Unio
2485 4215 2583 4271 est
2626 4204 2987 4287 spiritualis
3042 4214 3266 4268 nostra
3318 4224 3467 4268 cum
3514 4200 3780 4265 Christo
3825 4201 4215 4279 coniunctiO,

2264 4315 2397 4376 qua
2431 4294 2508 4357 fit
2542 4302 2616 4355 ut
2648 4312 2805 4355 vere
2841 4290 2982 4373 ipso
3016 4291 3274 4353 animae
3309 4296 3570 4351 nostrae
3608 4294 3976 4369 pascantur.
4030 4286 4218 4351 Haec

2263 4380 2433 4443 ratio
2488 4386 2589 4443 est
2653 4398 2769 4443 cur
2826 4385 2939 4438 tua
2995 4372 3283 4438 definitio
3348 4372 3512 4436 mihi
3568 4373 3765 4436 nimis
3821 4371 3910 4437 sit
3972 4372 4214 4435 ieiuna.

2264 4464 2518 4529 Verum
2578 4463 2702 4528 hoc
2758 4474 2971 4525 totum
3017 4459 3098 4524 ab
3152 4458 3551 4523 exhibitione
3607 4455 3881 4540 pendet,
3949 4455 4029 4520 de
4087 4478 4219 4539 qua

2263 4572 2416 4615 mox
2461 4548 2843 4614 videbimus.

2436 4636 2520 4699 In
2563 4633 2788 4699 eodem
2834 4632 3047 4715 capito
3089 4628 3391 4695 nonnihil
3435 4649 3540 4693 me
3580 4625 3854 4692 offendit
3896 4623 4069 4708 quod
4110 4650 4215 4704 με·

169 4991 278 5056 dit
327 4991 422 5055 ad
484 5011 602 5054 nos
646 4986 950 5053 Christus
993 5006 1031 5050 e
1074 4982 1281 5060 coe10,
1341 5001 1555 5061 neque
1600 4979 1806 5045 oculis
1849 4978 2158 5047 cernitur.
2209 4992 2215 5053 1
2263 4981 2543 5044 versitas
2597 4986 2663 5041 et
2718 4974 2961 5058 gradus
3017 4971 3305 5038 notandi.
3407 4970 3534 5037 Ubi
3595 4970 3770 5033 enim
3827 4969 4099 5051 spiritus
4141 4970 4215 5033 in

165 5077 294 5143 sed
373 5075 524 5142 fide
591 5083 846 5137 tantum
910 5069 1097 5135 nobis
1151 5067 1354 5132 adest.
1441 5067 1671 5148 Itaque
1724 5085 1855 5127 non
1912 5074 2164 5147 pugnat
2210 5080 2214 5141 ξ
2261 5064 2549 5148 imagine
2597 5062 2915 5135 Caesarie,
2961 5060 3071 5143 qui
3115 5060 3323 5141 ipsam
3381 5053 3859 5140 quodammodo
3905 5054 4213 5133 vivificet,

165 5161 577 5246 spiritualis
610 5162 749 5223 eius
784 5156 1155 5223 coniunctio
1199 5153 1537 5218 nobiscum
1577 5166 1645 5216 et
1678 5162 2010 5214 extremus
2048 5148 2160 5213 ad·

2207 5148 2216 5211 ‚¹
2261 5171 2388 5230 quo
2448 5149 2681 5215 efficax
2736 5149 2822 5213 sit
2874 5147 2943 5211 in
3009 5143 3313 5212 cordibus
3366 5140 3650 5206 nostris?
3755 5138 3907 5206 Scio
3970 5140 4215 5205 multos

168 5258 472 5317 ventus,
564 5245 702 5310 Nec
744 5243 1096 5326 quidquam
1141 5239 1359 5304 obstat
1399 5237 1753 5320 quominus
1796 5236 2161 5300 essentiali·
2209 5218 2216 5303 l
2260 5236 2466 5301 bonos
2511 5235 2686 5301 viros
2740 5233 3159 5299 abhorruisse
3216 5252 3256 5294 a
3303 5227 3597 5310 Zwinylii
3656 5224 3984 5301 doctrina,
4043 5225 4213 5307 qnod

168 5348 316 5417 ter,
403 5335 546 5398 hoc
600 5340 731 5409 est,
792 5328 1070 5411 ipsemet
1122 5347 1356 5391 revera
1410 5323 1717 5389 Christus
1772 5319 2163 5386 exhibeatur
2209 5320 2216 5376 l
2263 5323 2454 5387 toties
2528 5328 2902 5386 occurreret
2984 5319 3114 5383 ista
3189 5313 3590 5397 comparatio
3654 5312 3898 5394 absque
3963 5330 4215 5375 correc-

327 5434 580 5493 oazoim·
605 5448 790 5501 opera.
839 5432 950 5486 Vol.
990 5428 1135 5483 x11.

3730 5412 3799 5466 31
