4825 6175
659 399 785 463 375

1552 625 1709 701 828.

1141 780 1641 852 POLLANUS
1687 782 2123 851 OALVINO.

832 955 1229 1025 Commendat
1269 955 1546 1039 aliquem
1595 954 1876 1021 Genevae
1920 954 2327 1022 conditionem
2367 951 2606 1018 modes·

657 1051 786 1111 tam
827 1044 1287 1126 quaesiturum,
1346 1045 1403 1107 et
1433 1040 1734 1124 pluribus
1788 1040 1931 1107 bene
1969 1045 2176 1107 notum
2210 1045 2266 1104 et
2306 1042 2603 1104 notatum.

660 1131 745 1196 In
797 1128 1021 1213 Belyio
1087 1147 1238 1193 evan
1280 1128 1388 1193 elii
1459 1145 1657 1192 causa
1713 1127 2036 1210 deplorata
2098 1146 2204 1191 nee
2269 1125 2608 1208 quisquam

655 1216 888 1281 hiscere
930 1214 1130 1280 audet.
1252 1233 1370 1295 pse
1412 1217 1615 1277 tamen
1658 1210 1820 1277 alios
1860 1213 2032 1278 novit
2084 1211 2311 1296 pietati
2355 1209 2607 1276 studen-

659 1308 775 1382 tes,
829 1300 991 1366 alios
1031 1298 1411 1381 disputando
1469 1297 1557 1364 ad
1620 1296 1902 1363 meliores
1958 1318 2179 1364 sensus
2242 1294 2610 1380 pertrahere

656 1392 929 1455 conatur.

964 1553 1078 1620 (Ex
1113 1553 1450 1625 autographo
1486 1551 1616 1609 Ood.
1652 1552 1858 1608 Gener.
1893 1550 2012 1621 112,
2047 1551 2138 1608 fol.
2172 1550 2316 1620 224.)

829 1726 1210 1795 Clarissimo
1249 1724 1550 1809 theologo
1600 1723 2024 1791 ecclesiarum
2063 1722 2314 1791 Christi
2355 1725 2605 1809 pastori

657 1823 726 1880 et
768 1813 1016 1880 doctori
1052 1813 1114 1880 vi
1168 1812 1548 1878 'lautissimo
1582 1811 1666 1876 D.
1704 1810 1937 1875 Ioanni
1973 1808 2252 1876 Calvino
2287 1812 2604 1895 magistro

653 1921 728 1968 ac
768 1900 941 1984 patri
983 1899 1059 1965 in
1159 1896 1369 1963 hristo
1413 1894 2003 1963 observandissimo
2092 1981 2425 2049 Gemme-

828 2118 897 2188 S.
944 2119 1019 2186 Ρ.
1111 2118 1403 2184 Troilum
1464 2116 1652 2197 Gritz,
1705 2118 1818 2202 qui
1873 2117 1995 2183 has
2058 2117 2177 2183 tibi
2230 2116 2602 2185 redditurus

654 2213 757 2273 est
798 2206 990 2272 valde
1045 2205 1211 2269 mihi
1266 2203 1725 2269 commendant
1782 2203 1938 2269 boni
1995 2203 2258 2286 quidam
2319 2212 2386 2269 et
2443 2225 2601 2288 pru-

655 2293 881 2358 dentes
924 2290 1071 2357 viri.
1161 2289 1332 2356 Nam
1379 2297 1529 2354 ante
1574 2289 1819 2372 aliquot
1862 2308 2071 2354 annos
2117 2288 2196 2354 de
2241 2288 2601 2356 christiana

653 2378 968 2464 religione
1012 2374 1298 2456 edoctus,
1344 2375 1466 2440 hoc
1509 2395 1717 2439 unum
1769 2394 2028 2456 semper
2070 2375 2141 2439 in
2186 2395 2262 2439 eo
2306 2375 2599 2441 studium

648 2459 1248 2548 deprehenderunt,
1324 2469 1401 2526 ut
1462 2461 1666 2527 vitam
1744 2460 1828 2525 ad
1893 2460 2141 2525 Ohristi
2215 2460 2596 2527 institutum

648 2571 842 2636 quam
885 2548 1200 2632 proxime,
1261 2553 1328 2611 et
1370 2555 1685 2629 quantum
1744 2544 2033 2611 humana
2086 2546 2367 2611 sustinet
2406 2548 2594 2612 infir-

647 2636 873 2713 mitaS,
932 2634 1323 2700 institueret.
1415 2631 1591 2697 Sunt
1645 2632 1863 2714 itaque
1914 2630 2151 2695 merito
2215 2630 2595 2698 huiusmodi

646 2721 946 2787 homines
988 2718 1264 2784 iuvandi
1300 2739 1340 2782 a
1372 2715 1577 2794 nobis,
1624 2736 2007 2800 quacunque
2052 2717 2149 2783 fas
2185 2724 2300 2783 est.
2370 2716 2597 2798 Quum

650 2816 868 2872 autem
914 2802 1308 2871 desiderium
1344 2802 1477 2867 iam
1514 2814 1666 2868 ante
1701 2803 1945 2886 aliquot
1985 2823 2247 2870 menses
2292 2803 2595 2869 incessis-

647 2901 749 2960 set
792 2892 1027 2957 domus
1072 2889 1231 2968 Dei,
1286 2889 1463 2954 inter
1518 2896 1807 2954 caeteras
1849 2887 2062 2968 urbes,
2109 2886 2220 2953 ubi
2264 2889 2395 2954 iam
2445 2911 2597 2956 suos

649 2973 958 3044 Christus
1024 2973 1370 3057 recolligit,
1440 2981 1725 3040 vestram
1791 2972 2059 3058 delegit,
2132 2994 2267 3038 non
2336 2983 2596 3040 tantum

650 3061 731 3130 ob
773 3063 1036 3147 linguae
1079 3060 1351 3145 gallicae
1394 3082 1587 3126 usum
1633 3060 1817 3126 cuius
1852 3081 2028 3126 nunc
2064 3059 2277 3126 studio
2312 3069 2595 3142 tenetur,

644 3170 882 3216 verum
926 3146 1121 3212 etiam
1170 3146 1250 3211 ob
1297 3147 1656 3212 doctrinam
1701 3167 1936 3229 puram
1981 3154 2049 3210 et
2091 3155 2416 3212 caeteram
2461 3150 2597 3231 pie-

648 3242 870 3314 tatem,
917 3252 1113 3315 quam
1148 3231 1314 3309 istic,
1362 3241 1436 3295 ut
1480 3232 1536 3297 si
1581 3232 1752 3312 alibi,
1798 3234 2087 3297 maxime
2132 3233 2355 3317 vigere
2399 3234 2596 3298 intel-

647 3319 826 3386 lexit.
931 3317 1080 3382 Non
1138 3318 1369 3382 fefellit
1425 3317 1759 3382 hominem
1812 3318 1886 3381 in
1942 3316 2197 3383 delectu
2254 3318 2595 3385 iudicium:

647 3426 821 3484 nam,
869 3405 969 3468 uti
1011 3404 1132 3479 ait,
1191 3410 1411 3468 vestra
1456 3404 1750 3468 doctrina
1802 3410 1869 3467 et
1921 3402 2284 3468 multorum
2339 3405 2599 3487 piorum

650 3490 970 3573 exemplis
1006 3489 1361 3572 plurimum
1398 3489 1612 3553 iuvari
1649 3495 1879 3571 potest.
1945 3487 2199 3555 Verum
2236 3490 2597 3555 cuiusmodi

649 3576 951 3641 homines
996 3573 1078 3638 ad
1124 3594 1193 3639 se
1240 3584 1424 3639 vocet
1468 3574 1774 3640 Christus
1818 3575 2007 3639 nosti.
2098 3575 2325 3658 Neque
2371 3576 2479 3642 hic
2515 3596 2596 3640 ex

651 3661 963 3726 divitibus
1010 3667 1111 3724 est
1162 3659 1406 3725 saeculi
1466 3660 1679 3725 huius.
1770 3658 1994 3740 Quare
2057 3660 2127 3724 in
2184 3658 2598 3743 adipiscendo

650 3746 827 3831 apud
882 3745 1128 3810 bonum
1197 3747 1480 3828 aliquem
1538 3747 1752 3810 virum
1821 3746 2089 3811 servitio
2154 3753 2339 3809 tuam
2406 3766 2600 3828 opem

650 3829 977 3898 desiderat
1018 3840 1086 3896 et
1129 3852 1342 3896 meam
1397 3831 1520 3897 sibi
1567 3831 1689 3896 hac
1732 3832 1804 3895 in
1848 3852 1920 3897 re
1964 3831 2599 3898 commendationem

645 3919 784 3984 fore
828 3918 1054 3981 utilem
1098 3924 1367 3999 sperant
1410 3917 1620 3982 amici.
1709 3915 1895 3997 Quae
1937 3938 2020 3982 ne
2064 3936 2213 4000 spes
2258 3937 2370 3983 eos
2411 3918 2600 3983 fallat

647 4011 714 4069 te
758 4002 1186 4069 vehementer
1242 4003 1441 4067 etiam
1495 4010 1691 4085 atque
1744 4004 1941 4068 etiam
1985 4023 2163 4088 rogo.
2252 4002 2597 4071 Hactenus

648 4089 821 4173 apud
866 4088 1338 4174 negotiatorem
1401 4087 1728 4171 quendam
1774 4090 2178 4154 aulaearium
2224 4088 2395 4154 vixit
2437 4092 2596 4156 satis

643 4173 1073 4239 laudabiliter.
1164 4172 1241 4239 Si
1286 4173 1572 4256 aliquam
1628 4174 1777 4240 istic
1835 4174 2071 4240 similis
2126 4175 2379 4240 servitii
2440 4196 2595 4242 con-

645 4259 960 4325 ditionem
1005 4257 1276 4343 adipisci
1318 4261 1541 4342 possit,
1601 4280 1744 4325 sese
1787 4259 2052 4325 beatum
2095 4258 2358 4327 iudicat.
2447 4262 2595 4346 Ego

643 4344 830 4410 illum
872 4343 1025 4422 tibi,
1083 4353 1303 4429 pater,
1358 4366 1440 4409 ex
1486 4346 1701 4410 animo
1760 4345 2141 4411 commendo
2194 4346 2263 4410 in
2329 4351 2594 4412 nomine

642 4432 913 4497 Domini
957 4432 1163 4496 nostri
1207 4431 1359 4496 Iesu
1386 4429 1652 4497 Christi.
1721 4431 1821 4496 'ru
1859 4428 2144 4498 vicissim
2179 4431 2365 4497 illum
2402 4432 2593 4498 fratri

642 4523 710 4583 et
757 4516 1021 4583 Nicolao
1064 4517 1206 4581 eius
1261 4535 1480 4583 socero
1536 4517 2004 4582 commendato.
2093 4519 2410 4583 Antonius
2452 4539 2590 4583 mo-

640 4601 907 4682 nachus,
956 4601 1215 4668 Nicolao
1248 4621 1381 4666 non
1420 4603 1704 4687 ignotus,
1741 4601 1914 4686 apud
1954 4623 2059 4668 me
2094 4602 2289 4669 huius
2325 4605 2591 4669 nomine
2700 4677 2719 4683 ⁶

641 4687 962 4754 fideiussit
1015 4695 1084 4752 et
1137 4689 1400 4774 rogavit
1453 4697 1532 4753 ut
1584 4689 1640 4753 si
1687 4709 1850 4772 opus
1894 4698 2066 4755 esset
2106 4688 2346 4757 vellem
2389 4691 2591 4756 etiam

641 4775 836 4840 huius
877 4771 1074 4838 fidem
1121 4794 1267 4839 mea
1307 4774 1437 4839 fide
1481 4774 1953 4841 commendare.
2042 4775 2276 4860 Itaque
2320 4776 2377 4842 si
2422 4776 2590 4842 forte

641 4860 1029 4943 magistrum
1074 4860 1392 4939 invenias,
1450 4881 1560 4925 oro
1605 4860 1915 4927 audacter
1968 4861 2143 4946 apud
2196 4860 2385 4926 illum
2428 4860 2590 4928 fide-

637 4944 882 5013 iubeas.
970 4945 1116 5029 Ego
1160 4946 1336 5010 enim
1379 4966 1571 5012 omne
1615 4944 1925 5013 damnum
1967 4948 2040 5012 in
2086 4969 2191 5013 me
2234 4947 2479 5031 recipio
2525 4956 2593 5013 et

640 5039 1129 5114 praestaturum
1172 5031 1493 5115 polliceor.
1568 5031 1749 5115 Quin
1793 5041 1860 5098 et
1893 5034 1949 5099 si
1993 5033 2243 5118 aliquos
2286 5041 2592 5117 sumptus

640 5116 921 5184 feceritis
955 5126 1407 5201 exspectantes
1442 5120 2021 5202 opportunitatem,
2059 5141 2180 5205 ego
2215 5119 2589 5204 rependam.

815 5202 1125 5268 Intellexi
1170 5202 1497 5288 quendam
1555 5224 1698 5271 esse
1752 5203 2038 5271 nobilem
2092 5211 2206 5289 qui
2249 5207 2470 5290 cupiat
2510 5204 2592 5271 ad

645 5307 760 5354 vos
798 5289 1098 5355 transire.
1202 5287 1335 5356 Sed
1391 5291 1578 5374 prius
1635 5309 1719 5356 ex
1764 5290 1894 5357 isto
1946 5291 2096 5359 vult
2150 5291 2230 5357 de
2288 5293 2593 5360 universo

2213 387 2744 475 EPfflTOLAIt
2789 387 3127 453 eea—1324
4522 385 4605 452 376

2714 574 3027 644 ecclesiae
3089 580 3348 642 vestrae
3400 578 3583 642 statu
3639 579 3896 640 certum
3947 590 4359 656 cognoscere.
4457 571 4613 641 Plura

2713 680 2797 727 ex
2838 660 2985 743 ipso
3027 679 3392 746 cognosces.
3460 658 3632 726 Nam
3675 666 3744 726 et
3786 679 4107 725 novarum
4134 657 4366 724 'rerum
4402 663 4615 728 tametsi

2713 745 3072 812 habeamus
3113 747 3274 812 satis
3319 743 3540 847 ampla
3573 749 3962 829 argumenta
3995 742 4161 808 nihil
4195 751 4421 810 tamen
4465 744 4615 812 aude-

2712 853 2862 899 mus
2904 831 3202 911 scribere,
3260 830 3395 896 imo
3438 837 3612 897 mter
3652 850 3775 897 nos
3834 849 4102 897 narrare
4144 837 4413 913 propter
4456 829 4619 917 Cory·

2711 938 2915 984 caeos.
3021 916 3097 985 Si
3154 916 3310 1001 quid
3365 917 3539 982 enim
3598 916 3931 1001 ingratum
3988 921 4234 982 temere
4296 915 4382 981 ab
4450 915 4618 1001 aliquo

2713 1002 2985 1084 dicitur,
3043 1004 3266 1069 statim
3322 1001 3406 1068 ad
3463 1001 3685 1068 aulam
3728 1009 4016 1068 vocatur.
4103 1001 4433 1068 Dominus
4472 1001 4622 1069 Iesus

2712 1089 3054 1156 ecclesiam
3096 1109 3213 1155 suo
3272 1088 3595 1172 sanguine
3651 1095 3906 1171 partam
3962 1107 4099 1152 non
4163 1085 4437 1154 deseret.
4516 1088 4623 1156 Nos

2712 1174 3050 1242 videamus
3114 1196 3197 1239 ne
3261 1174 3460 1258 primi
3523 1173 3603 1239 ab
3667 1174 3809 1258 ipso
3874 1172 4323 1240 desciscamus.
4439 1170 4625 1255 Quum

2710 1282 2920 1344 nuper
2963 1259 3279 1326 Bebburii
3321 1258 3568 1326 otiosus
3624 1279 3833 1326 essem
3878 1279 3918 1324 a
3966 1257 4053 1324 ud
4097 1258 4398 1326 comitem
4451 1258 4627 1326 Novae

2710 1346 3010 1429 Aquilae,
3035 1347 3086 1423 ¹)
3138 1345 3299 1412 satis
3354 1344 3610 1429 prolixe
3668 1366 3902 1427 respon
3951 1344 4050 1428 i2)
4112 1353 4332 1411 nostro
4392 1343 4626 1411 Ganda-

2712 1434 2895 1498 vensi
2951 1431 3035 1498 ad
3091 1430 3531 1515 patrocinium
3586 1430 3869 1498 missalis
3928 1429 4451 1497 abominationis.
4527 1430 4628 1497 Ille

2708 1524 2935 1584 tamen
2993 1516 3178 1582 nihil.
3267 1515 3620 1600 Rescripsi.
3713 1516 3892 1582 Tuas
3960 1516 4184 1586 literas
4242 1516 4411 1581 mihi
4475 1515 4629 1582 reddi

2709 1611 3062 1687 antequam
3105 1600 3188 1667 ad
3228 1600 3420 1667 illum
3461 1600 3764 1668 accedam
3805 1601 4231 1669 vehementer
4274 1610 4451 1686 opto.
4531 1603 4633 1668 Est

2710 1689 2887 1753 enim
2932 1685 3230 1752 eruditus
3288 1687 3391 1751 vir
3445 1695 3512 1752 et
3569 1687 4007 1771 placidissimo
4050 1688 4353 1773 ingenio,
4423 1689 4526 1772 qui
4565 1710 4631 1754 ue

2709 1773 3109 1859 singularem
3133 1772 3260 1838 Dei
3304 1774 3607 1839 timorem
3643 1795 3799 1857 prae
3844 1794 3915 1838 se
3958 1774 4129 1839 ferre
4173 1772 4458 1840 videtur.
4553 1782 4634 1839 ta·

2710 1881 2834 1943 que
2879 1859 3236 1943 plurimum
3277 1878 3468 1942 spero
3511 1861 3957 1942 profecturum
4000 1860 4057 1924 si
4102 1857 4186 1925 ad
4219 1858 4408 1925 illum
4456 1860 4634 1943 scrip·

2709 1946 2891 2011 seris.
3002 1944 3366 2010 Fraxineae
3382 1946 3438 2021 8)
3507 1946 3758 2011 obitum
3822 1946 3958 2010 iam
4014 1945 4254 2011 vestris
4316 1966 4358 2010 a
4427 1947 4636 2011 marito

2709 2033 3025 2114 scriptum
3082 2030 3396 2113 intelligo.
3499 2031 3734 2114 Itaque
3796 2029 4204 2115 supersedeo.
4294 2029 4511 2097 Valde
4550 2052 4638 2096 me

2707 2118 2976 2182 miseret
3020 2115 3381 2181 multorum
3425 2118 3537 2199 qui
3584 2114 3925 2183 Christum
3975 2117 4081 2182 hic
4147 2125 4389 2182 norunt
4438 2125 4505 2182 et
4543 2119 4640 2181 vix

2708 2202 2953 2267 audent
2996 2222 3067 2267 os
3112 2201 3382 2283 aperire.
3473 2200 3643 2268 Caro
3698 2202 3862 2268 haec
3919 2200 4109 2282 adeo,
4170 2223 4303 2267 non
4364 2201 4506 2268 dico
4560 2204 4641 2266 in-

2707 2289 2916 2367 firma,
2962 2286 3076 2354 sed
3121 2287 3318 2351 nimis
3364 2286 3648 2354 hominis
3693 2290 3886 2353 firma
3926 2294 4027 2353 est
4084 2295 4153 2353 et
4194 2287 4485 2355 robusta.
4569 2287 4639 2353 In

2703 2373 3032 2457 plerisque
3076 2373 3251 2439 enim
3295 2393 3327 2437 s
3373 2373 3603 2438 iritum
3647 2374 3853 2440 vincit
3907 2395 4029 2439 nec
4088 2374 4248 2438 sinit
4293 2373 4426 2439 Dei
4468 2375 4641 2438 timo-

2702 2480 2844 2525 rem
2904 2480 3200 2545 regnare.
3374 2459 3633 2525 ominus
3708 2480 3934 2525 omnes
3989 2459 4097 2526 his
4153 2458 4442 2525 miseriis
4499 2457 4642 2525 libe—

2701 2552 2847 2696 mih
2862 2554 2928 2610 et
2985 2544 3251 2611 tandem
3311 2543 3659 2627 aliquando
3714 2544 4161 2630 palabundum
4228 2565 4502 2630 gregem
4554 2566 4643 2610 re·

2699 2651 2774 2698 co
2830 2631 2843 2646 '
2895 2638 2981 2697 at.

2849 2652 3078 2782 gPlura
3133 2717 3409 2783 scribam
3490 2716 3606 2782 ubi
3673 2717 4113 2802 Argentinam
4176 2714 4454 2782 rediero.
4559 2717 4641 2782 Et

2702 2800 2886 2868 brevi
2932 2802 3234 2867 futurum
3278 2823 3485 2885 spero.
3575 2803 3853 2869 Interim
3909 2823 4107 2886 perge
4162 2822 4270 2867 me
4326 2823 4549 2868 amare
4587 2811 4643 2868 et

2704 2888 3063 2954 Dominum
3107 2887 3333 2954 Iesum
3388 2909 3507 2972 pro
3565 2909 3673 2953 me
3717 2909 3966 2974 rogare.
4055 2887 4264 2954 Uxori
4311 2901 4484 2967 tuae,
4530 2887 4646 2953 fra·

2702 2975 2821 3051 tri,
2890 2974 3180 3040 Galla-sio
3235 2984 3300 3038 et
3358 2975 3744 3059 symmystis
3802 2976 4103 3041 omnibus
4158 2975 4512 3058 plurimam
4566 2996 4641 3039 ex

2702 3080 2809 3125 me
2855 3060 3130 3126 salutem
3177 3060 3367 3126 dices.
3471 3059 3779 3127 Christus
3825 3059 3975 3144 Opt.
4023 3061 4203 3126 Max.
4251 3069 4316 3125 te
4362 3081 4480 3127 suo
4526 3083 4555 3127 s
4597 3061 4645 3124 i·

2704 3147 2835 3211 ritu
2882 3155 3122 3230 augeat
3174 3157 3243 3212 et
3296 3168 3488 3228 quam
3550 3145 3914 3213 diutissime
3969 3167 4127 3212 suae
4179 3156 4397 3213 servet
4455 3167 4645 3214 ecce-

2703 3233 2856 3298 siae.
2924 3233 3217 3315 Raptim.
3242 3232 3651 3315 Antverpiao
3694 3232 3777 3298 ad
3821 3234 4123 3314 quintum
4147 3231 4289 3299 Oal.
4315 3231 4643 3317 Septemb.

2997 3456 3069 3521 Τ.
3116 3477 3178 3538 p.
3225 3453 3840 3521 observantissimus
3884 3455 4057 3521 filius
4101 3464 4168 3520 et
4211 3454 4573 3538 discipulus

3178 3542 3248 3605 in
3293 3541 3561 3607 Christo
3608 3539 4019 3608 Valerandus
4063 3541 4399 3607 Pollanus.

2876 3745 3100 3827 Quum
3142 3746 3266 3811 has
3310 3747 3723 3832 obsignarem
3758 3746 4054 3813 redditus
4098 3754 4199 3812 est
4239 3747 4353 3813 abs
4393 3755 4465 3811 te
4510 3746 4645 3812 lite-

2701 3852 2925 3897 rarum
2970 3832 3351 3913 fasciculus,
3409 3834 3480 3897 in
3526 3854 3683 3918 quo,
3746 3853 3947 3914 quum
4004 3832 4232 3897 literas
4288 3832 4373 3896 ad
4417 3833 4645 3898 Wesa·
4768 3824 4776 3905 ἶ

2701 3917 2975 3984 liensem
3013 3930 3080 3984 et
3102 3918 3479 4001 Aquensem
3503 3919 3806 3986 ecclesias
3837 3918 3988 3997 vidi,
4026 3916 4264 4002 gaudio
4300 3918 4646 3985 exsultavit

2702 4024 2814 4070 cor
2856 4024 3094 4068 meum.
3184 4004 3457 4071 Faciam
3501 4004 3727 4071 sedulo
3770 4003 3945 4088 quod
4004 4011 4275 4087 paterne
4321 4013 4384 4069 et
4430 4013 4644 4070 sancte

2702 4111 2946 4155 mones.
3038 4087 3172 4155 Sed
3214 4091 3518 4174 inprimis
3562 4089 3809 4175 gratias
3865 4110 3989 4174 ago
4049 4110 4166 4173 pro
4210 4110 4524 4173 responso
4566 4087 4642 4155 ad

2701 4176 3076 4241 missarium
3110 4184 3478 4258 patronum.
3570 4178 3719 4243 Non
3763 4184 4023 4260 poterat
4058 4174 4241 4241 reddi
4286 4177 4502 4261 magis
4537 4196 4641 4258 op-

2700 4269 2994 4345 portune.
3084 4260 3293 4343 Spero
3340 4265 3516 4328 enim
3561 4262 3746 4329 brevi
3802 4275 3919 4328 aut
3971 4260 4164 4327 illum
4222 4261 4353 4328 huc
4397 4261 4483 4327 ad
4525 4280 4638 4339 me,

2699 4355 2816 4411 aut
2857 4368 2962 4411 me
3004 4346 3085 4412 ad
3130 4347 3317 4413 illum
3360 4350 3628 4414 iturum.
3718 4348 3863 4433 Ego
3904 4347 4143 4413 iudicio
4189 4348 4529 4431 scripsisse
4569 4345 4641 4411 il-

2696 4432 2837 4497 lum
2879 4433 3169 4514 impulsu
3215 4434 3494 4499 aliorum
3551 4443 3626 4499 ut
3683 4433 3796 4501 abs
3841 4441 3907 4499 te
3951 4442 4067 4501 aut
4108 4432 4354 4500 Bucero
4397 4429 4637 4517 aliquid

2696 4524 3033 4601 praeterea
3078 4527 3510 4603 extorqueret,
3558 4519 3639 4585 ad
3675 4520 3943 4586 illorum
3986 4519 4469 4587 confirmandos
4509 4516 4635 4585 ani-

2729 4758 2872 4812 828.
2911 4758 2964 4823 1)
3010 4757 3239 4813 Comites
3272 4759 3341 4813 de
3374 4757 3678 4815 Neuenaar
3724 4774 3920 4814 nomeu·
3963 4774 4124 4814 suum
4169 4775 4207 4812 a
4253 4759 4370 4814 sede
4407 4773 4516 4812 sua
4549 4757 4635 4811 ha·

2696 4830 3486 4894 bueruntutcaeteriomnes,
3540 4828 3887 4884 haecautem
3932 4827 4632 4898 camoquaamwube·

2695 4898 2790 4953 bat
2822 4912 3112 4952 commune.
3184 4897 3517 4952 Bebbum'um
3550 4898 3706 4953 nobis
3747 4898 4106 4967 incoquitun,
4153 4913 4323 4966 prope
4357 4895 4631 4952 &olm

2698 4965 3065 5088 Afflppgmff
3096 4965 3335 5088 ΐῖἷιὲεω
3367 4966 3800 5089 ᾳυαηῧπῐῗῐυῖὀθ
3859 5034 3932 5089 lib
3962 5033 4069 5088 llus
4096 5033 4256 5089 Polla
4312 5035 4322 5047 ‘
4350 5033 4630 5089 laudatur·

2698 5102 2882 5158 Traite
2917 5037 3187 5157 ties-3310
3225 5038 3638 5186 ‹idaim-”edent
3669 5075 3751 5156 ‘de
3796 5033 3851 5156 l)a
3886 5049 4030 5157 ane
4077 5119 4209 5157 avec
4243 5051 4499 5172 ἔψαυε
4532 5117 4629 5155 aux

2696 5174 3017 5243 principaux
3054 5189 3343 5242 argumens
3381 5173 3477 5227 des
3513 5187 3731 5227 anciens
3766 5177 3824 5226 et
3855 5173 4143 5254 model-nep
4178 5178 4360 5253 contre
4377 5187 4442 5225 ce
4459 5185 4623 5225 sacre

2695 5248 2864 5299 mm·
2902 5240 3601 5379 3?“13⁸.?‚;.¹Z⁷a223.⁸2.³⁶
3621 5240 4208 5381 ffiffif‘ffa
4279 5238 4464 5361 ‘m
