<?xml version="1.0" encoding="UTF-8"?>
<!DOCTYPE html PUBLIC "-//W3C//DTD XHTML 1.0 Transitional//EN"
    "http://www.w3.org/TR/xhtml1/DTD/xhtml1-transitional.dtd">
<html xmlns="http://www.w3.org/1999/xhtml" xml:lang="en" lang="en">
 <head>
  <title>
</title>
<meta http-equiv="Content-Type" content="text/html;charset=utf-8" />
  <meta name='ocr-system' content='tesseract 3.04.00' />
  <meta name='ocr-capabilities' content='ocr_page ocr_carea ocr_par ocr_line ocrx_word'/>
</head>
<body>
  <div class='ocr_page' id='page_1' title='image "./ioanniscalvinio10unkngoog_0079.png"; bbox 0 0 4825 6175; ppageno 0'>
   <div class='ocr_carea' id='block_1_1' title="bbox 236 395 349 457">
    <p class='ocr_par' dir='ltr' id='par_1_1' title="bbox 236 395 349 457">
     <span class='ocr_line' id='line_1_1' title="bbox 236 395 349 457; baseline 0 0"><span class='ocrx_word' id='word_1_1' title='bbox 236 395 349 457; x_wconf 89' lang='grc'><strong>105</strong></span> 
     </span>
    </p>
   </div>
   <div class='ocr_carea' id='block_1_2' title="bbox 211 575 2177 4862">
    <p class='ocr_par' dir='ltr' id='par_1_2' title="bbox 211 575 2171 2359">
     <span class='ocr_line' id='line_1_2' title="bbox 233 575 2166 663; baseline -0.002 -16"><span class='ocrx_word' id='word_1_2' title='bbox 233 586 305 647; x_wconf 91' lang='lat' dir='ltr'><strong>ut</strong></span> <span class='ocrx_word' id='word_1_3' title='bbox 344 585 567 663; x_wconf 88' lang='lat' dir='ltr'><strong>postea</strong></span> <span class='ocrx_word' id='word_1_4' title='bbox 610 577 871 645; x_wconf 88' lang='lat' dir='ltr'><strong>silentio</strong></span> <span class='ocrx_word' id='word_1_5' title='bbox 915 578 1276 645; x_wconf 75' lang='lat' dir='ltr'><strong>doctrinam</strong></span> <span class='ocrx_word' id='word_1_6' title='bbox 1332 575 1515 644; x_wconf 88' lang='lat' dir='ltr'><strong>illam</strong></span> <span class='ocrx_word' id='word_1_7' title='bbox 1558 583 1873 661; x_wconf 88' lang='lat' dir='ltr'><strong>perpetuo</strong></span> <span class='ocrx_word' id='word_1_8' title='bbox 1915 599 2166 661; x_wconf 91' lang='lat' dir='ltr'><strong>preme-</strong></span> 
     </span>
     <span class='ocr_line' id='line_1_3' title="bbox 229 663 2168 750; baseline -0.003 -17"><span class='ocrx_word' id='word_1_9' title='bbox 229 676 343 744; x_wconf 89' lang='lat' dir='ltr'><strong>ret,</strong></span> <span class='ocrx_word' id='word_1_10' title='bbox 387 663 570 731; x_wconf 89' lang='lat' dir='ltr'><strong>nobis</strong></span> <span class='ocrx_word' id='word_1_11' title='bbox 603 686 779 743; x_wconf 83' lang='lat' dir='ltr'><strong>ver0,</strong></span> <span class='ocrx_word' id='word_1_12' title='bbox 824 685 908 730; x_wconf 91' lang='lat' dir='ltr'><strong>ne</strong></span> <span class='ocrx_word' id='word_1_13' title='bbox 953 663 1034 729; x_wconf 92' lang='lat' dir='ltr'><strong>de</strong></span> <span class='ocrx_word' id='word_1_14' title='bbox 1076 664 1352 729; x_wconf 78' lang='lat' dir='ltr'><strong>victoria</strong></span> <span class='ocrx_word' id='word_1_15' title='bbox 1393 663 1852 750; x_wconf 80' lang='lat' dir='ltr'><strong>gloriaremur,</strong></span> <span class='ocrx_word' id='word_1_16' title='bbox 1895 683 1979 728; x_wconf 92' lang='lat' dir='ltr'><strong>ne</strong></span> <span class='ocrx_word' id='word_1_17' title='bbox 2015 663 2168 747; x_wconf 90' lang='lat' dir='ltr'><strong>quid</strong></span> 
     </span>
     <span class='ocr_line' id='line_1_4' title="bbox 229 747 2169 835; baseline -0.002 -17"><span class='ocrx_word' id='word_1_18' title='bbox 229 750 565 818; x_wconf 88' lang='lat' dir='ltr'><strong>turbarum</strong></span> <span class='ocrx_word' id='word_1_19' title='bbox 611 749 920 835; x_wconf 80' lang='lat' dir='ltr'><strong>deinceps</strong></span> <span class='ocrx_word' id='word_1_20' title='bbox 964 750 1378 816; x_wconf 77' lang='lat' dir='ltr'><strong>excitaretur.</strong></span> <span class='ocrx_word' id='word_1_21' title='bbox 1469 747 1547 815; x_wconf 82' lang='lat' dir='ltr'><strong>Si</strong></span> <span class='ocrx_word' id='word_1_22' title='bbox 1591 757 1811 814; x_wconf 89' lang='lat' dir='ltr'><strong>tamen</strong></span> <span class='ocrx_word' id='word_1_23' title='bbox 1854 748 1949 813; x_wconf 84' lang='lat' dir='ltr'><strong>ita</strong></span> <span class='ocrx_word' id='word_1_24' title='bbox 1991 759 2169 815; x_wconf 86' lang='lat' dir='ltr'><strong>certo</strong></span> 
     </span>
     <span class='ocr_line' id='line_1_5' title="bbox 226 834 2169 920; baseline -0.003 -17"><span class='ocrx_word' id='word_1_25' title='bbox 226 837 462 903; x_wconf 89' lang='lat' dir='ltr'><strong>habere</strong></span> <span class='ocrx_word' id='word_1_26' title='bbox 517 837 719 915; x_wconf 88' lang='lat' dir='ltr'><strong>nosti,</strong></span> <span class='ocrx_word' id='word_1_27' title='bbox 775 857 1045 920; x_wconf 75' lang='lat' dir='ltr'><strong>sequere</strong></span> <span class='ocrx_word' id='word_1_28' title='bbox 1099 845 1284 901; x_wconf 88' lang='lat' dir='ltr'><strong>tuam</strong></span> <span class='ocrx_word' id='word_1_29' title='bbox 1342 834 1767 901; x_wconf 87' lang='lat' dir='ltr'><strong>sententiam:</strong></span> <span class='ocrx_word' id='word_1_30' title='bbox 1824 834 1990 899; x_wconf 92' lang='lat' dir='ltr'><strong>mihi</strong></span> <span class='ocrx_word' id='word_1_31' title='bbox 2031 855 2169 899; x_wconf 90' lang='lat' dir='ltr'><strong>me-</strong></span> 
     </span>
     <span class='ocr_line' id='line_1_6' title="bbox 228 920 2165 1005; baseline -0.002 -17"><span class='ocrx_word' id='word_1_32' title='bbox 228 922 431 988; x_wconf 90' lang='lat' dir='ltr'><strong>moria</strong></span> <span class='ocrx_word' id='word_1_33' title='bbox 486 922 740 1004; x_wconf 88' lang='lat' dir='ltr'><strong>reliqua</strong></span> <span class='ocrx_word' id='word_1_34' title='bbox 789 921 1207 997; x_wconf 89' lang='lat' dir='ltr'><strong>exciderunt,</strong></span> <span class='ocrx_word' id='word_1_35' title='bbox 1264 928 1525 1005; x_wconf 87' lang='lat' dir='ltr'><strong>praeter</strong></span> <span class='ocrx_word' id='word_1_36' title='bbox 1582 920 1744 986; x_wconf 91' lang='lat' dir='ltr'><strong>hacc</strong></span> <span class='ocrx_word' id='word_1_37' title='bbox 1784 940 1949 1004; x_wconf 91' lang='lat' dir='ltr'><strong>quae</strong></span> <span class='ocrx_word' id='word_1_38' title='bbox 1992 942 2165 987; x_wconf 91' lang='lat' dir='ltr'><strong>com-</strong></span> 
     </span>
     <span class='ocr_line' id='line_1_7' title="bbox 226 1005 2167 1089; baseline -0.002 -15"><span class='ocrx_word' id='word_1_39' title='bbox 226 1027 530 1074; x_wconf 89' lang='lat' dir='ltr'><strong>memoro.</strong></span> <span class='ocrx_word' id='word_1_40' title='bbox 578 1006 883 1089; x_wconf 81' lang='lat' dir='ltr'><strong>Quorum</strong></span> <span class='ocrx_word' id='word_1_41' title='bbox 927 1017 992 1072; x_wconf 92' lang='lat' dir='ltr'><strong>te</strong></span> <span class='ocrx_word' id='word_1_42' title='bbox 1035 1006 1268 1072; x_wconf 85' lang='lat' dir='ltr'><strong>lubens</strong></span> <span class='ocrx_word' id='word_1_43' title='bbox 1310 1006 1455 1072; x_wconf 91' lang='lat' dir='ltr'><strong>ideo</strong></span> <span class='ocrx_word' id='word_1_44' title='bbox 1498 1027 1753 1082; x_wconf 88' lang='lat' dir='ltr'><strong>moneo,</strong></span> <span class='ocrx_word' id='word_1_45' title='bbox 1797 1005 1970 1089; x_wconf 92' lang='lat' dir='ltr'><strong>quod</strong></span> <span class='ocrx_word' id='word_1_46' title='bbox 2014 1028 2167 1072; x_wconf 92' lang='lat' dir='ltr'><strong>con-</strong></span> 
     </span>
     <span class='ocr_line' id='line_1_8' title="bbox 224 1091 2170 1174; baseline -0.003 -14"><span class='ocrx_word' id='word_1_47' title='bbox 224 1094 551 1160; x_wconf 88' lang='lat' dir='ltr'><strong>sistorium</strong></span> <span class='ocrx_word' id='word_1_48' title='bbox 610 1095 683 1157; x_wconf 92' lang='lat' dir='ltr'><strong>in</strong></span> <span class='ocrx_word' id='word_1_49' title='bbox 738 1093 1189 1158; x_wconf 90' lang='lat' dir='ltr'><strong>testimonium</strong></span> <span class='ocrx_word' id='word_1_50' title='bbox 1247 1113 1441 1158; x_wconf 83' lang='lat' dir='ltr'><strong>vocas</strong></span> <span class='ocrx_word' id='word_1_51' title='bbox 1499 1091 1669 1174; x_wconf 90' lang='lat' dir='ltr'><strong>quod</strong></span> <span class='ocrx_word' id='word_1_52' title='bbox 1727 1091 1870 1156; x_wconf 87' lang='lat' dir='ltr'><strong>eius</strong></span> <span class='ocrx_word' id='word_1_53' title='bbox 1936 1091 2170 1156; x_wconf 91' lang='lat' dir='ltr'><strong>honori</strong></span> 
     </span>
     <span class='ocr_line' id='line_1_9' title="bbox 265 1176 2167 1260; baseline -0.001 -16"><span class='ocrx_word' id='word_1_54' title='bbox 265 1200 483 1246; x_wconf 89' lang='lat' dir='ltr'><strong>arcere</strong></span> <span class='ocrx_word' id='word_1_55' title='bbox 518 1178 742 1244; x_wconf 87' lang='lat' dir='ltr'><strong>voluit.</strong></span> <span class='ocrx_word' id='word_1_56' title='bbox 788 1177 897 1245; x_wconf 82' lang='lat' dir='ltr'><strong>Ad</strong></span> <span class='ocrx_word' id='word_1_57' title='bbox 933 1180 1094 1244; x_wconf 89' lang='lat' dir='ltr'><strong>haec</strong></span> <span class='ocrx_word' id='word_1_58' title='bbox 1128 1179 1193 1243; x_wconf 90' lang='lat' dir='ltr'><strong>in</strong></span> <span class='ocrx_word' id='word_1_59' title='bbox 1221 1177 1602 1245; x_wconf 82' lang='lat' dir='ltr'><strong>Genevensi</strong></span> <span class='ocrx_word' id='word_1_60' title='bbox 1623 1176 2062 1260; x_wconf 88' lang='lat' dir='ltr'><strong>disputatione</strong></span> <span class='ocrx_word' id='word_1_61' title='bbox 2086 1179 2167 1250; x_wconf 90' lang='lat'><strong>¹⁰)</strong></span> 
     </span>
     <span class='ocr_line' id='line_1_10' title="bbox 221 1261 2168 1347; baseline -0.002 -17"><span class='ocrx_word' id='word_1_62' title='bbox 221 1276 311 1330; x_wconf 78' lang='lat' dir='ltr'><strong>ita</strong></span> <span class='ocrx_word' id='word_1_63' title='bbox 344 1265 588 1330; x_wconf 86' lang='lat' dir='ltr'><strong>missae</strong></span> <span class='ocrx_word' id='word_1_64' title='bbox 624 1286 941 1330; x_wconf 88' lang='lat' dir='ltr'><strong>canonem</strong></span> <span class='ocrx_word' id='word_1_65' title='bbox 977 1266 1114 1330; x_wconf 89' lang='lat' dir='ltr'><strong>suis</strong></span> <span class='ocrx_word' id='word_1_66' title='bbox 1152 1261 1801 1347; x_wconf 78' lang='lat' dir='ltr'><strong>interpretationibus</strong></span> <span class='ocrx_word' id='word_1_67' title='bbox 1844 1262 2168 1339; x_wconf 88' lang='lat' dir='ltr'><strong>tuebatur,</strong></span> 
     </span>
     <span class='ocr_line' id='line_1_11' title="bbox 220 1348 2170 1435; baseline -0.002 -19"><span class='ocrx_word' id='word_1_68' title='bbox 220 1360 292 1417; x_wconf 91' lang='lat' dir='ltr'><strong>ut</strong></span> <span class='ocrx_word' id='word_1_69' title='bbox 347 1361 414 1416; x_wconf 90' lang='lat' dir='ltr'><strong>et</strong></span> <span class='ocrx_word' id='word_1_70' title='bbox 468 1349 842 1435; x_wconf 88' lang='lat' dir='ltr'><strong>papismum</strong></span> <span class='ocrx_word' id='word_1_71' title='bbox 901 1356 1229 1415; x_wconf 82' lang='lat' dir='ltr'><strong>everteret</strong></span> <span class='ocrx_word' id='word_1_72' title='bbox 1277 1355 1347 1415; x_wconf 90' lang='lat' dir='ltr'><strong>et</strong></span> <span class='ocrx_word' id='word_1_73' title='bbox 1403 1349 1484 1414; x_wconf 92' lang='lat' dir='ltr'><strong>ad</strong></span> <span class='ocrx_word' id='word_1_74' title='bbox 1544 1348 1892 1415; x_wconf 83' lang='lat' dir='ltr'><strong>veritatem</strong></span> <span class='ocrx_word' id='word_1_75' title='bbox 1946 1355 2170 1413; x_wconf 89' lang='lat' dir='ltr'><strong>tamen</strong></span> 
     </span>
     <span class='ocr_line' id='line_1_12' title="bbox 220 1433 2166 1503; baseline -0.003 -1"><span class='ocrx_word' id='word_1_76' title='bbox 220 1458 351 1502; x_wconf 92' lang='lat' dir='ltr'><strong>non</strong></span> <span class='ocrx_word' id='word_1_77' title='bbox 396 1437 762 1503; x_wconf 76' lang='lat' dir='ltr'><strong>accederet:</strong></span> <span class='ocrx_word' id='word_1_78' title='bbox 813 1433 1245 1502; x_wconf 85' lang='lat' dir='ltr'><strong>contendebat</strong></span> <span class='ocrx_word' id='word_1_79' title='bbox 1289 1449 1508 1500; x_wconf 85' lang='lat' dir='ltr'><strong>tamen</strong></span> <span class='ocrx_word' id='word_1_80' title='bbox 1555 1447 1810 1500; x_wconf 84' lang='lat' dir='ltr'><strong>veteres</strong></span> <span class='ocrx_word' id='word_1_81' title='bbox 1845 1434 1938 1500; x_wconf 91' lang='lat' dir='ltr'><strong>sic</strong></span> <span class='ocrx_word' id='word_1_82' title='bbox 1973 1433 2166 1498; x_wconf 88' lang='lat' dir='ltr'><strong>intel-</strong></span> 
     </span>
     <span class='ocr_line' id='line_1_13' title="bbox 217 1520 2165 1605; baseline -0.001 -18"><span class='ocrx_word' id='word_1_83' title='bbox 217 1521 474 1588; x_wconf 82' lang='lat' dir='ltr'><strong>lexisse.</strong></span> <span class='ocrx_word' id='word_1_84' title='bbox 563 1520 1397 1587; x_wconf 75' lang='lat' dir='ltr'><strong>Transsubstantiationem</strong></span> <span class='ocrx_word' id='word_1_85' title='bbox 1452 1520 1764 1605; x_wconf 87' lang='lat' dir='ltr'><strong>negabat,</strong></span> <span class='ocrx_word' id='word_1_86' title='bbox 1811 1528 1879 1584; x_wconf 90' lang='lat' dir='ltr'><strong>et</strong></span> <span class='ocrx_word' id='word_1_87' title='bbox 1920 1520 2165 1585; x_wconf 81' lang='lat' dir='ltr'><strong>sacrifi-</strong></span> 
     </span>
     <span class='ocr_line' id='line_1_14' title="bbox 220 1604 2168 1690; baseline -0.002 -17"><span class='ocrx_word' id='word_1_88' title='bbox 220 1607 386 1674; x_wconf 90' lang='lat' dir='ltr'><strong>cium</strong></span> <span class='ocrx_word' id='word_1_89' title='bbox 406 1659 422 1687; x_wconf 87' lang='lat'>‚</span> <span class='ocrx_word' id='word_1_90' title='bbox 486 1608 601 1673; x_wconf 90' lang='lat' dir='ltr'><strong>sed</strong></span> <span class='ocrx_word' id='word_1_91' title='bbox 660 1607 1220 1690; x_wconf 84' lang='lat' dir='ltr'><strong>interpretabatur</strong></span> <span class='ocrx_word' id='word_1_92' title='bbox 1290 1606 1682 1672; x_wconf 87' lang='lat' dir='ltr'><strong>sacrificium</strong></span> <span class='ocrx_word' id='word_1_93' title='bbox 1701 1657 1716 1682; x_wconf 89' lang='lat'>‚</span> <span class='ocrx_word' id='word_1_94' title='bbox 1783 1604 2168 1670; x_wconf 89' lang='lat' dir='ltr'><strong>memoriam</strong></span> 
     </span>
     <span class='ocr_line' id='line_1_15' title="bbox 219 1689 2168 1778; baseline -0.003 -19"><span class='ocrx_word' id='word_1_95' title='bbox 219 1693 549 1773; x_wconf 88' lang='lat' dir='ltr'><strong>sacrificii,</strong></span> <span class='ocrx_word' id='word_1_96' title='bbox 611 1713 687 1758; x_wconf 88' lang='lat' dir='ltr'><strong>eo</strong></span> <span class='ocrx_word' id='word_1_97' title='bbox 733 1705 920 1778; x_wconf 89' lang='lat' dir='ltr'><strong>tropo</strong></span> <span class='ocrx_word' id='word_1_98' title='bbox 962 1691 1353 1777; x_wconf 81' lang='lat' dir='ltr'><strong>(inquiebat)</strong></span> <span class='ocrx_word' id='word_1_99' title='bbox 1409 1711 1538 1774; x_wconf 91' lang='lat' dir='ltr'><strong>quo</strong></span> <span class='ocrx_word' id='word_1_100' title='bbox 1596 1713 1714 1757; x_wconf 90' lang='lat' dir='ltr'><strong>nos</strong></span> <span class='ocrx_word' id='word_1_101' title='bbox 1755 1691 1873 1756; x_wconf 89' lang='lat' dir='ltr'><strong>illa</strong></span> <span class='ocrx_word' id='word_1_102' title='bbox 1915 1689 2168 1756; x_wconf 82' lang='lat' dir='ltr'><strong>Christi</strong></span> 
     </span>
     <span class='ocr_line' id='line_1_16' title="bbox 218 1777 2171 1861; baseline -0.002 -17"><span class='ocrx_word' id='word_1_103' title='bbox 218 1779 451 1844; x_wconf 87' lang='lat' dir='ltr'><strong>verba:</strong></span> <span class='ocrx_word' id='word_1_104' title='bbox 499 1778 651 1844; x_wconf 91' lang='lat' dir='ltr'><strong>Hoc</strong></span> <span class='ocrx_word' id='word_1_105' title='bbox 693 1787 797 1843; x_wconf 86' lang='lat' dir='ltr'><strong>est</strong></span> <span class='ocrx_word' id='word_1_106' title='bbox 839 1800 1075 1861; x_wconf 89' lang='lat' dir='ltr'><strong>corpus</strong></span> <span class='ocrx_word' id='word_1_107' title='bbox 1116 1798 1339 1843; x_wconf 89' lang='lat' dir='ltr'><strong>meum</strong></span> <span class='ocrx_word' id='word_1_108' title='bbox 1385 1787 1505 1842; x_wconf 91' lang='lat' dir='ltr'><strong>etc.</strong></span> <span class='ocrx_word' id='word_1_109' title='bbox 1586 1777 1755 1843; x_wconf 91' lang='lat' dir='ltr'><strong>Utut</strong></span> <span class='ocrx_word' id='word_1_110' title='bbox 1796 1785 2021 1841; x_wconf 90' lang='lat' dir='ltr'><strong>tamen</strong></span> <span class='ocrx_word' id='word_1_111' title='bbox 2063 1797 2171 1841; x_wconf 89' lang='lat' dir='ltr'><strong>res</strong></span> 
     </span>
     <span class='ocr_line' id='line_1_17' title="bbox 215 1859 2167 1948; baseline -0.003 -17"><span class='ocrx_word' id='word_1_112' title='bbox 215 1864 551 1944; x_wconf 80' lang='lat' dir='ltr'><strong>habuerit,</strong></span> <span class='ocrx_word' id='word_1_113' title='bbox 605 1864 700 1929; x_wconf 86' lang='lat' dir='ltr'><strong>ita</strong></span> <span class='ocrx_word' id='word_1_114' title='bbox 754 1863 1131 1948; x_wconf 84' lang='lat' dir='ltr'><strong>disputabat</strong></span> <span class='ocrx_word' id='word_1_115' title='bbox 1185 1863 1526 1929; x_wconf 89' lang='lat' dir='ltr'><strong>nobiscum</strong></span> <span class='ocrx_word' id='word_1_116' title='bbox 1579 1872 1654 1928; x_wconf 92' lang='lat' dir='ltr'><strong>ut</strong></span> <span class='ocrx_word' id='word_1_117' title='bbox 1696 1861 1902 1928; x_wconf 90' lang='lat' dir='ltr'><strong>nollet</strong></span> <span class='ocrx_word' id='word_1_118' title='bbox 1957 1859 2167 1928; x_wconf 88' lang='lat' dir='ltr'><strong>hostis</strong></span> 
     </span>
     <span class='ocr_line' id='line_1_18' title="bbox 215 1945 2165 2040; baseline -0.003 -24"><span class='ocrx_word' id='word_1_119' title='bbox 215 1949 435 2017; x_wconf 88' lang='lat' dir='ltr'><strong>haberi</strong></span> <span class='ocrx_word' id='word_1_120' title='bbox 483 1951 813 2028; x_wconf 83' lang='lat' dir='ltr'><strong>veritatis,</strong></span> <span class='ocrx_word' id='word_1_121' title='bbox 871 1949 985 2016; x_wconf 89' lang='lat' dir='ltr'><strong>sed</strong></span> <span class='ocrx_word' id='word_1_122' title='bbox 1040 1959 1261 2040; x_wconf 74' lang='lat' dir='ltr'><strong>tamen</strong></span> <span class='ocrx_word' id='word_1_123' title='bbox 1308 1969 1548 2014; x_wconf 83' lang='lat' dir='ltr'><strong>nervos</strong></span> <span class='ocrx_word' id='word_1_124' title='bbox 1602 1969 1828 2013; x_wconf 90' lang='lat' dir='ltr'><strong>omnes</strong></span> <span class='ocrx_word' id='word_1_125' title='bbox 1864 1945 2165 2013; x_wconf 87' lang='lat' dir='ltr'><strong>intende-</strong></span> 
     </span>
     <span class='ocr_line' id='line_1_19' title="bbox 212 2033 2171 2118; baseline -0.003 -15"><span class='ocrx_word' id='word_1_126' title='bbox 212 2036 320 2103; x_wconf 86' lang='lat' dir='ltr'><strong>bat</strong></span> <span class='ocrx_word' id='word_1_127' title='bbox 354 2044 431 2102; x_wconf 89' lang='lat' dir='ltr'><strong>ut</strong></span> <span class='ocrx_word' id='word_1_128' title='bbox 466 2035 776 2113; x_wconf 84' lang='lat' dir='ltr'><strong>vinceret,</strong></span> <span class='ocrx_word' id='word_1_129' title='bbox 813 2057 888 2101; x_wconf 91' lang='lat' dir='ltr'><strong>ac</strong></span> <span class='ocrx_word' id='word_1_130' title='bbox 922 2056 1038 2101; x_wconf 90' lang='lat' dir='ltr'><strong>ora</strong></span> <span class='ocrx_word' id='word_1_131' title='bbox 1079 2033 1267 2100; x_wconf 88' lang='lat' dir='ltr'><strong>nobis</strong></span> <span class='ocrx_word' id='word_1_132' title='bbox 1300 2034 1688 2114; x_wconf 85' lang='lat' dir='ltr'><strong>obstrueret,</strong></span> <span class='ocrx_word' id='word_1_133' title='bbox 1732 2054 1859 2118; x_wconf 91' lang='lat' dir='ltr'><strong>quo</strong></span> <span class='ocrx_word' id='word_1_134' title='bbox 1901 2033 2171 2117; x_wconf 85' lang='lat' dir='ltr'><strong>gloriari</strong></span> 
     </span>
     <span class='ocr_line' id='line_1_20' title="bbox 214 2119 2166 2206; baseline -0.003 -17"><span class='ocrx_word' id='word_1_135' title='bbox 214 2131 428 2206; x_wconf 87' lang='lat' dir='ltr'><strong>posset</strong></span> <span class='ocrx_word' id='word_1_136' title='bbox 472 2119 558 2186; x_wconf 92' lang='lat' dir='ltr'><strong>de</strong></span> <span class='ocrx_word' id='word_1_137' title='bbox 599 2121 893 2188; x_wconf 86' lang='lat' dir='ltr'><strong>victoria.</strong></span> <span class='ocrx_word' id='word_1_138' title='bbox 969 2121 1145 2187; x_wconf 88' lang='lat' dir='ltr'><strong>Nam</strong></span> <span class='ocrx_word' id='word_1_139' title='bbox 1189 2140 1266 2185; x_wconf 90' lang='lat' dir='ltr'><strong>eo</strong></span> <span class='ocrx_word' id='word_1_140' title='bbox 1311 2129 1451 2184; x_wconf 90' lang='lat' dir='ltr'><strong>erat</strong></span> <span class='ocrx_word' id='word_1_141' title='bbox 1492 2119 1755 2205; x_wconf 89' lang='lat' dir='ltr'><strong>ingenio</strong></span> <span class='ocrx_word' id='word_1_142' title='bbox 1798 2131 1876 2186; x_wconf 87' lang='lat' dir='ltr'><strong>ut</strong></span> <span class='ocrx_word' id='word_1_143' title='bbox 1918 2119 2166 2204; x_wconf 88' lang='lat' dir='ltr'><strong>gloriae</strong></span> 
     </span>
     <span class='ocr_line' id='line_1_21' title="bbox 213 2204 2167 2290; baseline -0.002 -17"><span class='ocrx_word' id='word_1_144' title='bbox 213 2208 335 2274; x_wconf 91' lang='lat' dir='ltr'><strong>Dei</strong></span> <span class='ocrx_word' id='word_1_145' title='bbox 377 2215 444 2274; x_wconf 91' lang='lat' dir='ltr'><strong>et</strong></span> <span class='ocrx_word' id='word_1_146' title='bbox 484 2208 628 2273; x_wconf 90' lang='lat' dir='ltr'><strong>eius</strong></span> <span class='ocrx_word' id='word_1_147' title='bbox 662 2207 926 2275; x_wconf 79' lang='lat' dir='ltr'><strong>veritati</strong></span> <span class='ocrx_word' id='word_1_148' title='bbox 970 2207 1336 2272; x_wconf 87' lang='lat' dir='ltr'><strong>detractum</strong></span> <span class='ocrx_word' id='word_1_149' title='bbox 1379 2217 1666 2289; x_wconf 89' lang='lat' dir='ltr'><strong>cuperet,</strong></span> <span class='ocrx_word' id='word_1_150' title='bbox 1712 2214 1790 2270; x_wconf 91' lang='lat' dir='ltr'><strong>ut</strong></span> <span class='ocrx_word' id='word_1_151' title='bbox 1832 2225 1989 2271; x_wconf 86' lang='lat' dir='ltr'><strong>suae</strong></span> <span class='ocrx_word' id='word_1_152' title='bbox 2033 2204 2167 2290; x_wconf 89' lang='lat' dir='ltr'><strong>glo-</strong></span> 
     </span>
     <span class='ocr_line' id='line_1_22' title="bbox 211 2292 739 2359; baseline -0.004 0"><span class='ocrx_word' id='word_1_153' title='bbox 211 2295 339 2359; x_wconf 84' lang='lat' dir='ltr'><strong>riae</strong></span> <span class='ocrx_word' id='word_1_154' title='bbox 381 2292 739 2359; x_wconf 83' lang='lat' dir='ltr'><strong>accederet.</strong></span> 
     </span>
    </p>

    <p class='ocr_par' dir='ltr' id='par_1_3' title="bbox 212 2375 2172 3236">
     <span class='ocr_line' id='line_1_23' title="bbox 374 2375 2165 2462; baseline -0.003 -18"><span class='ocrx_word' id='word_1_155' title='bbox 374 2379 571 2445; x_wconf 89' lang='lat' dir='ltr'><strong>Haec</strong></span> <span class='ocrx_word' id='word_1_156' title='bbox 624 2386 784 2443; x_wconf 88' lang='lat' dir='ltr'><strong>sunt</strong></span> <span class='ocrx_word' id='word_1_157' title='bbox 841 2399 1010 2462; x_wconf 86' lang='lat' dir='ltr'><strong>quae</strong></span> <span class='ocrx_word' id='word_1_158' title='bbox 1049 2375 1394 2443; x_wconf 88' lang='lat' dir='ltr'><strong>scribenda</strong></span> <span class='ocrx_word' id='word_1_159' title='bbox 1436 2377 1667 2454; x_wconf 89' lang='lat' dir='ltr'><strong>habui,</strong></span> <span class='ocrx_word' id='word_1_160' title='bbox 1723 2375 2021 2460; x_wconf 85' lang='lat' dir='ltr'><strong>quamvis</strong></span> <span class='ocrx_word' id='word_1_161' title='bbox 2065 2375 2165 2439; x_wconf 91' lang='lat' dir='ltr'><strong>in-</strong></span> 
     </span>
     <span class='ocr_line' id='line_1_24' title="bbox 214 2460 2165 2550; baseline -0.003 -20"><span class='ocrx_word' id='word_1_162' title='bbox 214 2461 408 2550; x_wconf 84' lang='lat' dir='ltr'><strong>digna</strong></span> <span class='ocrx_word' id='word_1_163' title='bbox 452 2463 694 2548; x_wconf 88' lang='lat' dir='ltr'><strong>quibus</strong></span> <span class='ocrx_word' id='word_1_164' title='bbox 737 2463 1031 2548; x_wconf 88' lang='lat' dir='ltr'><strong>legendis</strong></span> <span class='ocrx_word' id='word_1_165' title='bbox 1074 2463 1429 2547; x_wconf 86' lang='lat' dir='ltr'><strong>occuperis.</strong></span> <span class='ocrx_word' id='word_1_166' title='bbox 1519 2461 1599 2528; x_wconf 84' lang='lat' dir='ltr'><strong>Si</strong></span> <span class='ocrx_word' id='word_1_167' title='bbox 1640 2461 1807 2527; x_wconf 90' lang='lat' dir='ltr'><strong>nihil</strong></span> <span class='ocrx_word' id='word_1_168' title='bbox 1851 2471 1953 2527; x_wconf 89' lang='lat' dir='ltr'><strong>est</strong></span> <span class='ocrx_word' id='word_1_169' title='bbox 1992 2460 2165 2545; x_wconf 90' lang='lat' dir='ltr'><strong>quod</strong></span> 
     </span>
     <span class='ocr_line' id='line_1_25' title="bbox 212 2545 2170 2629; baseline -0.002 -14"><span class='ocrx_word' id='word_1_170' title='bbox 212 2556 272 2615; x_wconf 86' lang='lat' dir='ltr'><strong>te</strong></span> <span class='ocrx_word' id='word_1_171' title='bbox 313 2557 610 2629; x_wconf 82' lang='lat' dir='ltr'><strong>moveat,</strong></span> <span class='ocrx_word' id='word_1_172' title='bbox 672 2557 1013 2615; x_wconf 89' lang='lat' dir='ltr'><strong>contemne</strong></span> <span class='ocrx_word' id='word_1_173' title='bbox 1064 2556 1241 2627; x_wconf 81' lang='lat' dir='ltr'><strong>tuto,</strong></span> <span class='ocrx_word' id='word_1_174' title='bbox 1286 2545 1401 2615; x_wconf 89' lang='lat' dir='ltr'><strong>sed</strong></span> <span class='ocrx_word' id='word_1_175' title='bbox 1453 2547 1606 2613; x_wconf 83' lang='lat' dir='ltr'><strong>vide</strong></span> <span class='ocrx_word' id='word_1_176' title='bbox 1662 2569 1746 2612; x_wconf 90' lang='lat' dir='ltr'><strong>ne</strong></span> <span class='ocrx_word' id='word_1_177' title='bbox 1806 2547 2085 2613; x_wconf 86' lang='lat' dir='ltr'><strong>desistas</strong></span> <span class='ocrx_word' id='word_1_178' title='bbox 2129 2568 2170 2612; x_wconf 90' lang='lat' dir='ltr'><strong>a</strong></span> 
     </span>
     <span class='ocr_line' id='line_1_26' title="bbox 217 2632 2163 2721; baseline -0.004 -18"><span class='ocrx_word' id='word_1_179' title='bbox 217 2646 433 2721; x_wconf 89' lang='lat' dir='ltr'><strong>coepto</strong></span> <span class='ocrx_word' id='word_1_180' title='bbox 475 2656 690 2719; x_wconf 91' lang='lat' dir='ltr'><strong>opere.</strong></span> <span class='ocrx_word' id='word_1_181' title='bbox 752 2633 1075 2716; x_wconf 80' lang='lat' dir='ltr'><strong>Quamvis</strong></span> <span class='ocrx_word' id='word_1_182' title='bbox 1110 2634 1285 2699; x_wconf 90' lang='lat' dir='ltr'><strong>enim</strong></span> <span class='ocrx_word' id='word_1_183' title='bbox 1330 2634 1462 2699; x_wconf 91' lang='lat' dir='ltr'><strong>scio</strong></span> <span class='ocrx_word' id='word_1_184' title='bbox 1508 2643 1573 2699; x_wconf 90' lang='lat' dir='ltr'><strong>te</strong></span> <span class='ocrx_word' id='word_1_185' title='bbox 1615 2632 1991 2698; x_wconf 87' lang='lat' dir='ltr'><strong>melioribus</strong></span> <span class='ocrx_word' id='word_1_186' title='bbox 2026 2640 2163 2697; x_wconf 89' lang='lat' dir='ltr'><strong>stu-</strong></span> 
     </span>
     <span class='ocr_line' id='line_1_27' title="bbox 217 2719 2165 2807; baseline -0.002 -20"><span class='ocrx_word' id='word_1_187' title='bbox 217 2720 333 2787; x_wconf 87' lang='lat' dir='ltr'><strong>diis</strong></span> <span class='ocrx_word' id='word_1_188' title='bbox 388 2723 610 2807; x_wconf 82' lang='lat' dir='ltr'><strong>magis</strong></span> <span class='ocrx_word' id='word_1_189' title='bbox 668 2719 1011 2798; x_wconf 84' lang='lat' dir='ltr'><strong>delectari,</strong></span> <span class='ocrx_word' id='word_1_190' title='bbox 1069 2742 1259 2805; x_wconf 91' lang='lat' dir='ltr'><strong>spero</strong></span> <span class='ocrx_word' id='word_1_191' title='bbox 1314 2728 1536 2784; x_wconf 89' lang='lat' dir='ltr'><strong>tamen</strong></span> <span class='ocrx_word' id='word_1_192' title='bbox 1582 2728 1645 2783; x_wconf 90' lang='lat' dir='ltr'><strong>te</strong></span> <span class='ocrx_word' id='word_1_193' title='bbox 1687 2739 1817 2784; x_wconf 91' lang='lat' dir='ltr'><strong>non</strong></span> <span class='ocrx_word' id='word_1_194' title='bbox 1864 2739 2165 2802; x_wconf 89' lang='lat' dir='ltr'><strong>prorsum</strong></span> 
     </span>
     <span class='ocr_line' id='line_1_28' title="bbox 213 2803 2168 2891; baseline -0.003 -19"><span class='ocrx_word' id='word_1_195' title='bbox 213 2807 510 2874; x_wconf 83' lang='lat' dir='ltr'><strong>lusurum</strong></span> <span class='ocrx_word' id='word_1_196' title='bbox 548 2827 812 2891; x_wconf 87' lang='lat' dir='ltr'><strong>operam</strong></span> <span class='ocrx_word' id='word_1_197' title='bbox 850 2807 918 2871; x_wconf 88' lang='lat' dir='ltr'><strong>in</strong></span> <span class='ocrx_word' id='word_1_198' title='bbox 955 2805 1327 2871; x_wconf 82' lang='lat' dir='ltr'><strong>refellendis</strong></span> <span class='ocrx_word' id='word_1_199' title='bbox 1360 2805 1551 2870; x_wconf 87' lang='lat' dir='ltr'><strong>istius</strong></span> <span class='ocrx_word' id='word_1_200' title='bbox 1586 2804 1769 2870; x_wconf 90' lang='lat' dir='ltr'><strong>canis</strong></span> <span class='ocrx_word' id='word_1_201' title='bbox 1801 2803 2168 2869; x_wconf 80' lang='lat' dir='ltr'><strong>latratibus.</strong></span> 
     </span>
     <span class='ocr_line' id='line_1_29' title="bbox 216 2888 2170 2974; baseline -0.003 -15"><span class='ocrx_word' id='word_1_202' title='bbox 216 2891 399 2974; x_wconf 80' lang='lat' dir='ltr'><strong>Quod</strong></span> <span class='ocrx_word' id='word_1_203' title='bbox 445 2892 706 2960; x_wconf 82' lang='lat' dir='ltr'><strong>Farello</strong></span> <span class='ocrx_word' id='word_1_204' title='bbox 748 2893 1061 2959; x_wconf 88' lang='lat' dir='ltr'><strong>scelestus</strong></span> <span class='ocrx_word' id='word_1_205' title='bbox 1116 2891 1229 2956; x_wconf 90' lang='lat' dir='ltr'><strong>ille</strong></span> <span class='ocrx_word' id='word_1_206' title='bbox 1272 2889 1352 2956; x_wconf 91' lang='lat' dir='ltr'><strong>de</strong></span> <span class='ocrx_word' id='word_1_207' title='bbox 1397 2889 1650 2956; x_wconf 88' lang='lat' dir='ltr'><strong>sicariis</strong></span> <span class='ocrx_word' id='word_1_208' title='bbox 1693 2890 1938 2969; x_wconf 91' lang='lat' dir='ltr'><strong>obiicit,</strong></span> <span class='ocrx_word' id='word_1_209' title='bbox 1994 2888 2170 2955; x_wconf 90' lang='lat' dir='ltr'><strong>idem</strong></span> 
     </span>
     <span class='ocr_line' id='line_1_30' title="bbox 214 2976 2170 3063; baseline -0.003 -19"><span class='ocrx_word' id='word_1_210' title='bbox 214 2978 372 3044; x_wconf 88' lang='lat' dir='ltr'><strong>mihi</strong></span> <span class='ocrx_word' id='word_1_211' title='bbox 435 3000 697 3063; x_wconf 90' lang='lat' dir='ltr'><strong>quoque</strong></span> <span class='ocrx_word' id='word_1_212' title='bbox 761 2978 998 3045; x_wconf 89' lang='lat' dir='ltr'><strong>obiecit</strong></span> <span class='ocrx_word' id='word_1_213' title='bbox 1051 2978 1118 3041; x_wconf 88' lang='lat' dir='ltr'><strong>in</strong></span> <span class='ocrx_word' id='word_1_214' title='bbox 1180 2987 1413 3042; x_wconf 89' lang='lat' dir='ltr'><strong>senatu</strong></span> <span class='ocrx_word' id='word_1_215' title='bbox 1476 2976 1971 3053; x_wconf 89' lang='lat' dir='ltr'><strong>Lausannensi,</strong></span> <span class='ocrx_word' id='word_1_216' title='bbox 2033 2995 2170 3039; x_wconf 94' lang='lat' dir='ltr'><strong>non</strong></span> 
     </span>
     <span class='ocr_line' id='line_1_31' title="bbox 215 3059 2172 3149; baseline -0.003 -18"><span class='ocrx_word' id='word_1_217' title='bbox 215 3064 415 3131; x_wconf 89' lang='lat' dir='ltr'><strong>solum</strong></span> <span class='ocrx_word' id='word_1_218' title='bbox 449 3063 634 3149; x_wconf 89' lang='lat' dir='ltr'><strong>quod</strong></span> <span class='ocrx_word' id='word_1_219' title='bbox 677 3065 786 3148; x_wconf 88' lang='lat' dir='ltr'><strong>qui</strong></span> <span class='ocrx_word' id='word_1_220' title='bbox 831 3085 871 3130; x_wconf 89' lang='lat' dir='ltr'><strong>a</strong></span> <span class='ocrx_word' id='word_1_221' title='bbox 914 3064 1101 3130; x_wconf 91' lang='lat' dir='ltr'><strong>nobis</strong></span> <span class='ocrx_word' id='word_1_222' title='bbox 1145 3071 1400 3128; x_wconf 85' lang='lat' dir='ltr'><strong>starent</strong></span> <span class='ocrx_word' id='word_1_223' title='bbox 1439 3061 1507 3127; x_wconf 92' lang='lat' dir='ltr'><strong>id</strong></span> <span class='ocrx_word' id='word_1_224' title='bbox 1551 3060 2010 3141; x_wconf 85' lang='lat' dir='ltr'><strong>decrevissent,</strong></span> <span class='ocrx_word' id='word_1_225' title='bbox 2056 3059 2172 3127; x_wconf 90' lang='lat' dir='ltr'><strong>sed</strong></span> 
     </span>
     <span class='ocr_line' id='line_1_32' title="bbox 214 3146 2169 3236; baseline -0.002 -20"><span class='ocrx_word' id='word_1_226' title='bbox 214 3151 380 3235; x_wconf 91' lang='lat' dir='ltr'><strong>quod</strong></span> <span class='ocrx_word' id='word_1_227' title='bbox 422 3173 554 3236; x_wconf 84' lang='lat' dir='ltr'><strong>ego</strong></span> <span class='ocrx_word' id='word_1_228' title='bbox 598 3171 851 3235; x_wconf 89' lang='lat' dir='ltr'><strong>quoque</strong></span> <span class='ocrx_word' id='word_1_229' title='bbox 893 3150 1191 3217; x_wconf 89' lang='lat' dir='ltr'><strong>conscius</strong></span> <span class='ocrx_word' id='word_1_230' title='bbox 1247 3169 1458 3215; x_wconf 89' lang='lat' dir='ltr'><strong>essem</strong></span> <span class='ocrx_word' id='word_1_231' title='bbox 1504 3167 1625 3213; x_wconf 91' lang='lat' dir='ltr'><strong>nec</strong></span> <span class='ocrx_word' id='word_1_232' title='bbox 1670 3146 2169 3212; x_wconf 87' lang='lat' dir='ltr'><strong>admonuissem.</strong></span> 
     </span>
    </p>

    <p class='ocr_par' dir='ltr' id='par_1_4' title="bbox 213 3231 2175 4006">
     <span class='ocr_line' id='line_1_33' title="bbox 374 3231 2172 3320; baseline -0.004 -16"><span class='ocrx_word' id='word_1_233' title='bbox 374 3237 617 3305; x_wconf 89' lang='lat' dir='ltr'><strong>Unum</strong></span> <span class='ocrx_word' id='word_1_234' title='bbox 677 3246 977 3320; x_wconf 88' lang='lat' dir='ltr'><strong>superest</strong></span> <span class='ocrx_word' id='word_1_235' title='bbox 1030 3237 1102 3300; x_wconf 87' lang='lat' dir='ltr'><strong>in</strong></span> <span class='ocrx_word' id='word_1_236' title='bbox 1145 3255 1274 3319; x_wconf 88' lang='lat' dir='ltr'><strong>quo</strong></span> <span class='ocrx_word' id='word_1_237' title='bbox 1335 3243 1475 3319; x_wconf 36' lang='lat' dir='ltr'><strong>aut·</strong></span> <span class='ocrx_word' id='word_1_238' title='bbox 1506 3244 1577 3299; x_wconf 89' lang='lat' dir='ltr'><strong>tu</strong></span> <span class='ocrx_word' id='word_1_239' title='bbox 1633 3241 1749 3298; x_wconf 92' lang='lat' dir='ltr'><strong>aut</strong></span> <span class='ocrx_word' id='word_1_240' title='bbox 1802 3254 1923 3318; x_wconf 89' lang='lat' dir='ltr'><strong>ego</strong></span> <span class='ocrx_word' id='word_1_241' title='bbox 1979 3231 2172 3298; x_wconf 85' lang='lat' dir='ltr'><strong>fallor</strong></span> 
     </span>
     <span class='ocr_line' id='line_1_34' title="bbox 213 3319 2172 3406; baseline -0.003 -18"><span class='ocrx_word' id='word_1_242' title='bbox 213 3324 531 3389; x_wconf 87' lang='lat' dir='ltr'><strong>memoria</strong></span> <span class='ocrx_word' id='word_1_243' title='bbox 587 3321 755 3406; x_wconf 90' lang='lat' dir='ltr'><strong>quod</strong></span> <span class='ocrx_word' id='word_1_244' title='bbox 816 3323 1046 3388; x_wconf 90' lang='lat' dir='ltr'><strong>scribis</strong></span> <span class='ocrx_word' id='word_1_245' title='bbox 1089 3319 1171 3385; x_wconf 90' lang='lat' dir='ltr'><strong>de</strong></span> <span class='ocrx_word' id='word_1_246' title='bbox 1215 3321 1468 3386; x_wconf 81' lang='lat' dir='ltr'><strong>Catone</strong></span> <span class='ocrx_word' id='word_1_247' title='bbox 1534 3340 1720 3385; x_wconf 87' lang='lat' dir='ltr'><strong>caeso</strong></span> <span class='ocrx_word' id='word_1_248' title='bbox 1777 3328 1843 3385; x_wconf 90' lang='lat' dir='ltr'><strong>et</strong></span> <span class='ocrx_word' id='word_1_249' title='bbox 1885 3319 2026 3384; x_wconf 90' lang='lat' dir='ltr'><strong>eius</strong></span> <span class='ocrx_word' id='word_1_250' title='bbox 2068 3339 2172 3383; x_wconf 90' lang='lat' dir='ltr'><strong>re-</strong></span> 
     </span>
     <span class='ocr_line' id='line_1_35' title="bbox 217 3403 2171 3493; baseline -0.004 -18"><span class='ocrx_word' id='word_1_251' title='bbox 217 3429 467 3492; x_wconf 88' lang='lat' dir='ltr'><strong>sponso.</strong></span> <span class='ocrx_word' id='word_1_252' title='bbox 505 3408 591 3493; x_wconf 87' lang='lat'><strong>¹¹)</strong></span> <span class='ocrx_word' id='word_1_253' title='bbox 661 3408 812 3473; x_wconf 89' lang='lat' dir='ltr'><strong>Nisi</strong></span> <span class='ocrx_word' id='word_1_254' title='bbox 852 3407 1048 3475; x_wconf 81' lang='lat' dir='ltr'><strong>valde</strong></span> <span class='ocrx_word' id='word_1_255' title='bbox 1085 3407 1280 3473; x_wconf 89' lang='lat' dir='ltr'><strong>fallor</strong></span> <span class='ocrx_word' id='word_1_256' title='bbox 1319 3405 1391 3471; x_wconf 92' lang='lat' dir='ltr'><strong>id</strong></span> <span class='ocrx_word' id='word_1_257' title='bbox 1435 3404 1696 3472; x_wconf 79' lang='lat' dir='ltr'><strong>Socrati</strong></span> <span class='ocrx_word' id='word_1_258' title='bbox 1738 3406 1820 3470; x_wconf 91' lang='lat' dir='ltr'><strong>ab</strong></span> <span class='ocrx_word' id='word_1_259' title='bbox 1864 3404 2010 3469; x_wconf 88' lang='lat' dir='ltr'><strong>aliis</strong></span> <span class='ocrx_word' id='word_1_260' title='bbox 2054 3403 2171 3468; x_wconf 90' lang='lat' dir='ltr'><strong>tri-</strong></span> 
     </span>
     <span class='ocr_line' id='line_1_36' title="bbox 218 3493 2174 3577; baseline -0.004 -17"><span class='ocrx_word' id='word_1_261' title='bbox 218 3493 453 3561; x_wconf 79' lang='lat' dir='ltr'><strong>buitur.</strong></span> <span class='ocrx_word' id='word_1_262' title='bbox 534 3494 687 3560; x_wconf 87' lang='lat' dir='ltr'><strong>Non</strong></span> <span class='ocrx_word' id='word_1_263' title='bbox 733 3502 835 3559; x_wconf 89' lang='lat' dir='ltr'><strong>est</strong></span> <span class='ocrx_word' id='word_1_264' title='bbox 875 3513 1078 3577; x_wconf 79' lang='lat' dir='ltr'><strong>grave</strong></span> <span class='ocrx_word' id='word_1_265' title='bbox 1121 3501 1479 3576; x_wconf 89' lang='lat' dir='ltr'><strong>peccatum,</strong></span> <span class='ocrx_word' id='word_1_266' title='bbox 1523 3510 1882 3574; x_wconf 80' lang='lat' dir='ltr'><strong>vereorque</strong></span> <span class='ocrx_word' id='word_1_267' title='bbox 1922 3511 2007 3555; x_wconf 93' lang='lat' dir='ltr'><strong>ne</strong></span> <span class='ocrx_word' id='word_1_268' title='bbox 2051 3510 2087 3554; x_wconf 89' lang='lat' dir='ltr'><strong>e</strong></span> <span class='ocrx_word' id='word_1_269' title='bbox 2135 3508 2174 3553; x_wconf 93' lang='lat' dir='ltr'><strong>o</strong></span> 
     </span>
     <span class='ocr_line' id='line_1_37' title="bbox 220 3510 2172 3665; baseline -0.003 -21"><span class='ocrx_word' id='word_1_270' title='bbox 220 3579 404 3646; x_wconf 84' lang='lat' dir='ltr'><strong>fallar</strong></span> <span class='ocrx_word' id='word_1_271' title='bbox 460 3580 686 3665; x_wconf 86' lang='lat' dir='ltr'><strong>potius</strong></span> <span class='ocrx_word' id='word_1_272' title='bbox 728 3601 925 3663; x_wconf 89' lang='lat' dir='ltr'><strong>quam</strong></span> <span class='ocrx_word' id='word_1_273' title='bbox 969 3586 1045 3644; x_wconf 88' lang='lat' dir='ltr'><strong>tu</strong></span> <span class='ocrx_word' id='word_1_274' title='bbox 1063 3630 1079 3657; x_wconf 87' lang='lat'><strong>,</strong></span> <span class='ocrx_word' id='word_1_275' title='bbox 1134 3579 1436 3662; x_wconf 87' lang='lat' dir='ltr'><strong>quamvis</strong></span> <span class='ocrx_word' id='word_1_276' title='bbox 1498 3576 1670 3661; x_wconf 89' lang='lat' dir='ltr'><strong>apud</strong></span> <span class='ocrx_word' id='word_1_277' title='bbox 1711 3575 2045 3642; x_wconf 76' lang='lat' dir='ltr'><strong>Basiliam</strong></span> <span class='ocrx_word' id='word_1_278' title='bbox 2090 3510 2172 3639; x_wconf 57' lang='lat' dir='ltr'><strong>ge</strong></span> 
     </span>
     <span class='ocr_line' id='line_1_38' title="bbox 223 3661 2172 3748; baseline -0.003 -18"><span class='ocrx_word' id='word_1_279' title='bbox 223 3662 487 3733; x_wconf 78' lang='lat' dir='ltr'><strong>Socrate</strong></span> <span class='ocrx_word' id='word_1_280' title='bbox 549 3665 716 3730; x_wconf 90' lang='lat' dir='ltr'><strong>mihi</strong></span> <span class='ocrx_word' id='word_1_281' title='bbox 775 3666 1089 3748; x_wconf 87' lang='lat' dir='ltr'><strong>scriptum</strong></span> <span class='ocrx_word' id='word_1_282' title='bbox 1144 3663 1481 3729; x_wconf 82' lang='lat' dir='ltr'><strong>videatur:</strong></span> <span class='ocrx_word' id='word_1_283' title='bbox 1540 3661 1712 3746; x_wconf 90' lang='lat' dir='ltr'><strong>quod</strong></span> <span class='ocrx_word' id='word_1_284' title='bbox 1769 3681 1907 3726; x_wconf 93' lang='lat' dir='ltr'><strong>non</strong></span> <span class='ocrx_word' id='word_1_285' title='bbox 1961 3662 2172 3726; x_wconf 89' lang='lat' dir='ltr'><strong>ausim</strong></span> 
     </span>
     <span class='ocr_line' id='line_1_39' title="bbox 225 3745 2175 3835; baseline -0.003 -19"><span class='ocrx_word' id='word_1_286' title='bbox 225 3757 441 3817; x_wconf 86' lang='lat' dir='ltr'><strong>tamen</strong></span> <span class='ocrx_word' id='word_1_287' title='bbox 504 3753 906 3835; x_wconf 87' lang='lat' dir='ltr'><strong>pertinacius</strong></span> <span class='ocrx_word' id='word_1_288' title='bbox 971 3748 1289 3816; x_wconf 87' lang='lat' dir='ltr'><strong>adserere.</strong></span> <span class='ocrx_word' id='word_1_289' title='bbox 1379 3747 1516 3815; x_wconf 79' lang='lat' dir='ltr'><strong>Sed</strong></span> <span class='ocrx_word' id='word_1_290' title='bbox 1569 3747 1725 3831; x_wconf 90' lang='lat' dir='ltr'><strong>quid</strong></span> <span class='ocrx_word' id='word_1_291' title='bbox 1780 3747 2029 3813; x_wconf 72' lang='lat' dir='ltr'><strong>frustra</strong></span> <span class='ocrx_word' id='word_1_292' title='bbox 2070 3745 2175 3812; x_wconf 91' lang='lat' dir='ltr'><strong>his</strong></span> 
     </span>
     <span class='ocr_line' id='line_1_40' title="bbox 224 3834 2174 3922; baseline -0.002 -22"><span class='ocrx_word' id='word_1_293' title='bbox 224 3839 409 3922; x_wconf 88' lang='lat' dir='ltr'><strong>nugis</strong></span> <span class='ocrx_word' id='word_1_294' title='bbox 452 3845 522 3902; x_wconf 87' lang='lat' dir='ltr'><strong>te</strong></span> <span class='ocrx_word' id='word_1_295' title='bbox 567 3858 859 3903; x_wconf 89' lang='lat' dir='ltr'><strong>remoror</strong></span> <span class='ocrx_word' id='word_1_296' title='bbox 902 3836 984 3902; x_wconf 89' lang='lat' dir='ltr'><strong>ab</strong></span> <span class='ocrx_word' id='word_1_297' title='bbox 1028 3834 1379 3902; x_wconf 81' lang='lat' dir='ltr'><strong>instituto?</strong></span> <span class='ocrx_word' id='word_1_298' title='bbox 1445 3836 1555 3900; x_wconf 88' lang='lat' dir='ltr'><strong>Da</strong></span> <span class='ocrx_word' id='word_1_299' title='bbox 1594 3854 1860 3916; x_wconf 88' lang='lat' dir='ltr'><strong>operam</strong></span> <span class='ocrx_word' id='word_1_300' title='bbox 1903 3840 1980 3898; x_wconf 89' lang='lat' dir='ltr'><strong>ut</strong></span> <span class='ocrx_word' id='word_1_301' title='bbox 2019 3852 2174 3897; x_wconf 86' lang='lat' dir='ltr'><strong>mox</strong></span> 
     </span>
     <span class='ocr_line' id='line_1_41' title="bbox 226 3920 1105 4006; baseline 0.001 -20"><span class='ocrx_word' id='word_1_302' title='bbox 226 3920 302 3986; x_wconf 86' lang='lat' dir='ltr'><strong>ad</strong></span> <span class='ocrx_word' id='word_1_303' title='bbox 342 3923 730 3989; x_wconf 87' lang='lat' dir='ltr'><strong>umbilicum</strong></span> <span class='ocrx_word' id='word_1_304' title='bbox 769 3921 1105 4006; x_wconf 86' lang='lat' dir='ltr'><strong>perducas.</strong></span> 
     </span>
    </p>

    <p class='ocr_par' dir='ltr' id='par_1_5' title="bbox 226 4001 2177 4862">
     <span class='ocr_line' id='line_1_42' title="bbox 388 4001 2174 4088; baseline -0.006 -13"><span class='ocrx_word' id='word_1_305' title='bbox 388 4010 590 4075; x_wconf 81' lang='lat' dir='ltr'><strong>Mitto</strong></span> <span class='ocrx_word' id='word_1_306' title='bbox 649 4008 731 4073; x_wconf 90' lang='lat' dir='ltr'><strong>ad</strong></span> <span class='ocrx_word' id='word_1_307' title='bbox 788 4018 851 4072; x_wconf 90' lang='lat' dir='ltr'><strong>te</strong></span> <span class='ocrx_word' id='word_1_308' title='bbox 909 4029 1096 4072; x_wconf 83' lang='lat' dir='ltr'><strong>exem</strong></span> <span class='ocrx_word' id='word_1_309' title='bbox 1143 4007 1245 4072; x_wconf 88' lang='lat' dir='ltr'><strong>lar</strong></span> <span class='ocrx_word' id='word_1_310' title='bbox 1305 4005 1647 4071; x_wconf 85' lang='lat' dir='ltr'><strong>literarum</strong></span> <span class='ocrx_word' id='word_1_311' title='bbox 1711 4003 1947 4088; x_wconf 90' lang='lat' dir='ltr'><strong>quibus</strong></span> <span class='ocrx_word' id='word_1_312' title='bbox 2011 4001 2174 4067; x_wconf 90' lang='lat' dir='ltr'><strong>mihi</strong></span> 
     </span>
     <span class='ocr_line' id='line_1_43' title="bbox 227 4090 2175 4172; baseline -0.001 -15"><span class='ocrx_word' id='word_1_313' title='bbox 227 4114 264 4157; x_wconf 88' lang='lat' dir='ltr'><strong>a</strong></span> <span class='ocrx_word' id='word_1_314' title='bbox 313 4095 715 4160; x_wconf 90' lang='lat' dir='ltr'><strong>Bernatibus</strong></span> <span class='ocrx_word' id='word_1_315' title='bbox 779 4114 1075 4160; x_wconf 91' lang='lat' dir='ltr'><strong>commen</strong></span> <span class='ocrx_word' id='word_1_316' title='bbox 1164 4105 1270 4157; x_wconf 90' lang='lat' dir='ltr'><strong>tus</strong></span> <span class='ocrx_word' id='word_1_317' title='bbox 1335 4100 1463 4171; x_wconf 89' lang='lat' dir='ltr'><strong>est,</strong></span> <span class='ocrx_word' id='word_1_318' title='bbox 1494 4093 1577 4172; x_wconf 76' lang='lat'><strong>¹²)</strong></span> <span class='ocrx_word' id='word_1_319' title='bbox 1640 4100 1720 4155; x_wconf 90' lang='lat' dir='ltr'><strong>ut</strong></span> <span class='ocrx_word' id='word_1_320' title='bbox 1784 4090 2027 4156; x_wconf 87' lang='lat' dir='ltr'><strong>certius</strong></span> <span class='ocrx_word' id='word_1_321' title='bbox 2091 4109 2175 4155; x_wconf 87' lang='lat' dir='ltr'><strong>ex</strong></span> 
     </span>
     <span class='ocr_line' id='line_1_44' title="bbox 227 4174 2177 4263; baseline -0.004 -19"><span class='ocrx_word' id='word_1_322' title='bbox 227 4180 460 4263; x_wconf 90' lang='lat' dir='ltr'><strong>scripto</strong></span> <span class='ocrx_word' id='word_1_323' title='bbox 517 4178 849 4245; x_wconf 87' lang='lat' dir='ltr'><strong>adscribas</strong></span> <span class='ocrx_word' id='word_1_324' title='bbox 905 4179 1075 4262; x_wconf 91' lang='lat' dir='ltr'><strong>quod</strong></span> <span class='ocrx_word' id='word_1_325' title='bbox 1132 4179 1350 4245; x_wconf 85' lang='lat' dir='ltr'><strong>visum</strong></span> <span class='ocrx_word' id='word_1_326' title='bbox 1406 4177 1626 4243; x_wconf 83' lang='lat' dir='ltr'><strong>fuerit.</strong></span> <span class='ocrx_word' id='word_1_327' title='bbox 1716 4174 2053 4241; x_wconf 83' lang='lat' dir='ltr'><strong>Misissem</strong></span> <span class='ocrx_word' id='word_1_328' title='bbox 2109 4183 2177 4238; x_wconf 92' lang='lat' dir='ltr'><strong>et</strong></span> 
     </span>
     <span class='ocr_line' id='line_1_45' title="bbox 226 4262 2173 4348; baseline -0.003 -19"><span class='ocrx_word' id='word_1_329' title='bbox 226 4262 437 4331; x_wconf 87' lang='lat' dir='ltr'><strong>bullae</strong></span> <span class='ocrx_word' id='word_1_330' title='bbox 479 4265 723 4348; x_wconf 87' lang='lat' dir='ltr'><strong>prioris</strong></span> <span class='ocrx_word' id='word_1_331' title='bbox 760 4265 1118 4347; x_wconf 88' lang='lat' dir='ltr'><strong>exemplar,</strong></span> <span class='ocrx_word' id='word_1_332' title='bbox 1160 4266 1287 4329; x_wconf 89' lang='lat' dir='ltr'><strong>nisi</strong></span> <span class='ocrx_word' id='word_1_333' title='bbox 1326 4263 1501 4348; x_wconf 88' lang='lat' dir='ltr'><strong>apud</strong></span> <span class='ocrx_word' id='word_1_334' title='bbox 1535 4272 1604 4328; x_wconf 91' lang='lat' dir='ltr'><strong>te</strong></span> <span class='ocrx_word' id='word_1_335' title='bbox 1639 4282 1781 4327; x_wconf 88' lang='lat' dir='ltr'><strong>esse</strong></span> <span class='ocrx_word' id='word_1_336' title='bbox 1815 4268 2173 4343; x_wconf 89' lang='lat' dir='ltr'><strong>putassem.</strong></span> 
     </span>
     <span class='ocr_line' id='line_1_46' title="bbox 231 4345 2176 4435; baseline -0.002 -24"><span class='ocrx_word' id='word_1_337' title='bbox 231 4348 496 4416; x_wconf 81' lang='lat' dir='ltr'><strong>Isabella</strong></span> <span class='ocrx_word' id='word_1_338' title='bbox 540 4351 660 4415; x_wconf 91' lang='lat' dir='ltr'><strong>tibi</strong></span> <span class='ocrx_word' id='word_1_339' title='bbox 703 4351 1024 4415; x_wconf 89' lang='lat' dir='ltr'><strong>maximas</strong></span> <span class='ocrx_word' id='word_1_340' title='bbox 1068 4353 1208 4435; x_wconf 88' lang='lat' dir='ltr'><strong>agit</strong></span> <span class='ocrx_word' id='word_1_341' title='bbox 1247 4350 1524 4435; x_wconf 88' lang='lat' dir='ltr'><strong>gratias,</strong></span> <span class='ocrx_word' id='word_1_342' title='bbox 1582 4369 1735 4413; x_wconf 88' lang='lat' dir='ltr'><strong>nam</strong></span> <span class='ocrx_word' id='word_1_343' title='bbox 1779 4345 1875 4410; x_wconf 92' lang='lat' dir='ltr'><strong>illi</strong></span> <span class='ocrx_word' id='word_1_344' title='bbox 1915 4345 1987 4409; x_wconf 93' lang='lat' dir='ltr'><strong>in</strong></span> <span class='ocrx_word' id='word_1_345' title='bbox 2032 4345 2176 4428; x_wconf 91' lang='lat' dir='ltr'><strong>ipso</strong></span> 
     </span>
     <span class='ocr_line' id='line_1_47' title="bbox 227 4430 2175 4520; baseline -0.003 -20"><span class='ocrx_word' id='word_1_346' title='bbox 227 4435 537 4520; x_wconf 89' lang='lat' dir='ltr'><strong>temporis</strong></span> <span class='ocrx_word' id='word_1_347' title='bbox 574 4436 850 4502; x_wconf 90' lang='lat' dir='ltr'><strong>articulo</strong></span> <span class='ocrx_word' id='word_1_348' title='bbox 885 4437 1156 4501; x_wconf 87' lang='lat' dir='ltr'><strong>missum</strong></span> <span class='ocrx_word' id='word_1_349' title='bbox 1194 4446 1296 4500; x_wconf 90' lang='lat' dir='ltr'><strong>est</strong></span> <span class='ocrx_word' id='word_1_350' title='bbox 1331 4433 1710 4500; x_wconf 89' lang='lat' dir='ltr'><strong>subsidium.</strong></span> <span class='ocrx_word' id='word_1_351' title='bbox 1773 4430 2175 4515; x_wconf 82' lang='lat' dir='ltr'><strong>Scripsimus</strong></span> 
     </span>
     <span class='ocr_line' id='line_1_48' title="bbox 228 4515 2172 4594; baseline -0.003 -10"><span class='ocrx_word' id='word_1_352' title='bbox 228 4520 364 4585; x_wconf 89' lang='lat' dir='ltr'><strong>eius</strong></span> <span class='ocrx_word' id='word_1_353' title='bbox 427 4522 695 4587; x_wconf 91' lang='lat' dir='ltr'><strong>nomine</strong></span> <span class='ocrx_word' id='word_1_354' title='bbox 760 4521 1328 4587; x_wconf 86' lang='lat' dir='ltr'><strong>commendatitias</strong></span> <span class='ocrx_word' id='word_1_355' title='bbox 1392 4520 1615 4585; x_wconf 89' lang='lat' dir='ltr'><strong>literas</strong></span> <span class='ocrx_word' id='word_1_356' title='bbox 1681 4515 1765 4582; x_wconf 88' lang='lat' dir='ltr'><strong>ad</strong></span> <span class='ocrx_word' id='word_1_357' title='bbox 1829 4517 2172 4594; x_wconf 90' lang='lat' dir='ltr'><strong>Bernates,</strong></span> 
     </span>
     <span class='ocr_line' id='line_1_49' title="bbox 229 4602 2173 4691; baseline -0.002 -22"><span class='ocrx_word' id='word_1_358' title='bbox 229 4605 335 4670; x_wconf 90' lang='lat' dir='ltr'><strong>sed</strong></span> <span class='ocrx_word' id='word_1_359' title='bbox 396 4607 634 4691; x_wconf 88' lang='lat' dir='ltr'><strong>quibus</strong></span> <span class='ocrx_word' id='word_1_360' title='bbox 690 4605 985 4672; x_wconf 91' lang='lat' dir='ltr'><strong>nondum</strong></span> <span class='ocrx_word' id='word_1_361' title='bbox 1038 4628 1427 4691; x_wconf 88' lang='lat' dir='ltr'><strong>responsum</strong></span> <span class='ocrx_word' id='word_1_362' title='bbox 1485 4613 1604 4671; x_wconf 90' lang='lat' dir='ltr'><strong>est.</strong></span> <span class='ocrx_word' id='word_1_363' title='bbox 1692 4602 1901 4669; x_wconf 91' lang='lat' dir='ltr'><strong>Doleo</strong></span> <span class='ocrx_word' id='word_1_364' title='bbox 1962 4602 2173 4667; x_wconf 84' lang='lat' dir='ltr'><strong>vicem</strong></span> 
     </span>
     <span class='ocr_line' id='line_1_50' title="bbox 235 4687 2175 4777; baseline -0.003 -20"><span class='ocrx_word' id='word_1_365' title='bbox 235 4690 502 4758; x_wconf 69' lang='lat' dir='ltr'><strong>Girardi</strong></span> <span class='ocrx_word' id='word_1_366' title='bbox 555 4692 984 4777; x_wconf 82' lang='lat' dir='ltr'><strong>typographi:</strong></span> <span class='ocrx_word' id='word_1_367' title='bbox 1048 4713 1202 4758; x_wconf 88' lang='lat' dir='ltr'><strong>nam</strong></span> <span class='ocrx_word' id='word_1_368' title='bbox 1261 4700 1578 4776; x_wconf 86' lang='lat' dir='ltr'><strong>quantum</strong></span> <span class='ocrx_word' id='word_1_369' title='bbox 1633 4711 1716 4755; x_wconf 87' lang='lat' dir='ltr'><strong>ex</strong></span> <span class='ocrx_word' id='word_1_370' title='bbox 1772 4687 1913 4754; x_wconf 88' lang='lat' dir='ltr'><strong>eius</strong></span> <span class='ocrx_word' id='word_1_371' title='bbox 1964 4688 2175 4753; x_wconf 88' lang='lat' dir='ltr'><strong>literis</strong></span> 
     </span>
     <span class='ocr_line' id='line_1_51' title="bbox 230 4774 2176 4862; baseline -0.002 -21"><span class='ocrx_word' id='word_1_372' title='bbox 230 4785 295 4841; x_wconf 90' lang='lat' dir='ltr'><strong>et</strong></span> <span class='ocrx_word' id='word_1_373' title='bbox 311 4798 525 4861; x_wconf 89' lang='lat' dir='ltr'><strong>nuper</strong></span> <span class='ocrx_word' id='word_1_374' title='bbox 545 4797 632 4842; x_wconf 88' lang='lat' dir='ltr'><strong>ex</strong></span> <span class='ocrx_word' id='word_1_375' title='bbox 667 4780 809 4844; x_wconf 88' lang='lat' dir='ltr'><strong>eius</strong></span> <span class='ocrx_word' id='word_1_376' title='bbox 842 4778 1161 4862; x_wconf 89' lang='lat' dir='ltr'><strong>colloquio</strong></span> <span class='ocrx_word' id='word_1_377' title='bbox 1196 4777 1513 4856; x_wconf 85' lang='lat' dir='ltr'><strong>intellexi,</strong></span> <span class='ocrx_word' id='word_1_378' title='bbox 1548 4777 1762 4843; x_wconf 91' lang='lat' dir='ltr'><strong>bonus</strong></span> <span class='ocrx_word' id='word_1_379' title='bbox 1796 4774 1900 4840; x_wconf 84' lang='lat' dir='ltr'><strong>vir</strong></span> <span class='ocrx_word' id='word_1_380' title='bbox 1933 4793 2176 4857; x_wconf 79' lang='lat' dir='ltr'><strong>magna</strong></span> 
     </span>
    </p>
   </div>
   <div class='ocr_carea' id='block_1_3' title="bbox 230 4949 631 4962">
    <p class='ocr_par' dir='ltr' id='par_1_6' title="bbox 230 4949 631 4962">
     <span class='ocr_line' id='line_1_52' title="bbox 230 4949 631 4962; baseline 0 1213"><span class='ocrx_word' id='word_1_381' title='bbox 230 4949 631 4962; x_wconf 95' lang='lat' dir='ltr'><strong> </strong></span> 
     </span>
    </p>
   </div>
   <div class='ocr_carea' id='block_1_4' title="bbox 231 5030 2178 5380">
    <p class='ocr_par' dir='ltr' id='par_1_7' title="bbox 231 5030 2173 5186">
     <span class='ocr_line' id='line_1_53' title="bbox 395 5030 2173 5102; baseline -0.002 -15"><span class='ocrx_word' id='word_1_382' title='bbox 395 5032 491 5102; x_wconf 88' lang='grc'><strong>10)</strong></span> <span class='ocrx_word' id='word_1_383' title='bbox 529 5032 720 5090; x_wconf 68' lang='lat' dir='ltr'><strong>Etiam</strong></span> <span class='ocrx_word' id='word_1_384' title='bbox 755 5034 887 5088; x_wconf 74' lang='lat' dir='ltr'><strong>haec</strong></span> <span class='ocrx_word' id='word_1_385' title='bbox 919 5033 980 5088; x_wconf 77' lang='lat' dir='ltr'><strong>in</strong></span> <span class='ocrx_word' id='word_1_386' title='bbox 1016 5034 1158 5089; x_wconf 75' lang='lat' dir='ltr'><strong>edito</strong></span> <span class='ocrx_word' id='word_1_387' title='bbox 1193 5034 1367 5091; x_wconf 58' lang='lat' dir='ltr'><strong>libello</strong></span> <span class='ocrx_word' id='word_1_388' title='bbox 1412 5038 1625 5088; x_wconf 73' lang='lat' dir='ltr'><strong>mutata</strong></span> <span class='ocrx_word' id='word_1_389' title='bbox 1658 5030 1928 5098; x_wconf 74' lang='lat' dir='ltr'><strong>videntur,</strong></span> <span class='ocrx_word' id='word_1_390' title='bbox 1964 5031 2022 5085; x_wconf 72' lang='grc' dir='ltr'><strong>εἰ</strong></span> <span class='ocrx_word' id='word_1_391' title='bbox 2050 5044 2173 5085; x_wconf 72' lang='lat' dir='ltr'><strong>con-</strong></span> 
     </span>
     <span class='ocr_line' id='line_1_54' title="bbox 231 5100 2056 5186; baseline 0.001 -30"><span class='ocrx_word' id='word_1_392' title='bbox 231 5101 341 5166; x_wconf 71' lang='lat' dir='ltr'><strong>fero</strong></span> <span class='ocrx_word' id='word_1_393' title='bbox 544 5119 692 5158; x_wconf 74' lang='lat' dir='ltr'><strong>auae</strong></span> <span class='ocrx_word' id='word_1_394' title='bbox 718 5121 775 5186; x_wconf 72' lang='grc' dir='ltr'><strong>ρ.</strong></span> <span class='ocrx_word' id='word_1_395' title='bbox 810 5100 916 5156; x_wconf 81' lang='lat'><strong>304</strong></span> <span class='ocrx_word' id='word_1_396' title='bbox 946 5103 1220 5186; x_wconf 53' lang='lat' dir='ltr'><strong>leguntur.</strong></span> <span class='ocrx_word' id='word_1_397' title='bbox 1445 5171 1456 5185; x_wconf 34' lang='lat'><em>⁶</em></span> <span class='ocrx_word' id='word_1_398' title='bbox 1506 5171 1517 5185; x_wconf 44' lang='lat'><strong>·</strong></span> <span class='ocrx_word' id='word_1_399' title='bbox 1649 5170 1661 5184; x_wconf 49' lang='lat'><strong>·</strong></span> <span class='ocrx_word' id='word_1_400' title='bbox 1837 5169 1850 5183; x_wconf 92' lang='lat'><strong>.</strong></span> <span class='ocrx_word' id='word_1_401' title='bbox 1886 5168 1900 5182; x_wconf 99' lang='lat'><strong>.</strong></span> <span class='ocrx_word' id='word_1_402' title='bbox 2044 5168 2056 5180; x_wconf 48' lang='lat'><strong>·</strong></span> 
     </span>
    </p>

    <p class='ocr_par' dir='ltr' id='par_1_8' title="bbox 236 5120 2178 5380">
     <span class='ocr_line' id='line_1_55' title="bbox 396 5120 2178 5255; baseline -0.002 -28"><span class='ocrx_word' id='word_1_403' title='bbox 396 5120 491 5238; x_wconf 62' lang='grc' dir='ltr'><strong>Ι11)</strong></span> <span class='ocrx_word' id='word_1_404' title='bbox 531 5170 756 5227; x_wconf 57' lang='lat' dir='ltr'><strong>Gotones</strong></span> <span class='ocrx_word' id='word_1_405' title='bbox 787 5186 981 5254; x_wconf 51' lang='lat' dir='ltr'><strong>nomeu!</strong></span> <span class='ocrx_word' id='word_1_406' title='bbox 1012 5188 1162 5255; x_wconf 66' lang='grc' dir='ltr'><strong>παπρ</strong></span> <span class='ocrx_word' id='word_1_407' title='bbox 1193 5188 1255 5226; x_wconf 78' lang='lat' dir='ltr'><strong>m</strong></span> <span class='ocrx_word' id='word_1_408' title='bbox 1297 5167 1516 5227; x_wconf 60' lang='lat' dir='ltr'><strong>Galum</strong></span> <span class='ocrx_word' id='word_1_409' title='bbox 1548 5176 1751 5240; x_wconf 66' lang='lat' dir='ltr'><strong>compto</strong></span> <span class='ocrx_word' id='word_1_410' title='bbox 1764 5184 1898 5252; x_wconf 40' lang='lat' dir='ltr'><strong>‚nm</strong></span> <span class='ocrx_word' id='word_1_411' title='bbox 1926 5167 2178 5237; x_wconf 66' lang='lat' dir='ltr'><strong>fallamur</strong></span> 
     </span>
     <span class='ocr_line' id='line_1_56' title="bbox 236 5238 1880 5380; baseline -0.001 -86"><span class='ocrx_word' id='word_1_412' title='bbox 236 5238 1880 5380; x_wconf 43' lang='lat' dir='ltr'><strong>mnffiffifaffiwwmmmm&#39;</strong></span> 
     </span>
    </p>
   </div>
   <div class='ocr_carea' id='block_1_5' title="bbox 2036 390 2427 459">
    <p class='ocr_par' dir='ltr' id='par_1_9' title="bbox 2036 390 2427 459">
     <span class='ocr_line' id='line_1_57' title="bbox 2036 390 2427 459; baseline 0.005 -5"><span class='ocrx_word' id='word_1_413' title='bbox 2036 394 2198 455; x_wconf 83' lang='lat'>1545</span> <span class='ocrx_word' id='word_1_414' title='bbox 2242 390 2427 459; x_wconf 85' lang='lat' dir='ltr'><strong>IUL.</strong></span> 
     </span>
    </p>
   </div>
   <div class='ocr_carea' id='block_1_6' title="bbox 2218 601 2232 5367">
    <p class='ocr_par' dir='ltr' id='par_1_10' title="bbox 2218 601 2232 5367">
     <span class='ocr_line' id='line_1_58' title="bbox 2218 601 2232 5367; baseline 0 0"><span class='ocrx_word' id='word_1_415' title='bbox 2218 601 2232 5367; x_wconf 95' lang='lat' dir='ltr'><strong> </strong></span> 
     </span>
    </p>
   </div>
   <div class='ocr_carea' id='block_1_7' title="bbox 4099 396 4218 458">
    <p class='ocr_par' dir='ltr' id='par_1_11' title="bbox 4099 396 4218 458">
     <span class='ocr_line' id='line_1_59' title="bbox 4099 396 4218 458; baseline 0.017 -2"><span class='ocrx_word' id='word_1_416' title='bbox 4099 396 4218 458; x_wconf 81' lang='lat'><strong>106</strong></span> 
     </span>
    </p>
   </div>
   <div class='ocr_carea' id='block_1_8' title="bbox 2269 578 4224 2035">
    <p class='ocr_par' dir='ltr' id='par_1_12' title="bbox 2269 578 4224 2035">
     <span class='ocr_line' id='line_1_60' title="bbox 2274 578 4222 666; baseline 0.002 -22"><span class='ocrx_word' id='word_1_417' title='bbox 2274 579 2600 664; x_wconf 88' lang='lat' dir='ltr'><strong>premitur</strong></span> <span class='ocrx_word' id='word_1_418' title='bbox 2640 578 2957 662; x_wconf 90' lang='lat' dir='ltr'><strong>pecuniae</strong></span> <span class='ocrx_word' id='word_1_419' title='bbox 2997 578 3277 662; x_wconf 89' lang='lat' dir='ltr'><strong>penuria</strong></span> <span class='ocrx_word' id='word_1_420' title='bbox 3318 599 3447 664; x_wconf 91' lang='lat' dir='ltr'><strong>quo</strong></span> <span class='ocrx_word' id='word_1_421' title='bbox 3492 579 3572 644; x_wconf 89' lang='lat' dir='ltr'><strong>fit</strong></span> <span class='ocrx_word' id='word_1_422' title='bbox 3605 587 3679 644; x_wconf 92' lang='lat' dir='ltr'><strong>ut</strong></span> <span class='ocrx_word' id='word_1_423' title='bbox 3710 600 3916 663; x_wconf 90' lang='lat' dir='ltr'><strong>paene</strong></span> <span class='ocrx_word' id='word_1_424' title='bbox 3951 589 4222 666; x_wconf 86' lang='lat' dir='ltr'><strong>cogatur</strong></span> 
     </span>
     <span class='ocr_line' id='line_1_61' title="bbox 2272 662 4223 751; baseline 0.002 -21"><span class='ocrx_word' id='word_1_425' title='bbox 2272 663 2533 749; x_wconf 86' lang='lat' dir='ltr'><strong>prelum</strong></span> <span class='ocrx_word' id='word_1_426' title='bbox 2575 662 2873 731; x_wconf 90' lang='lat' dir='ltr'><strong>deserere</strong></span> <span class='ocrx_word' id='word_1_427' title='bbox 2930 665 3063 730; x_wconf 90' lang='lat' dir='ltr'><strong>nisi</strong></span> <span class='ocrx_word' id='word_1_428' title='bbox 3106 664 3468 731; x_wconf 84' lang='lat' dir='ltr'><strong>adiuvetur.</strong></span> <span class='ocrx_word' id='word_1_429' title='bbox 3559 663 3634 731; x_wconf 83' lang='lat' dir='ltr'><strong>Si</strong></span> <span class='ocrx_word' id='word_1_430' title='bbox 3677 667 3962 731; x_wconf 82' lang='lat' dir='ltr'><strong>inveniri</strong></span> <span class='ocrx_word' id='word_1_431' title='bbox 4003 676 4223 751; x_wconf 90' lang='lat' dir='ltr'><strong>posset</strong></span> 
     </span>
     <span class='ocr_line' id='line_1_62' title="bbox 2275 750 4222 836; baseline 0.002 -21"><span class='ocrx_word' id='word_1_432' title='bbox 2275 750 2512 833; x_wconf 90' lang='lat' dir='ltr'><strong>aliquis</strong></span> <span class='ocrx_word' id='word_1_433' title='bbox 2548 751 2662 834; x_wconf 89' lang='lat' dir='ltr'><strong>qui</strong></span> <span class='ocrx_word' id='word_1_434' title='bbox 2709 750 3054 836; x_wconf 87' lang='lat' dir='ltr'><strong>pecuniam</strong></span> <span class='ocrx_word' id='word_1_435' title='bbox 3112 750 3575 834; x_wconf 87' lang='lat' dir='ltr'><strong>suppeditaret,</strong></span> <span class='ocrx_word' id='word_1_436' title='bbox 3620 750 3974 817; x_wconf 87' lang='lat' dir='ltr'><strong>excuderet</strong></span> <span class='ocrx_word' id='word_1_437' title='bbox 4007 752 4222 819; x_wconf 90' lang='lat' dir='ltr'><strong>denuo</strong></span> 
     </span>
     <span class='ocr_line' id='line_1_63' title="bbox 2273 836 4221 921; baseline 0.002 -20"><span class='ocrx_word' id='word_1_438' title='bbox 2273 836 2542 901; x_wconf 85' lang='lat' dir='ltr'><strong>Novum</strong></span> <span class='ocrx_word' id='word_1_439' title='bbox 2583 836 3080 902; x_wconf 74' lang='lat' dir='ltr'><strong>Testamentum</strong></span> <span class='ocrx_word' id='word_1_440' title='bbox 3098 887 3114 914; x_wconf 92' lang='lat'><strong>,</strong></span> <span class='ocrx_word' id='word_1_441' title='bbox 3174 857 3296 903; x_wconf 89' lang='lat' dir='ltr'><strong>nec</strong></span> <span class='ocrx_word' id='word_1_442' title='bbox 3351 837 3669 903; x_wconf 88' lang='lat' dir='ltr'><strong>iacturam</strong></span> <span class='ocrx_word' id='word_1_443' title='bbox 3711 838 3955 904; x_wconf 87' lang='lat' dir='ltr'><strong>faceret</strong></span> <span class='ocrx_word' id='word_1_444' title='bbox 3996 839 4108 921; x_wconf 91' lang='lat' dir='ltr'><strong>qui</strong></span> <span class='ocrx_word' id='word_1_445' title='bbox 4150 860 4221 905; x_wconf 89' lang='lat' dir='ltr'><strong>se</strong></span> 
     </span>
     <span class='ocr_line' id='line_1_64' title="bbox 2273 921 4224 1006; baseline 0.002 -19"><span class='ocrx_word' id='word_1_446' title='bbox 2273 923 2524 987; x_wconf 90' lang='lat' dir='ltr'><strong>socium</strong></span> <span class='ocrx_word' id='word_1_447' title='bbox 2584 921 2991 1006; x_wconf 87' lang='lat' dir='ltr'><strong>adiungeret.</strong></span> <span class='ocrx_word' id='word_1_448' title='bbox 3069 923 3247 987; x_wconf 88' lang='lat' dir='ltr'><strong>Eum</strong></span> <span class='ocrx_word' id='word_1_449' title='bbox 3311 922 3428 989; x_wconf 91' lang='lat' dir='ltr'><strong>tibi</strong></span> <span class='ocrx_word' id='word_1_450' title='bbox 3489 923 4015 989; x_wconf 89' lang='lat' dir='ltr'><strong>commendarem</strong></span> <span class='ocrx_word' id='word_1_451' title='bbox 4029 974 4047 1003; x_wconf 99' lang='lat'><strong>,</strong></span> <span class='ocrx_word' id='word_1_452' title='bbox 4093 925 4224 991; x_wconf 89' lang='lat' dir='ltr'><strong>nisi</strong></span> 
     </span>
     <span class='ocr_line' id='line_1_65' title="bbox 2273 1006 4221 1097; baseline 0 -23"><span class='ocrx_word' id='word_1_453' title='bbox 2273 1017 2451 1074; x_wconf 91' lang='lat' dir='ltr'><strong>certo</strong></span> <span class='ocrx_word' id='word_1_454' title='bbox 2495 1007 2729 1074; x_wconf 90' lang='lat' dir='ltr'><strong>scirem</strong></span> <span class='ocrx_word' id='word_1_455' title='bbox 2777 1006 2893 1072; x_wconf 83' lang='lat' dir='ltr'><strong>tibi</strong></span> <span class='ocrx_word' id='word_1_456' title='bbox 2939 1029 3080 1074; x_wconf 89' lang='lat' dir='ltr'><strong>esse</strong></span> <span class='ocrx_word' id='word_1_457' title='bbox 3124 1030 3323 1091; x_wconf 88' lang='lat' dir='ltr'><strong>quam</strong></span> <span class='ocrx_word' id='word_1_458' title='bbox 3378 1007 4107 1075; x_wconf 89' lang='lat' dir='ltr'><strong>commendatissimum.</strong></span> <span class='ocrx_word' id='word_1_459' title='bbox 4137 1007 4221 1097; x_wconf 81' lang='lat'><strong>¹⁸)</strong></span> 
     </span>
     <span class='ocr_line' id='line_1_66' title="bbox 2271 1092 4223 1175; baseline 0.002 -16"><span class='ocrx_word' id='word_1_460' title='bbox 2271 1092 2580 1175; x_wconf 88' lang='lat' dir='ltr'><strong>Undique</strong></span> <span class='ocrx_word' id='word_1_461' title='bbox 2624 1094 2961 1175; x_wconf 90' lang='lat' dir='ltr'><strong>premitur.</strong></span> <span class='ocrx_word' id='word_1_462' title='bbox 3033 1092 3224 1158; x_wconf 88' lang='lat' dir='ltr'><strong>Libri</strong></span> <span class='ocrx_word' id='word_1_463' title='bbox 3267 1116 3442 1162; x_wconf 90' lang='lat' dir='ltr'><strong>nunc</strong></span> <span class='ocrx_word' id='word_1_464' title='bbox 3483 1115 3617 1160; x_wconf 93' lang='lat' dir='ltr'><strong>non</strong></span> <span class='ocrx_word' id='word_1_465' title='bbox 3662 1104 3821 1160; x_wconf 89' lang='lat' dir='ltr'><strong>sunt</strong></span> <span class='ocrx_word' id='word_1_466' title='bbox 3862 1094 4223 1162; x_wconf 87' lang='lat' dir='ltr'><strong>vendibiles</strong></span> 
     </span>
     <span class='ocr_line' id='line_1_67' title="bbox 2274 1177 4221 1263; baseline 0.001 -18"><span class='ocrx_word' id='word_1_467' title='bbox 2274 1177 2725 1245; x_wconf 85' lang='lat' dir='ltr'><strong>saevientibus</strong></span> <span class='ocrx_word' id='word_1_468' title='bbox 2782 1180 3386 1262; x_wconf 88' lang='lat' dir='ltr'><strong>persequutoribus,</strong></span> <span class='ocrx_word' id='word_1_469' title='bbox 3447 1194 3514 1245; x_wconf 91' lang='lat' dir='ltr'><strong>et</strong></span> <span class='ocrx_word' id='word_1_470' title='bbox 3557 1180 3669 1263; x_wconf 92' lang='lat' dir='ltr'><strong>qui</strong></span> <span class='ocrx_word' id='word_1_471' title='bbox 3712 1180 3793 1245; x_wconf 90' lang='lat' dir='ltr'><strong>ab</strong></span> <span class='ocrx_word' id='word_1_472' title='bbox 3838 1201 3913 1245; x_wconf 93' lang='lat' dir='ltr'><strong>eo</strong></span> <span class='ocrx_word' id='word_1_473' title='bbox 3955 1180 4221 1247; x_wconf 83' lang='lat' dir='ltr'><strong>venales</strong></span> 
     </span>
     <span class='ocr_line' id='line_1_68' title="bbox 2273 1263 4224 1351; baseline 0.002 -22"><span class='ocrx_word' id='word_1_474' title='bbox 2273 1273 2663 1349; x_wconf 88' lang='lat' dir='ltr'><strong>acceperant</strong></span> <span class='ocrx_word' id='word_1_475' title='bbox 2703 1264 2899 1329; x_wconf 90' lang='lat' dir='ltr'><strong>multi</strong></span> <span class='ocrx_word' id='word_1_476' title='bbox 2940 1267 3294 1351; x_wconf 85' lang='lat' dir='ltr'><strong>perierunt.</strong></span> <span class='ocrx_word' id='word_1_477' title='bbox 3384 1263 3459 1332; x_wconf 80' lang='lat' dir='ltr'><strong>Si</strong></span> <span class='ocrx_word' id='word_1_478' title='bbox 3504 1266 3634 1331; x_wconf 88' lang='lat' dir='ltr'><strong>alia</strong></span> <span class='ocrx_word' id='word_1_479' title='bbox 3676 1265 3945 1346; x_wconf 85' lang='lat' dir='ltr'><strong>desunt,</strong></span> <span class='ocrx_word' id='word_1_480' title='bbox 3988 1267 4224 1333; x_wconf 89' lang='lat' dir='ltr'><strong>saltem</strong></span> 
     </span>
     <span class='ocr_line' id='line_1_69' title="bbox 2271 1348 4222 1436; baseline 0.002 -22"><span class='ocrx_word' id='word_1_481' title='bbox 2271 1351 2420 1415; x_wconf 81' lang='lat' dir='ltr'><strong>viro</strong></span> <span class='ocrx_word' id='word_1_482' title='bbox 2463 1348 2632 1415; x_wconf 91' lang='lat' dir='ltr'><strong>bono</strong></span> <span class='ocrx_word' id='word_1_483' title='bbox 2677 1350 2891 1417; x_wconf 90' lang='lat' dir='ltr'><strong>aderis</strong></span> <span class='ocrx_word' id='word_1_484' title='bbox 2933 1350 3219 1418; x_wconf 90' lang='lat' dir='ltr'><strong>consilio.</strong></span> <span class='ocrx_word' id='word_1_485' title='bbox 3299 1353 3580 1417; x_wconf 72' lang='lat' dir='ltr'><strong>Remitto</strong></span> <span class='ocrx_word' id='word_1_486' title='bbox 3625 1352 3864 1436; x_wconf 79' lang='lat' dir='ltr'><strong>scripta</strong></span> <span class='ocrx_word' id='word_1_487' title='bbox 3910 1352 3979 1416; x_wconf 89' lang='lat' dir='ltr'><strong>in</strong></span> <span class='ocrx_word' id='word_1_488' title='bbox 4028 1351 4222 1418; x_wconf 83' lang='lat' dir='ltr'><strong>Caro-</strong></span> 
     </span>
     <span class='ocr_line' id='line_1_70' title="bbox 2271 1434 4220 1521; baseline 0.001 -20"><span class='ocrx_word' id='word_1_489' title='bbox 2271 1434 2421 1501; x_wconf 81' lang='lat' dir='ltr'><strong>lum.</strong></span> <span class='ocrx_word' id='word_1_490' title='bbox 2467 1435 2798 1518; x_wconf 79' lang='lat' dir='ltr'><strong>Epistulas</strong></span> <span class='ocrx_word' id='word_1_491' title='bbox 2834 1447 2990 1502; x_wconf 62' lang='lat' dir='ltr'><strong>vero</strong></span> <span class='ocrx_word' id='word_1_492' title='bbox 3026 1457 3309 1520; x_wconf 88' lang='lat' dir='ltr'><strong>quarum</strong></span> <span class='ocrx_word' id='word_1_493' title='bbox 3342 1437 3580 1503; x_wconf 89' lang='lat' dir='ltr'><strong>misisti</strong></span> <span class='ocrx_word' id='word_1_494' title='bbox 3613 1437 3951 1521; x_wconf 90' lang='lat' dir='ltr'><strong>exemplar</strong></span> <span class='ocrx_word' id='word_1_495' title='bbox 3992 1439 4220 1503; x_wconf 90' lang='lat' dir='ltr'><strong>remit-</strong></span> 
     </span>
     <span class='ocr_line' id='line_1_71' title="bbox 2272 1521 4222 1607; baseline 0.002 -22"><span class='ocrx_word' id='word_1_496' title='bbox 2272 1530 2408 1585; x_wconf 87' lang='lat' dir='ltr'><strong>tam</strong></span> <span class='ocrx_word' id='word_1_497' title='bbox 2463 1521 2575 1586; x_wconf 91' lang='lat' dir='ltr'><strong>ubi</strong></span> <span class='ocrx_word' id='word_1_498' title='bbox 2631 1521 2892 1587; x_wconf 90' lang='lat' dir='ltr'><strong>licuerit</strong></span> <span class='ocrx_word' id='word_1_499' title='bbox 2947 1544 3067 1607; x_wconf 88' lang='lat' dir='ltr'><strong>per</strong></span> <span class='ocrx_word' id='word_1_500' title='bbox 3122 1523 3326 1589; x_wconf 89' lang='lat' dir='ltr'><strong>otium</strong></span> <span class='ocrx_word' id='word_1_501' title='bbox 3369 1524 3588 1607; x_wconf 87' lang='lat' dir='ltr'><strong>legere</strong></span> <span class='ocrx_word' id='word_1_502' title='bbox 3631 1531 3700 1589; x_wconf 94' lang='lat' dir='ltr'><strong>et</strong></span> <span class='ocrx_word' id='word_1_503' title='bbox 3740 1524 4063 1590; x_wconf 89' lang='lat' dir='ltr'><strong>maturius</strong></span> <span class='ocrx_word' id='word_1_504' title='bbox 4106 1545 4222 1588; x_wconf 90' lang='lat' dir='ltr'><strong>ex-</strong></span> 
     </span>
     <span class='ocr_line' id='line_1_72' title="bbox 2269 1605 4222 1693; baseline 0.002 -21"><span class='ocrx_word' id='word_1_505' title='bbox 2269 1605 2589 1690; x_wconf 87' lang='lat' dir='ltr'><strong>pendere:</strong></span> <span class='ocrx_word' id='word_1_506' title='bbox 2651 1628 2805 1672; x_wconf 89' lang='lat' dir='ltr'><strong>nam</strong></span> <span class='ocrx_word' id='word_1_507' title='bbox 2851 1629 2961 1674; x_wconf 82' lang='lat' dir='ltr'><strong>eas</strong></span> <span class='ocrx_word' id='word_1_508' title='bbox 3005 1606 3331 1674; x_wconf 86' lang='lat' dir='ltr'><strong>duntaxat</strong></span> <span class='ocrx_word' id='word_1_509' title='bbox 3373 1608 3586 1675; x_wconf 90' lang='lat' dir='ltr'><strong>obiter</strong></span> <span class='ocrx_word' id='word_1_510' title='bbox 3625 1611 3936 1693; x_wconf 90' lang='lat' dir='ltr'><strong>percurri.</strong></span> <span class='ocrx_word' id='word_1_511' title='bbox 4025 1606 4222 1675; x_wconf 82' lang='lat' dir='ltr'><strong>Salu-</strong></span> 
     </span>
     <span class='ocr_line' id='line_1_73' title="bbox 2271 1693 4224 1778; baseline 0.002 -21"><span class='ocrx_word' id='word_1_512' title='bbox 2271 1706 2424 1758; x_wconf 88' lang='lat' dir='ltr'><strong>tans</strong></span> <span class='ocrx_word' id='word_1_513' title='bbox 2479 1699 2549 1758; x_wconf 91' lang='lat' dir='ltr'><strong>te</strong></span> <span class='ocrx_word' id='word_1_514' title='bbox 2604 1693 2816 1759; x_wconf 88' lang='lat' dir='ltr'><strong>nostri</strong></span> <span class='ocrx_word' id='word_1_515' title='bbox 2881 1714 3122 1759; x_wconf 91' lang='lat' dir='ltr'><strong>omnes.</strong></span> <span class='ocrx_word' id='word_1_516' title='bbox 3214 1693 3447 1760; x_wconf 82' lang='lat' dir='ltr'><strong>Saluta</strong></span> <span class='ocrx_word' id='word_1_517' title='bbox 3512 1697 3770 1773; x_wconf 87' lang='lat' dir='ltr'><strong>amicos,</strong></span> <span class='ocrx_word' id='word_1_518' title='bbox 3838 1696 4224 1778; x_wconf 90' lang='lat' dir='ltr'><strong>praesertim</strong></span> 
     </span>
     <span class='ocr_line' id='line_1_74' title="bbox 2270 1781 4223 1865; baseline 0.001 -22"><span class='ocrx_word' id='word_1_519' title='bbox 2270 1797 2547 1844; x_wconf 91' lang='lat' dir='ltr'><strong>uxorem</strong></span> <span class='ocrx_word' id='word_1_520' title='bbox 2591 1800 2737 1844; x_wconf 90' lang='lat' dir='ltr'><strong>meo</strong></span> <span class='ocrx_word' id='word_1_521' title='bbox 2782 1786 2852 1843; x_wconf 90' lang='lat' dir='ltr'><strong>et</strong></span> <span class='ocrx_word' id='word_1_522' title='bbox 2891 1800 3076 1844; x_wconf 88' lang='lat' dir='ltr'><strong>meae</strong></span> <span class='ocrx_word' id='word_1_523' title='bbox 3132 1782 3359 1845; x_wconf 88' lang='lat' dir='ltr'><strong>uxoris</strong></span> <span class='ocrx_word' id='word_1_524' title='bbox 3415 1781 3707 1859; x_wconf 90' lang='lat' dir='ltr'><strong>nomine,</strong></span> <span class='ocrx_word' id='word_1_525' title='bbox 3767 1802 3934 1865; x_wconf 90' lang='lat' dir='ltr'><strong>quae</strong></span> <span class='ocrx_word' id='word_1_526' title='bbox 3985 1801 4223 1864; x_wconf 89' lang='lat' dir='ltr'><strong>parum</strong></span> 
     </span>
     <span class='ocr_line' id='line_1_75' title="bbox 2269 1864 4221 1949; baseline 0 -20"><span class='ocrx_word' id='word_1_527' title='bbox 2269 1864 2451 1929; x_wconf 84' lang='lat' dir='ltr'><strong>valet</strong></span> <span class='ocrx_word' id='word_1_528' title='bbox 2492 1886 2576 1930; x_wconf 87' lang='lat' dir='ltr'><strong>ex</strong></span> <span class='ocrx_word' id='word_1_529' title='bbox 2622 1865 2823 1930; x_wconf 90' lang='lat' dir='ltr'><strong>animi</strong></span> <span class='ocrx_word' id='word_1_530' title='bbox 2870 1866 3215 1932; x_wconf 90' lang='lat' dir='ltr'><strong>sententia.</strong></span> <span class='ocrx_word' id='word_1_531' title='bbox 3307 1864 3560 1932; x_wconf 87' lang='lat' dir='ltr'><strong>Vereor</strong></span> <span class='ocrx_word' id='word_1_532' title='bbox 3599 1889 3682 1932; x_wconf 91' lang='lat' dir='ltr'><strong>ne</strong></span> <span class='ocrx_word' id='word_1_533' title='bbox 3725 1864 3989 1932; x_wconf 90' lang='lat' dir='ltr'><strong>tandem</strong></span> <span class='ocrx_word' id='word_1_534' title='bbox 4033 1886 4221 1949; x_wconf 89' lang='lat' dir='ltr'><strong>aper-</strong></span> 
     </span>
     <span class='ocr_line' id='line_1_76' title="bbox 2270 1950 4218 2035; baseline 0.001 -21"><span class='ocrx_word' id='word_1_535' title='bbox 2270 1950 2404 2015; x_wconf 88' lang='lat' dir='ltr'><strong>tius</strong></span> <span class='ocrx_word' id='word_1_536' title='bbox 2462 1951 2732 2016; x_wconf 91' lang='lat' dir='ltr'><strong>morbus</strong></span> <span class='ocrx_word' id='word_1_537' title='bbox 2789 1959 3111 2035; x_wconf 88' lang='lat' dir='ltr'><strong>erumpat.</strong></span> <span class='ocrx_word' id='word_1_538' title='bbox 3200 1951 3388 2017; x_wconf 88' lang='lat' dir='ltr'><strong>Vale.</strong></span> <span class='ocrx_word' id='word_1_539' title='bbox 3473 1952 3873 2018; x_wconf 88' lang='lat' dir='ltr'><strong>Lausannae</strong></span> <span class='ocrx_word' id='word_1_540' title='bbox 3921 1957 4016 2017; x_wconf 90' lang='lat'><strong>14.</strong></span> <span class='ocrx_word' id='word_1_541' title='bbox 4063 1951 4218 2017; x_wconf 92' lang='lat' dir='ltr'><strong>Iulii</strong></span> 
     </span>
    </p>
   </div>
   <div class='ocr_carea' id='block_1_9' title="bbox 2277 2039 4049 2189">
    <p class='ocr_par' dir='ltr' id='par_1_13' title="bbox 2277 2039 4049 2189">
     <span class='ocr_line' id='line_1_77' title="bbox 2277 2039 2460 2101; baseline 0.022 -4"><span class='ocrx_word' id='word_1_542' title='bbox 2277 2039 2460 2101; x_wconf 85' lang='lat'><strong>1545.</strong></span> 
     </span>
     <span class='ocr_line' id='line_1_78' title="bbox 3401 2124 4049 2189; baseline 0 -1"><span class='ocrx_word' id='word_1_543' title='bbox 3401 2124 3584 2189; x_wconf 72' lang='lat' dir='ltr'><strong>&#39;l&#39;uus</strong></span> <span class='ocrx_word' id='word_1_544' title='bbox 3633 2125 3709 2189; x_wconf 91' lang='lat' dir='ltr'><strong>P.</strong></span> <span class='ocrx_word' id='word_1_545' title='bbox 3754 2124 4049 2189; x_wconf 76' lang='lat' dir='ltr'><strong>ViretuS.</strong></span> 
     </span>
    </p>
   </div>
   <div class='ocr_carea' id='block_1_10' title="bbox 3049 2419 3448 2426">
    <p class='ocr_par' dir='ltr' id='par_1_14' title="bbox 3049 2419 3448 2426">
     <span class='ocr_line' id='line_1_79' title="bbox 3049 2419 3448 2426; baseline 0.003 -2"><span class='ocrx_word' id='word_1_546' title='bbox 3049 2419 3222 2426; x_wconf 46' lang='lat' dir='ltr'><strong>-Q-</strong></span> <span class='ocrx_word' id='word_1_547' title='bbox 3251 2421 3266 2425; x_wconf 81' lang='grc'><strong>-</strong></span> <span class='ocrx_word' id='word_1_548' title='bbox 3293 2420 3448 2426; x_wconf 58' lang='lat' dir='ltr'><strong>m—</strong></span> 
     </span>
    </p>
   </div>
   <div class='ocr_carea' id='block_1_11' title="bbox 2697 2634 3790 2856">
    <p class='ocr_par' dir='ltr' id='par_1_15' title="bbox 2697 2634 3790 2856">
     <span class='ocr_line' id='line_1_80' title="bbox 3181 2634 3325 2705; baseline -0.021 1"><span class='ocrx_word' id='word_1_549' title='bbox 3181 2634 3325 2705; x_wconf 67' lang='lat'><strong>681.</strong></span> 
     </span>
     <span class='ocr_line' id='line_1_81' title="bbox 2697 2786 3790 2856; baseline -0.001 -1"><span class='ocrx_word' id='word_1_550' title='bbox 2697 2786 3284 2856; x_wconf 72' lang='lat' dir='ltr'>LIBERTE&#39;PUS</span> <span class='ocrx_word' id='word_1_551' title='bbox 3327 2787 3790 2856; x_wconf 72' lang='lat' dir='ltr'><strong>PARELLO.</strong></span> 
     </span>
    </p>
   </div>
   <div class='ocr_carea' id='block_1_12' title="bbox 2265 2957 4221 3130">
    <p class='ocr_par' dir='ltr' id='par_1_16' title="bbox 2265 2957 4221 3130">
     <span class='ocr_line' id='line_1_82' title="bbox 2452 2957 4221 3043; baseline 0 -18"><span class='ocrx_word' id='word_1_552' title='bbox 2452 2957 2755 3025; x_wconf 60' lang='lat' dir='ltr'><strong>calvinus</strong></span> <span class='ocrx_word' id='word_1_553' title='bbox 2779 2958 3279 3043; x_wconf 71' lang='lat' dir='ltr'><strong>Gkampereuum</strong></span> <span class='ocrx_word' id='word_1_554' title='bbox 3311 2980 3534 3026; x_wconf 77' lang='lat' dir='ltr'><strong>novum</strong></span> <span class='ocrx_word' id='word_1_555' title='bbox 3563 2960 3925 3025; x_wconf 75' lang='lat' dir='ltr'><strong>ministmm</strong></span> <span class='ocrx_word' id='word_1_556' title='bbox 3944 2961 4014 3025; x_wconf 75' lang='lat' dir='ltr'><strong>in</strong></span> <span class='ocrx_word' id='word_1_557' title='bbox 4034 2980 4221 3025; x_wconf 72' lang='lat' dir='ltr'><strong>suam</strong></span> 
     </span>
     <span class='ocr_line' id='line_1_83' title="bbox 2265 3045 2944 3130; baseline 0.003 -19"><span class='ocrx_word' id='word_1_558' title='bbox 2265 3045 2641 3130; x_wconf 71' lang='lat' dir='ltr'><strong>pmochiam</strong></span> <span class='ocrx_word' id='word_1_559' title='bbox 2682 3046 2944 3113; x_wconf 76' lang='lat' dir='ltr'><strong>deducit.</strong></span> 
     </span>
    </p>
   </div>
   <div class='ocr_carea' id='block_1_13' title="bbox 2274 3213 4220 3288">
    <p class='ocr_par' dir='ltr' id='par_1_17' title="bbox 2274 3213 4220 3288">
     <span class='ocr_line' id='line_1_84' title="bbox 2274 3213 4220 3288; baseline -0.002 -18"><span class='ocrx_word' id='word_1_560' title='bbox 2274 3217 2384 3286; x_wconf 81' lang='lat' dir='ltr'><strong>(Ex</strong></span> <span class='ocrx_word' id='word_1_561' title='bbox 2421 3218 2756 3288; x_wconf 83' lang='lat' dir='ltr'><strong>autographo</strong></span> <span class='ocrx_word' id='word_1_562' title='bbox 2789 3217 2931 3271; x_wconf 89' lang='lat' dir='ltr'><strong>Bibl.</strong></span> <span class='ocrx_word' id='word_1_563' title='bbox 2967 3222 3108 3286; x_wconf 82' lang='lat' dir='ltr'><strong>past.</strong></span> <span class='ocrx_word' id='word_1_564' title='bbox 3145 3216 3608 3271; x_wconf 81' lang='lat' dir='ltr'><strong>Neocomensium.</strong></span> <span class='ocrx_word' id='word_1_565' title='bbox 3645 3217 3786 3287; x_wconf 78' lang='lat' dir='ltr'><strong>Epp.</strong></span> <span class='ocrx_word' id='word_1_566' title='bbox 3826 3215 3992 3269; x_wconf 81' lang='lat' dir='ltr'><strong>Fabri</strong></span> <span class='ocrx_word' id='word_1_567' title='bbox 4024 3214 4093 3268; x_wconf 86' lang='lat' dir='ltr'><strong>N.</strong></span> <span class='ocrx_word' id='word_1_568' title='bbox 4110 3213 4220 3282; x_wconf 79' lang='lat'><strong>44.)</strong></span> 
     </span>
    </p>
   </div>
   <div class='ocr_carea' id='block_1_14' title="bbox 2447 3369 4055 3522">
    <p class='ocr_par' dir='ltr' id='par_1_18' title="bbox 2447 3369 4055 3522">
     <span class='ocr_line' id='line_1_85' title="bbox 2447 3369 3886 3439; baseline -0.001 -1"><span class='ocrx_word' id='word_1_569' title='bbox 2447 3370 2666 3438; x_wconf 80' lang='lat' dir='ltr'><strong>Fideli</strong></span> <span class='ocrx_word' id='word_1_570' title='bbox 2707 3371 2956 3439; x_wconf 81' lang='lat' dir='ltr'><strong>Christi</strong></span> <span class='ocrx_word' id='word_1_571' title='bbox 3004 3390 3197 3437; x_wconf 76' lang='lat' dir='ltr'><strong>scrvo</strong></span> <span class='ocrx_word' id='word_1_572' title='bbox 3242 3369 3577 3438; x_wconf 80' lang='lat' dir='ltr'><strong>Gulielmo</strong></span> <span class='ocrx_word' id='word_1_573' title='bbox 3620 3370 3886 3436; x_wconf 82' lang='lat' dir='ltr'><strong>Farello</strong></span> 
     </span>
     <span class='ocr_line' id='line_1_86' title="bbox 3729 3456 4055 3522; baseline -0.006 0"><span class='ocrx_word' id='word_1_574' title='bbox 3729 3456 4055 3522; x_wconf 88' lang='lat' dir='ltr'><strong>Neocomi.</strong></span> 
     </span>
    </p>
   </div>
   <div class='ocr_carea' id='block_1_15' title="bbox 2275 3591 4229 4176">
    <p class='ocr_par' dir='ltr' id='par_1_19' title="bbox 2275 3591 4229 4176">
     <span class='ocr_line' id='line_1_87' title="bbox 2451 3591 4228 3675; baseline -0.002 -13"><span class='ocrx_word' id='word_1_575' title='bbox 2451 3632 2534 3644; x_wconf 92' lang='lat'><strong>-—</strong></span> <span class='ocrx_word' id='word_1_576' title='bbox 2581 3632 2663 3644; x_wconf 94' lang='lat'><em>-</em></span> <span class='ocrx_word' id='word_1_577' title='bbox 2709 3629 2789 3641; x_wconf 90' lang='lat'>—</span> <span class='ocrx_word' id='word_1_578' title='bbox 2841 3633 2909 3643; x_wconf 90' lang='lat'><strong>—</strong></span> <span class='ocrx_word' id='word_1_579' title='bbox 2966 3591 3273 3663; x_wconf 74' lang='lat' dir='ltr'><strong>Calvinus</strong></span> <span class='ocrx_word' id='word_1_580' title='bbox 3326 3593 3433 3660; x_wconf 89' lang='lat' dir='ltr'><strong>die</strong></span> <span class='ocrx_word' id='word_1_581' title='bbox 3488 3592 3810 3659; x_wconf 90' lang='lat' dir='ltr'><strong>dominico</strong></span> <span class='ocrx_word' id='word_1_582' title='bbox 3837 3593 3884 3675; x_wconf 86' lang='lat'><strong>¹)</strong></span> <span class='ocrx_word' id='word_1_583' title='bbox 3940 3593 4051 3658; x_wconf 90' lang='lat' dir='ltr'><strong>hic</strong></span> <span class='ocrx_word' id='word_1_584' title='bbox 4103 3593 4228 3659; x_wconf 77' lang='lat' dir='ltr'><strong>fuit</strong></span> 
     </span>
     <span class='ocr_line' id='line_1_88' title="bbox 2275 3676 4223 3763; baseline -0.001 -17"><span class='ocrx_word' id='word_1_585' title='bbox 2275 3680 2548 3746; x_wconf 84' lang='lat' dir='ltr'><strong>fratrem</strong></span> <span class='ocrx_word' id='word_1_586' title='bbox 2597 3680 3087 3763; x_wconf 66' lang='lat' dir='ltr'><strong>champerelhom</strong></span> <span class='ocrx_word' id='word_1_587' title='bbox 3129 3679 3547 3745; x_wconf 89' lang='lat' dir='ltr'><strong>Draillanum</strong></span> <span class='ocrx_word' id='word_1_588' title='bbox 3592 3676 3950 3746; x_wconf 89' lang='lat' dir='ltr'><strong>deducendi</strong></span> <span class='ocrx_word' id='word_1_589' title='bbox 3995 3680 4223 3763; x_wconf 87' lang='lat' dir='ltr'><strong>gratia,</strong></span> 
     </span>
     <span class='ocr_line' id='line_1_89' title="bbox 2276 3762 4226 3833; baseline -0.001 -2"><span class='ocrx_word' id='word_1_590' title='bbox 2276 3767 2392 3833; x_wconf 92' lang='lat' dir='ltr'><strong>ubi</strong></span> <span class='ocrx_word' id='word_1_591' title='bbox 2447 3769 2845 3833; x_wconf 90' lang='lat' dir='ltr'><strong>constitutus</strong></span> <span class='ocrx_word' id='word_1_592' title='bbox 2898 3774 3001 3831; x_wconf 89' lang='lat' dir='ltr'><strong>est</strong></span> <span class='ocrx_word' id='word_1_593' title='bbox 3055 3766 3372 3832; x_wconf 88' lang='lat' dir='ltr'><strong>minister.</strong></span> <span class='ocrx_word' id='word_1_594' title='bbox 3462 3765 3727 3830; x_wconf 85' lang='lat' dir='ltr'><strong>Literas</strong></span> <span class='ocrx_word' id='word_1_595' title='bbox 3784 3785 3820 3828; x_wconf 93' lang='lat' dir='ltr'><strong>e</strong></span> <span class='ocrx_word' id='word_1_596' title='bbox 3862 3762 4226 3830; x_wconf 79' lang='lat' dir='ltr'><strong>Germania</strong></span> 
     </span>
     <span class='ocr_line' id='line_1_90' title="bbox 2278 3849 4229 3937; baseline -0.002 -20"><span class='ocrx_word' id='word_1_597' title='bbox 2278 3854 2575 3935; x_wconf 91' lang='lat' dir='ltr'><strong>proxime</strong></span> <span class='ocrx_word' id='word_1_598' title='bbox 2617 3865 2999 3937; x_wconf 87' lang='lat' dir='ltr'><strong>recept-urus</strong></span> <span class='ocrx_word' id='word_1_599' title='bbox 3043 3861 3161 3918; x_wconf 84' lang='lat' dir='ltr'><strong>est.</strong></span> <span class='ocrx_word' id='word_1_600' title='bbox 3246 3852 3397 3918; x_wconf 89' lang='lat' dir='ltr'><strong>Non</strong></span> <span class='ocrx_word' id='word_1_601' title='bbox 3440 3849 3664 3917; x_wconf 90' lang='lat' dir='ltr'><strong>dubito</strong></span> <span class='ocrx_word' id='word_1_602' title='bbox 3707 3850 3868 3934; x_wconf 89' lang='lat' dir='ltr'><strong>quin</strong></span> <span class='ocrx_word' id='word_1_603' title='bbox 3909 3870 4065 3914; x_wconf 90' lang='lat' dir='ltr'><strong>mox</strong></span> <span class='ocrx_word' id='word_1_604' title='bbox 4105 3849 4229 3916; x_wconf 90' lang='lat' dir='ltr'><strong>tibi</strong></span> 
     </span>
     <span class='ocr_line' id='line_1_91' title="bbox 2277 3935 4228 4022; baseline -0.002 -18"><span class='ocrx_word' id='word_1_605' title='bbox 2277 3938 2608 4022; x_wconf 83' lang='lat' dir='ltr'><strong>significet</strong></span> <span class='ocrx_word' id='word_1_606' title='bbox 2662 3938 2835 4022; x_wconf 91' lang='lat' dir='ltr'><strong>quod</strong></span> <span class='ocrx_word' id='word_1_607' title='bbox 2889 3938 2961 4003; x_wconf 91' lang='lat' dir='ltr'><strong>in</strong></span> <span class='ocrx_word' id='word_1_608' title='bbox 3006 3940 3101 4004; x_wconf 89' lang='lat' dir='ltr'><strong>eis</strong></span> <span class='ocrx_word' id='word_1_609' title='bbox 3143 3935 3600 4004; x_wconf 87' lang='lat' dir='ltr'><strong>continebitur.</strong></span> <span class='ocrx_word' id='word_1_610' title='bbox 3685 3937 3746 4001; x_wconf 87' lang='grc' dir='ltr'><strong>Ε</strong></span> <span class='ocrx_word' id='word_1_611' title='bbox 3876 3955 4128 4019; x_wconf 90' lang='lat' dir='ltr'><strong>quoque</strong></span> <span class='ocrx_word' id='word_1_612' title='bbox 4171 3936 4228 4001; x_wconf 86' lang='lat' dir='ltr'><strong>si</strong></span> 
     </span>
     <span class='ocr_line' id='line_1_92' title="bbox 2279 4020 4228 4108; baseline 0.001 -20"><span class='ocrx_word' id='word_1_613' title='bbox 2279 4022 2436 4106; x_wconf 90' lang='lat' dir='ltr'><strong>quid</strong></span> <span class='ocrx_word' id='word_1_614' title='bbox 2475 4044 2861 4108; x_wconf 89' lang='lat' dir='ltr'><strong>prosperum</strong></span> <span class='ocrx_word' id='word_1_615' title='bbox 2904 4023 3293 4090; x_wconf 89' lang='lat' dir='ltr'><strong>intellexero</strong></span> <span class='ocrx_word' id='word_1_616' title='bbox 3336 4032 3569 4089; x_wconf 89' lang='lat' dir='ltr'><strong>nactus</strong></span> <span class='ocrx_word' id='word_1_617' title='bbox 3613 4022 3761 4088; x_wconf 89' lang='lat' dir='ltr'><strong>tabe</strong></span> <span class='ocrx_word' id='word_1_618' title='bbox 3814 4020 4027 4086; x_wconf 88' lang='lat' dir='ltr'><strong>arium</strong></span> <span class='ocrx_word' id='word_1_619' title='bbox 4070 4041 4228 4089; x_wconf 79' lang='lat' dir='ltr'><strong>mox</strong></span> 
     </span>
     <span class='ocr_line' id='line_1_93' title="bbox 2279 4108 3745 4176; baseline -0.003 0"><span class='ocrx_word' id='word_1_620' title='bbox 2279 4109 2579 4176; x_wconf 85' lang='lat' dir='ltr'><strong>scribam.</strong></span> <span class='ocrx_word' id='word_1_621' title='bbox 2619 4145 2698 4155; x_wconf 84' lang='lat'><strong>--</strong></span> <span class='ocrx_word' id='word_1_622' title='bbox 2748 4144 2830 4154; x_wconf 89' lang='lat'><strong>—</strong></span> <span class='ocrx_word' id='word_1_623' title='bbox 2874 4146 2961 4156; x_wconf 94' lang='lat'><strong>—</strong></span> <span class='ocrx_word' id='word_1_624' title='bbox 3003 4110 3165 4175; x_wconf 78' lang='lat' dir='ltr'><strong>Tho,</strong></span> <span class='ocrx_word' id='word_1_625' title='bbox 3216 4114 3310 4173; x_wconf 85' lang='lat'><strong>15.</strong></span> <span class='ocrx_word' id='word_1_626' title='bbox 3355 4108 3514 4173; x_wconf 89' lang='lat' dir='ltr'><strong>Iulii</strong></span> <span class='ocrx_word' id='word_1_627' title='bbox 3566 4112 3745 4172; x_wconf 82' lang='lat'><strong>1545.</strong></span> 
     </span>
    </p>
   </div>
   <div class='ocr_carea' id='block_1_16' title="bbox 2896 4227 4056 4312">
    <p class='ocr_par' dir='ltr' id='par_1_20' title="bbox 2896 4227 4056 4312">
     <span class='ocr_line' id='line_1_94' title="bbox 2896 4227 4056 4312; baseline -0.004 -17"><span class='ocrx_word' id='word_1_628' title='bbox 2896 4229 3077 4295; x_wconf 77' lang='lat' dir='ltr'><strong>Tuus</strong></span> <span class='ocrx_word' id='word_1_629' title='bbox 3125 4227 3499 4312; x_wconf 82' lang='lat' dir='ltr'><strong>Ohristoph.</strong></span> <span class='ocrx_word' id='word_1_630' title='bbox 3546 4227 3764 4292; x_wconf 80' lang='lat' dir='ltr'><strong>Faber</strong></span> <span class='ocrx_word' id='word_1_631' title='bbox 3807 4227 4056 4292; x_wconf 85' lang='lat' dir='ltr'><strong>Libert.</strong></span> 
     </span>
    </p>
   </div>
   <div class='ocr_carea' id='block_1_17' title="bbox 2276 4370 2686 4383">
    <p class='ocr_par' dir='ltr' id='par_1_21' title="bbox 2276 4370 2686 4383">
     <span class='ocr_line' id='line_1_95' title="bbox 2276 4370 2686 4383; baseline 0 1792"><span class='ocrx_word' id='word_1_632' title='bbox 2276 4370 2686 4383; x_wconf 95' lang='lat' dir='ltr'><strong> </strong></span> 
     </span>
    </p>
   </div>
   <div class='ocr_carea' id='block_1_18' title="bbox 2270 4461 4230 4744">
    <p class='ocr_par' dir='ltr' id='par_1_22' title="bbox 2270 4461 4230 4744">
     <span class='ocr_line' id='line_1_96' title="bbox 2452 4461 4230 4536; baseline -0.003 -16"><span class='ocrx_word' id='word_1_633' title='bbox 2452 4466 2545 4531; x_wconf 87' lang='grc'><strong>13)</strong></span> <span class='ocrx_word' id='word_1_634' title='bbox 2583 4466 2838 4522; x_wconf 71' lang='lat' dir='ltr'><strong>Plurima</strong></span> <span class='ocrx_word' id='word_1_635' title='bbox 2875 4467 3095 4523; x_wconf 72' lang='lat' dir='ltr'><strong>Caluini</strong></span> <span class='ocrx_word' id='word_1_636' title='bbox 3138 4467 3348 4536; x_wconf 71' lang='lat' dir='ltr'><strong>scripta</strong></span> <span class='ocrx_word' id='word_1_637' title='bbox 3392 4480 3457 4519; x_wconf 67' lang='grc' dir='ltr'><strong>σε</strong></span> <span class='ocrx_word' id='word_1_638' title='bbox 3497 4462 3735 4519; x_wconf 76' lang='lat' dir='ltr'><strong>Girardi</strong></span> <span class='ocrx_word' id='word_1_639' title='bbox 3771 4463 3926 4532; x_wconf 78' lang='lat' dir='ltr'><strong>prelo</strong></span> <span class='ocrx_word' id='word_1_640' title='bbox 3957 4461 4230 4531; x_wconf 67' lang='lat' dir='ltr'><strong>prodii-⁹⁸0</strong></span> 
     </span>
     <span class='ocr_line' id='line_1_97' title="bbox 2278 4531 4227 4607; baseline -0.004 -16"><span class='ocrx_word' id='word_1_641' title='bbox 2278 4553 2344 4591; x_wconf 65' lang='lat' dir='ltr'><strong>ea·</strong></span> <span class='ocrx_word' id='word_1_642' title='bbox 2385 4537 2789 4607; x_wconf 70' lang='lat' dir='ltr'><strong>Proleqomem&#39;c</strong></span> <span class='ocrx_word' id='word_1_643' title='bbox 2822 4537 3030 4591; x_wconf 65' lang='lat' dir='ltr'><strong>nomia</strong></span> <span class='ocrx_word' id='word_1_644' title='bbox 3060 4536 3269 4604; x_wconf 60' lang='lat' dir='ltr'><strong>panim</strong></span> <span class='ocrx_word' id='word_1_645' title='bbox 3304 4534 3562 4589; x_wconf 70' lang='lat' dir='ltr'><strong>didicisti.</strong></span> <span class='ocrx_word' id='word_1_646' title='bbox 3633 4532 3757 4586; x_wconf 85' lang='lat' dir='ltr'><strong>Hoc</strong></span> <span class='ocrx_word' id='word_1_647' title='bbox 3789 4533 3912 4601; x_wconf 70' lang='lat' dir='ltr'><strong>ipso</strong></span> <span class='ocrx_word' id='word_1_648' title='bbox 3946 4547 4093 4586; x_wconf 70' lang='lat' dir='ltr'><strong>anno</strong></span> <span class='ocrx_word' id='word_1_649' title='bbox 4131 4531 4227 4584; x_wconf 77' lang='lat' dir='ltr'><strong>In·</strong></span> 
     </span>
     <span class='ocr_line' id='line_1_98' title="bbox 2275 4600 4224 4677; baseline -0.004 -17"><span class='ocrx_word' id='word_1_650' title='bbox 2275 4606 2485 4660; x_wconf 72' lang='lat' dir='ltr'><strong>stitutio</strong></span> <span class='ocrx_word' id='word_1_651' title='bbox 2517 4607 2720 4677; x_wconf 73' lang='lat' dir='ltr'><strong>qalliea</strong></span> <span class='ocrx_word' id='word_1_652' title='bbox 2755 4606 2904 4660; x_wconf 77' lang='lat' dir='ltr'><strong>edita</strong></span> <span class='ocrx_word' id='word_1_653' title='bbox 2937 4604 3074 4672; x_wconf 72' lang='lat' dir='ltr'><strong>suit,</strong></span> <span class='ocrx_word' id='word_1_654' title='bbox 3108 4603 3327 4673; x_wconf 80' lang='lat' dir='ltr'><strong>&#39;praeter</strong></span> <span class='ocrx_word' id='word_1_655' title='bbox 3359 4604 3491 4658; x_wconf 80' lang='lat' dir='ltr'><strong>alia.</strong></span> <span class='ocrx_word' id='word_1_656' title='bbox 3564 4600 3786 4657; x_wconf 76' lang='lat' dir='ltr'><strong>Novum</strong></span> <span class='ocrx_word' id='word_1_657' title='bbox 3832 4600 4224 4655; x_wconf 73' lang='lat' dir='ltr'><strong>Testamentum</strong></span> 
     </span>
     <span class='ocr_line' id='line_1_99' title="bbox 2270 4667 4225 4744; baseline -0.003 -16"><span class='ocrx_word' id='word_1_658' title='bbox 2270 4675 2529 4744; x_wconf 72' lang='lat' dir='ltr'><strong>qalln&#39;cum</strong></span> <span class='ocrx_word' id='word_1_659' title='bbox 2563 4691 2601 4730; x_wconf 77' lang='lat' dir='ltr'><strong>a</strong></span> <span class='ocrx_word' id='word_1_660' title='bbox 2642 4674 2871 4730; x_wconf 72' lang='lat' dir='ltr'><strong>Calvino</strong></span> <span class='ocrx_word' id='word_1_661' title='bbox 2915 4675 3246 4744; x_wconf 63' lang='lat' dir='ltr'><strong>recoqm‘am</strong></span> <span class='ocrx_word' id='word_1_662' title='bbox 3293 4672 3370 4726; x_wconf 79' lang='lat' dir='ltr'><strong>ad</strong></span> <span class='ocrx_word' id='word_1_663' title='bbox 3417 4688 3466 4725; x_wconf 84' lang='lat' dir='ltr'><strong>a.</strong></span> <span class='ocrx_word' id='word_1_664' title='bbox 3509 4669 3643 4724; x_wconf 70' lang='lat'>1⁶43</span> <span class='ocrx_word' id='word_1_665' title='bbox 3691 4669 3888 4725; x_wconf 71' lang='lat' dir='ltr'><strong>laudat</strong></span> <span class='ocrx_word' id='word_1_666' title='bbox 3924 4667 4225 4736; x_wconf 68' lang='lat' dir='ltr'><strong>Gauuiaar,</strong></span> 
     </span>
    </p>
   </div>
   <div class='ocr_carea' id='block_1_19' title="bbox 2277 4740 2924 4880">
    <p class='ocr_par' dir='ltr' id='par_1_23' title="bbox 2277 4740 2924 4880">
     <span class='ocr_line' id='line_1_100' title="bbox 2277 4740 2924 4798; baseline -0.006 0"><span class='ocrx_word' id='word_1_667' title='bbox 2277 4750 2296 4798; x_wconf 73' lang='grc' dir='ltr'><em>τ</em></span> <span class='ocrx_word' id='word_1_668' title='bbox 2475 4784 2488 4798; x_wconf 95' lang='grc'><strong>.</strong></span> <span class='ocrx_word' id='word_1_669' title='bbox 2530 4743 2730 4798; x_wconf 69' lang='lat' dir='ltr'><strong>Gener.</strong></span> <span class='ocrx_word' id='word_1_670' title='bbox 2805 4740 2924 4796; x_wconf 82' lang='lat'><strong>‚13.</strong></span> 
     </span>
     <span class='ocr_line' id='line_1_101' title="bbox 2294 4759 2849 4880; baseline -0.002 -13"><span class='ocrx_word' id='word_1_671' title='bbox 2294 4759 2538 4880; x_wconf 48' lang='lat' dir='ltr'><strong>wrm</strong></span> <span class='ocrx_word' id='word_1_672' title='bbox 2577 4810 2658 4866; x_wconf 78' lang='lat'><strong>12.</strong></span> <span class='ocrx_word' id='word_1_673' title='bbox 2697 4811 2733 4864; x_wconf 94' lang='lat'><strong><em>1</em></strong></span> <span class='ocrx_word' id='word_1_674' title='bbox 2803 4813 2849 4866; x_wconf 72' lang='grc' dir='ltr'><strong>ἲ.</strong></span> 
     </span>
    </p>
   </div>
  </div>
 </body>
</html>
