4825 6175
647 431 770 495 363

645 614 895 699 aliquid
940 613 1111 698 quod
1157 614 1458 698 equidem
1504 617 1754 698 ignor0.
1844 614 1982 681 Res
2025 615 2110 681 D.
2151 616 2389 683 Buceri
2432 623 2606 682 recto

646 702 894 767 habent
927 700 1104 784 apud
1138 722 1319 766 suos:
1367 722 1496 766 non
1531 711 1637 767 est
1667 701 1876 786 igitur
1909 715 1987 767 ut
2020 703 2442 787 inscriptione
2479 702 2607 767 alia

649 788 735 853 sit
778 808 960 871 opus.

822 874 923 938 De
967 873 1255 938 tumultu
1290 872 1521 939 bellico
1565 894 1695 937 non
1732 892 1897 956 opus
1939 883 2040 937 est
2075 884 2150 938 ut
2185 874 2411 939 multis
2446 875 2604 939 scri-

647 961 818 1027 bam.
908 959 1095 1024 Nosti
1139 958 1450 1023 nimirum
1488 959 1725 1039 omnia,
1768 969 1835 1022 et
1876 981 2044 1041 quae
2087 961 2349 1043 ignoras
2394 979 2477 1024 ex
2514 959 2605 1023 le-

648 1048 819 1132 gatis
861 1046 997 1110 tuis
1040 1044 1386 1128 intelliges.
1473 1044 1701 1110 Unum
1758 1043 2005 1109 dicam:
2066 1057 2134 1110 et
2183 1043 2481 1112 Carolum
2538 1057 2606 1110 et

648 1151 889 1216 papam
911 1129 1259 1196 Helvetios
1303 1129 1441 1195 suis
1485 1130 1748 1213 scriptis
1782 1132 2052 1213 cepisse,
2098 1140 2172 1196 ut
2214 1153 2326 1197 eos
2369 1132 2484 1214 qui
2520 1129 2602 1195 ad

650 1218 950 1285 civitates
994 1217 1303 1281 exierunt
1344 1237 1654 1281 revocare
1690 1217 2026 1300 suffragiis
2066 1226 2343 1288 tentent.
2422 1216 2603 1297 Qua-

650 1313 802 1369 tuor
864 1301 1070 1367 millia
1133 1313 1305 1368 sunt.
1408 1302 1735 1385 Exspecto
1788 1304 1845 1367 si
1899 1303 2033 1368 sint
2094 1303 2603 1385 obtemperaturi

651 1390 1045 1455 revocationi
1092 1409 1220 1452 non
1269 1389 1426 1453 satis
1470 1408 1730 1471 aequae.
1821 1387 2037 1453 Adde:
2099 1387 2371 1454 mandat
2414 1390 2605 1452 Anti-

652 1474 946 1541 christus
989 1475 1304 1556 episcopis
1352 1472 1723 1539 Sedunensi
1768 1482 1833 1539 et
1872 1473 2195 1553 (ludensi,
2256 1473 2603 1539 abbatibus

654 1560 814 1625 item
871 1559 1240 1634 helveticis,
1297 1570 1375 1623 ut
1430 1558 1705 1624 veniant
1746 1557 2170 1637 Tridentum,
2227 1581 2432 1642 quum
2476 1561 2602 1642 ipsi

654 1646 792 1712 sint
832 1644 1104 1711 ecclesia
1143 1643 1466 1710 helvetica
1506 1655 1572 1710 et
1613 1646 1914 1727 inprimis
1950 1645 2226 1710 debeant
2260 1666 2491 1711 curare
2528 1661 2605 1710 ut

653 1732 987 1810 haereses,
1049 1751 1217 1813 quae
1282 1729 1454 1812 apud
1500 1752 1570 1796 se
1613 1732 1749 1795 sint
1792 1739 2075 1809 exortae,
2131 1729 2602 1815 exstirpentur.

655 1814 852 1898 Quod
896 1817 954 1881 si
996 1816 1302 1891 fecerint,
1363 1814 1529 1881 bene
1587 1814 1879 1900 quidem:
1940 1817 2042 1882 sin
2088 1815 2296 1894 aliter,
2356 1839 2428 1882 se
2471 1817 2601 1883 fac-

653 1910 880 1968 turum
923 1923 1041 1985 pro
1085 1902 1314 1967 officio.

826 1987 1041 2053 Audio
1077 2008 1330 2071 quoque
1359 1985 1712 2053 Sadoletum
1751 2009 1945 2072 agere
1973 1990 2043 2054 in
2065 1989 2420 2054 Provincia
2453 2009 2599 2054 cru-

654 2073 984 2140 delissime
1028 2082 1256 2137 contra
1297 2073 1677 2139 Dominum.
1701 2076 1758 2157 ⁸)
1845 2075 1997 2140 Non
2042 2075 2107 2139 id
2152 2085 2598 2156 exspectaram

653 2159 738 2226 ab
803 2160 1067 2224 homine
1117 2159 1420 2224 humane.
1509 2158 1721 2226 Video
1777 2181 1935 2245 ergo
1990 2162 2402 2225 verissimum
2460 2182 2601 2225 esse

654 2243 828 2329 quod
871 2266 1130 2328 semper
1173 2246 1334 2323 dico,
1384 2244 1634 2309 nullam
1671 2267 1813 2311 esse
1857 2246 2050 2330 plane
2085 2245 2284 2310 fidem
2318 2245 2429 2310 ubi
2467 2268 2600 2311 non

653 2339 754 2396 est
792 2331 994 2396 Deus.
1083 2331 1300 2416 Igitur
1344 2329 1453 2414 qui
1501 2332 1581 2396 ab
1625 2330 2000 2397 huiusmodi
2044 2331 2307 2396 homine
2350 2331 2602 2396 fallitur

652 2435 693 2480 a
736 2437 806 2482 se
864 2417 1005 2499 ipso
1056 2417 1321 2482 fallitur.
1434 2415 1538 2481 De
1604 2416 1893 2484 adventu
1964 2418 2163 2482 Turci
2221 2438 2447 2482 rumor
2503 2431 2603 2482 est

650 2501 932 2581 iterum,
1003 2515 1069 2567 et
1124 2502 1293 2586 quod
1353 2513 1691 2587 grassetur
1761 2505 1934 2569 circa
1987 2503 2354 2587 Ungariam
2407 2503 2603 2568 valde

652 2588 963 2661 turcicffig.
1055 2589 1362 2654 Feliciter
1425 2588 1644 2671 agitur
1698 2589 2013 2655 hactenus
2073 2588 2318 2654 auxilio
2376 2589 2602 2654 divino

652 2673 735 2738 ab
776 2674 1068 2739 exercitu
1111 2684 1352 2740 noetr0.
1417 2672 1879 2758 Implorandus
1902 2676 2223 2741 Dominus
2256 2683 2333 2739 ut
2374 2696 2601 2757 pacem

650 2757 975 2843 largiatur
1031 2781 1197 2843 quae
1264 2780 1397 2824 non
1463 2760 1632 2827 obsit
1695 2761 1941 2845 gloriae
1995 2763 2215 2843 ipsius.
2307 2761 2476 2826 Vale
2532 2762 2601 2825 in

652 2843 898 2922 eodem,
944 2866 1097 2911 cum
1141 2846 1325 2910 bonis
1368 2865 1444 2911 ac
1479 2847 1606 2929 piis
1639 2847 1957 2913 omnibus.
2023 2847 2325 2912 Basileae
2358 2847 2601 2930 raptim

655 2933 756 2995 20.
801 2930 959 2996 Iulii
995 2953 1149 2996 ann.
1203 2937 1385 2995 1546.

1778 3018 1849 3081 T.
1899 3017 2012 3085 Os.
2060 3019 2425 3103 Myconius,
2511 3065 2516 3069 -

1556 3452 1708 3522 813.

1187 3587 1670 3676 GALVINUS'
1703 3606 2072 3675 VIRETO.

826 3776 957 3841 Res
998 3781 1238 3841 tantum
1281 3776 1450 3842 abest
1499 3783 1571 3842 ut
1609 3779 1878 3860 confecta
1915 3781 2031 3859 sit,
2087 3787 2157 3845 ut
2196 3786 2386 3848 totum
2429 3805 2602 3870 neqo-
2688 3798 2694 3805 '

650 3865 810 3929 tium
850 3863 935 3927 sit
978 3863 1329 3944 abruptum.
1417 3862 1591 3947 Erqo
1636 3864 1765 3930 azio
1806 3885 1920 3931 nos
1960 3871 2288 3933 vertamus.

653 4033 1073 4102 (Autographon
1110 4032 1453 4102 deperditum
1489 4035 1721 4090 videtur.
1775 4037 2142 4091 Describimus
2178 4040 2457 4109 exemplar
2478 4042 2599 4098 Ion·

650 4102 834 4155 villaei
868 4118 937 4154 ex
972 4102 1101 4155 Cod.
1138 4101 1341 4156 Genev.
1380 4101 1496 4163 196,
1532 4104 1622 4157 fol.
1658 4103 1725 4158 81
1752 4123 1803 4158 v.
1839 4107 2092 4160 collatum
2130 4123 2250 4161 cum
2287 4110 2599 4179 apographo

651 4169 931 4225 Turretini
965 4170 1095 4224 Cod.
1133 4168 1248 4237 111,
1287 4170 1376 4225 fol.
1412 4170 1532 4239 145,
1565 4172 1830 4227 Beruensi
1875 4176 2015 4244 Epp.
2053 4176 2176 4230 VII.
2211 4175 2330 4235 767.
2367 4183 2425 4231 et
2460 4181 2598 4234 Sim-

821 4239 925 4292 leri
960 4238 1085 4293 Vol.
1121 4237 1206 4293 61.
1280 4238 1476 4294 Versio
1513 4243 1725 4311 anglica
1759 4244 1983 4297 exhibet
2016 4245 2074 4298 T.
2113 4246 2182 4299 11.
2220 4263 2272 4314 p.
2309 4244 2412 4307 54.)

821 4404 1015 4488 Quod
1071 4406 1189 4473 tibi
1244 4430 1364 4492 per
1416 4425 1825 4493 quaestorem
1878 4415 2262 4498 scripseram
2323 4417 2403 4484 de
2447 4440 2598 4487 con-

646 4494 816 4560 fecto
861 4492 1145 4576 negotio,
1188 4493 1354 4558 mihi
1397 4518 1437 4561 a
1480 4498 1679 4563 Petro
1739 4498 1993 4567 Ursario
2021 4505 2070 4580 ¹)
2129 4505 2411 4570 relatum
2457 4508 2597 4573 fue-

645 4591 769 4657 rat,
810 4600 933 4663 quo
970 4580 1386 4646 internuncio
1424 4594 1580 4649 tunc
1617 4585 1863 4666 utebar,
1899 4586 2072 4670 quod
2106 4591 2424 4669 nolebam,
2471 4596 2599 4658 nisi

646 4674 912 4748 accepto
956 4664 1234 4730 certiore
1277 4666 1603 4748 mandato,
1646 4672 1788 4753 ipse
1832 4672 2036 4738 verba
2076 4674 2304 4742 facere.
2371 4679 2600 4746 Lectis

644 4773 802 4818 vero
861 4752 993 4815 tuis
1050 4750 1256 4816 literis
1311 4753 1407 4818 ita
1459 4764 1712 4837 patrem
1764 4766 1833 4821 et
1896 4758 2097 4823 filiam
2153 4766 2472 4830 convenio
2526 4775 2599 4830 ut

645 4836 816 4902 nihil
860 4836 941 4900 de
984 4856 1288 4903 successu
1322 4860 1592 4921 prorsus
1627 4842 2037 4909 haesitarem.
2108 4847 2360 4913 Verum
2402 4851 2602 4916 simul

651 4975 882 4984 w-—

852 5056 913 5119 3)
952 5057 1040 5111 De
1075 5059 1174 5113 hoc
1207 5076 1374 5131 neque
1399 5060 1546 5116 Hier.
1582 5063 1942 5119 ecclesiastica
1965 5082 2136 5137 neque
2160 5068 2414 5123 Historia
2444 5072 2599 5126 Mar-

648 5132 827 5250 teymm
862 5127 942 5179 al·
1017 5128 1075 5180 a’d
1103 5130 1364 5195 produnt.
1435 5131 1557 5185 Imo
1591 5132 1663 5195 cf.
1701 5132 1850 5186 illam
1886 5134 1932 5188 Ι.
1970 5132 2039 5189 41
2074 5151 2152 5207 sq.

690 5195 783 5249 18.
855 5143 1150 5276 ”wigfert-e
1182 5195 1490 5253 d’Orst'eres
1524 5199 1799 5255 chatelain
1833 5201 1899 5255 de
1937 5204 2118 5276 Peney
2152 5204 2384 5274 (Galiffe
2419 5208 2450 5261 1.
2489 5209 2522 5261 l.
2558 5209 2599 5263 1.

648 5262 779 5325 17⁷)
826 5279 938 5346 vtr-
957 5265 1159 5320 nobaia
1204 5269 1423 5335 saepius
1468 5271 1532 5322 in
1584 5268 1998 5325 Commentariis
2041 5274 2277 5342 publicis
2323 5278 2599 5331 laudatus.

658 5333 823 5390 Vides
871 5332 1038 5387 Voreti
1069 5336 1475 5391 matrimonium
1505 5339 1797 5407 primariis
1828 5342 1985 5396 urbis
2018 5359 2185 5398 curae
2213 5345 2403 5410 fame.

2200 426 2728 496 EPISTOLAE
2773 434 2847 494 81
2861 435 2896 492 2
2908 434 3026 495 —8
3041 431 3112 491 16

4520 439 4613 503 364

2713 626 2907 700 atque
2952 618 3363 701 migrationis
3420 620 3594 684 facta
3647 627 3749 683 est
3801 620 4081 697 mentio,
4142 623 4406 704 excepit
4451 633 4615 705 pater,

2710 703 2834 768 sibi
2868 702 3045 767 aliud
3082 704 3283 769 fuisse
3317 705 3728 787 promissum.
3785 704 4044 789 Negavi
4078 705 4327 772 factum
4360 707 4427 772 id
4458 709 4619 775 fuisse

2712 788 2896 852 nobis
2940 789 3245 854 consciis:
3308 791 3468 873 quin
3527 790 3728 855 etiam
3778 790 3984 857 Petro
4043 791 4297 858 Ursaria
4349 814 4452 857 me
4503 794 4620 859 dili·

2708 886 2943 956 genter
2985 877 3388 957 praecepisse
3430 896 3515 940 ne
3559 875 3799 941 talibus
3841 877 4184 959 promissis
4218 898 4330 945 eos
4369 879 4617 945 lactaret

2709 956 2993 1024 Ostendi
3035 980 3231 1042 quam
3275 961 3444 1026 foret
3483 961 3846 1026 absurdum
3898 983 4021 1028 nos
4072 962 4322 1030 relictis
4375 966 4623 1032 ecclesiis

2708 1046 2895 1128 sequi
2937 1065 3066 1128 quo
3122 1067 3358 1111 uxores
3404 1057 3739 1113 vocarent:
3801 1049 4031 1114 infelix
4083 1048 4227 1114 fore
4279 1052 4623 1135 coniugium

2706 1129 2881 1212 quod
2940 1130 3065 1197 hac
3118 1132 3264 1216 lege
3317 1134 3644 1197 sancitum
3701 1134 3894 1198 foret:
3955 1135 4094 1200 fore
4152 1136 4329 1201 enim
4391 1137 4625 1219 impiam

2705 1217 3102 1299 pactionem,
3172 1238 3339 1300 quae
3393 1239 3515 1283 nec
3564 1218 3685 1283 tibi
3740 1239 3861 1283 nec
3917 1221 4174 1302 puellae
4214 1222 4482 1306 impune
4518 1243 4629 1288 ces·

2705 1322 2859 1366 sura
2903 1313 3106 1368 esset:
3175 1303 3291 1369 abs
3358 1315 3423 1368 te
3467 1303 3732 1369 demum
3796 1326 4137 1388 nunquam
4201 1329 4394 1390 posse
4454 1310 4628 1389 impe-

2706 1388 2869 1452 trari
2913 1397 2987 1453 ut
3020 1396 3157 1452 tam
3192 1387 3360 1453 foedi
3401 1390 3688 1471 exempli
3724 1402 3916 1456 autor
3948 1413 4144 1471 esses,
4181 1394 4454 1476 ideoque
4485 1393 4629 1458 frus·

2706 1483 2809 1537 tra
2845 1474 3175 1557 postulari.
3244 1475 3557 1550 Adiunxi,
3600 1477 4031 1543 Lausannam
4066 1500 4198 1544 non
4235 1479 4400 1544 adeo
4433 1479 4631 1562 procul

2706 1559 2860 1624 hinc
2905 1558 3182 1638 distare,
3242 1561 3401 1643 quin
3459 1561 3598 1626 filia
3653 1561 3752 1625 illi
3808 1562 4117 1628 adfutura
4178 1576 4357 1631 esset
4413 1566 4635 1648 quoties

2706 1657 2880 1709 esset
2923 1666 3213 1711 necesse:
3275 1647 3479 1712 satius
3536 1649 3737 1712 etiam
3790 1649 3930 1713 fore
3984 1649 4160 1715 filiae
4205 1651 4462 1715 absenti
4502 1671 4633 1733 quo·

2706 1730 2867 1795 tidie
2906 1731 3244 1814 gratulari,
3302 1752 3503 1813 quam
3549 1733 3808 1799 assidue
3852 1734 4078 1800 videre
4120 1737 4477 1820 audireque
4517 1737 4635 1800 eiu·

2707 1815 2955 1881 lantem
2998 1828 3067 1880 et
3110 1825 3612 1899 conquerentem
3659 1818 3739 1882 de
3783 1822 4003 1885 mariti
4046 1821 4326 1901 iniuriis,
4370 1821 4539 1906 quod
4578 1823 4637 1886 in

2706 1911 2841 1965 tam
2907 1903 3135 1967 multis
3199 1917 3516 1969 cerneret.
3627 1905 3833 1969 Petiit
3884 1905 4289 1973 deliberandi
4348 1908 4635 1991 spatium.

2705 1988 2927 2052 Tertio
2987 1988 3091 2053 die
3147 1989 3484 2072 respondit
3554 2010 3627 2055 se
3682 1991 3948 2057 unicam
4012 1993 4216 2058 filiam
4274 1993 4408 2059 alio
4484 1992 4638 2058 nolle

2706 2073 3025 2157 ablegare.
3115 2074 3563 2140 Vehementer
3605 2073 3986 2160 indignatus
4029 2100 4178 2143 sum
4221 2100 4454 2144 eorum
4499 2077 4640 2145 stul-

2704 2160 2878 2235 titia,
2947 2159 3181 2242 quibus
3252 2161 3563 2238 fidebam,
3631 2182 3748 2226 nos
3807 2164 3900 2226 ita
3962 2162 4238 2230 delusos.
4344 2164 4642 2231 Continui

2704 2255 2928 2308 tamen
2975 2266 3080 2309 me
3125 2265 3200 2310 ac
3236 2244 3754 2312 dissimulatione
3788 2250 3925 2313 texi
3964 2249 4394 2317 iracundiam.
4463 2248 4643 2333 Apud

2704 2339 2770 2393 te
2814 2349 2972 2394 vero
3031 2351 3163 2395 non
3221 2343 3321 2396 est
3364 2332 3534 2415 quod
3582 2333 3880 2416 pluribus
3924 2356 4259 2414 excusem,
4322 2338 4437 2418 qui
4477 2336 4646 2400 omni

2704 2414 2896 2498 culpa
2938 2437 3140 2481 careo.
3237 2418 3383 2483 Alio
3417 2420 3636 2502 itaque
3679 2440 3797 2485 nos
3845 2429 4193 2487 vertamus.
4261 2419 4646 2502 (Davi-stopho-

2704 2519 2820 2565 ms
2861 2521 3120 2567 mecum
3174 2502 3255 2567 de
3310 2504 3591 2587 quadam
3649 2504 3847 2570 vidua
3903 2507 4214 2589 loquutus
4272 2519 4407 2586 est,
4465 2527 4650 2590 quam

2707 2585 2824 2649 tibi
2869 2588 3104 2652 asserit
3143 2589 3310 2654 mire
3362 2590 3638 2673 placere.
3727 2590 3806 2657 Si
3848 2593 3942 2657 ita
3982 2603 4087 2658 est
4125 2595 4385 2676 quiesco
4431 2614 4508 2660 ac
4551 2591 4649 2656 de-

2706 2673 2869 2737 sino.
2961 2672 3085 2738 Sin
3129 2676 3380 2752 minus,
3439 2674 3595 2758 quid
3647 2676 3813 2742 velis
3856 2679 4176 2762 significa.
4265 2678 4653 2761 Propediem

2707 2758 2904 2822 etiam
2950 2758 3334 2825 habebimus
3380 2762 3824 2845 Argentorato
3866 2766 4201 2830 nuncium.
4289 2765 4486 2843 Vale,
4532 2765 4652 2830 fra·

2705 2854 2809 2908 ter
2852 2853 2916 2908 et
2959 2845 3167 2910 amice
3206 2846 3644 2931 integerrime.
3715 2846 3952 2914 Saluta
3993 2860 4399 2934 symmystas
4434 2869 4654 2916 omnes

2706 2941 3136 3013 peramanter.
3230 2933 3557 2999 Dominus
3601 2953 3721 3000 vos
3764 2956 3991 3001 omnes
4034 2945 4255 3001 servet
4294 2937 4654 3002 incolumes

2706 3037 2954 3167 suoune}
2994 3018 3228 3102 spiritu
3273 3019 3593 3104 gubernet
3649 3042 3857 3104 usque
3914 3022 3980 3086 in
4032 3023 4253 3087 finem.
4345 3022 4655 3089 Genevae

2708 3107 2807 3166 25.
2891 3125 2930 3167 u
2959 3104 3024 3167 ii.

3627 3191 3912 3259 Ioannes
3957 3193 4275 3261 Calvinus
4318 3202 4496 3261 tuus.

2876 3377 3151 3461 Ignosce
3187 3377 3358 3459 quod
3392 3400 3512 3462 per
3541 3378 3861 3445 famulum
3887 3379 4266 3448 Petroniuae
4288 3405 4425 3449 non
4462 3383 4655 3467 scrip·

2706 3483 2938 3528 seram.
3027 3462 3338 3529 Nondum
3387 3465 3562 3529 enim
3608 3466 3846 3549 certior
3880 3487 4061 3533 eram
4105 3469 4332 3550 factus,
4380 3471 4510 3538 hoc
4544 3480 4653 3547 est,

2703 3546 2995 3633 fulgebat
3038 3548 3251 3615 adhuc
3290 3550 3511 3633 aliqua
3553 3552 3688 3634 spei
3734 3552 4035 3620 scintilla.

3474 3810 3885 3820 —————-—-

3601 3996 3751 4067 814.

3153 4150 3625 4221 OALVINUS
3670 4153 4191 4223 VOLMARIO.

2876 4320 3207 4387 Dedit-atio
3285 4326 3708 4391 commentarii
3771 4328 3841 4393 in
3915 4331 4250 4396 secundam
4308 4330 4516 4399 Pauli
4577 4330 4655 4397 ad

2710 4403 3062 4471 Gomzthios
3103 4409 3443 4489 epistolam.

2704 4574 2812 4643 <nx
2848 4576 4467 4727 “mm{232332‘21ffifssssssfississffofflfssssssssuisspffl
4506 4587 4651 4644 ¹⁵⁴⁸·

2703 4797 3145 4867 Ornatissimo
3191 4803 3332 4869 viro
3365 4804 3711 4872 Melchiori
3736 4807 4073 4876 Volmario
4099 4812 4147 4897 ¹)
4182 4813 4655 4881 Iurisconsulto

3295 4889 3577 4957 Ioannes
3620 4893 3943 4961 Calvinus
3986 4895 4057 4963 S.

2878 5001 2952 5070 Si
2994 5025 3102 5070 me
3145 5027 3278 5071 non
3322 5009 3513 5075 modo
3567 5012 4007 5097 negligentiae
4060 5016 4175 5082 sed
4217 5018 4415 5086 etiam
4458 5021 4655 5087 inhu-

2710 5146 2923 5152 ———
2938 5146 3112 5153 μαι-.-

2738 5208 2878 5291 824.
2917 5210 2971 5271 1)
3012 5207 3101 5263 De
3152 5212 3228 5265 M.
3288 5211 3585 5271 Wolmario
3642 5217 3796 5282 Rufo
3854 5237 3899 5274 v.
3954 5220 4136 5276 Bezae
4180 5224 4398 5292 Iconee,
4448 5225 4655 5280 Adanu·

2718 5279 2872 5333 Vitas
2903 5294 3067 5346 qerm.
3084 5280 3280 5362 philos
3303 5282 3414 5338 Ed.
3436 5285 3562 5341 ΙΙΙ.
3587 5286 3743 5353 Frcf.
3771 5286 3916 5359 1706,
3993 5330 4006 5344 .
4034 5290 4160 5358 108,-
4196 5292 4396 5360 Bam,
4430 5294 4586 5349 Bosa
4604 5294 4649 5347 I.

2698 5365 2755 5417 p.
2795 5346 2878 5400 11.
2914 5375 2979 5386 —
3018 5347 3202 5404 Natus
3243 5367 3307 5407 m
3356 5355 3562 5423 oppido
3608 5355 3877 5421 Romal,
3926 5305 4166 5414 {antiis
4205 5363 4406 5418 studiis
4435 5378 4651 5432 operans
