4825 6175
617 409 740 471 251

615 605 722 662 ter
765 600 1129 678 pateretur,
1189 594 1422 678 opinor
1446 645 1463 673 ,
1518 614 1594 659 eo
1653 614 1726 660 se
1782 593 2061 659 traduci.
2162 597 2224 659 A
2277 590 2577 659 doctrina

620 682 781 749 satis
825 688 928 746 est
966 680 1359 757 instructus,
1420 686 1515 757 et,
1571 679 1701 745 nisi
1755 700 1863 743 me
1906 680 2079 746 fallit
2121 679 2359 763 opinio,
2403 700 2575 743 nun-

619 787 818 851 quam
861 788 901 832 a
924 764 1181 833 Farello
1225 787 1294 831 se
1338 764 1762 848 disiungeret,
1804 772 1873 830 et
1914 786 2155 830 nomen
2199 766 2366 830 forte
2401 764 2467 829 N
2469 785 2575 829 eo-

620 852 1034 921 comensibus
1072 858 1243 918 esset
1297 850 1657 933 plausibile.
1744 852 2018 917 Parcius
2070 860 2291 916 tamen
2345 850 2577 933 loquor

619 960 706 1005 ne
748 937 1096 1004 obtrudere
1138 935 1386 1003 videar.
1474 937 1566 1001 Et
1607 945 1783 1002 certe
1836 937 2020 1002 nulla
2076 945 2181 1002 est
2221 937 2395 1002 iusta
2439 936 2575 1002 abi-

621 1025 818 1091 tionis
862 1044 1075 1101 causa,
1118 1023 1251 1089 nisi
1294 1023 1421 1087 alio
1465 1032 1755 1088 vocetur.

795 1108 1196 1175 Boimontius
1237 1118 1388 1174 ante
1444 1119 1694 1191 septem
1751 1129 1956 1173 annos
2000 1108 2193 1173 valde
2247 1106 2413 1171 mihi
2454 1107 2580 1171 fuit

620 1195 1132 1264 commendatus.
1220 1194 1366 1279 Ego
1409 1201 1630 1259 tamen
1673 1215 1886 1277 neque
1928 1215 2079 1259 eum
2122 1214 2332 1276 neque
2375 1191 2579 1257 alium

624 1282 999 1365 quempiam
1046 1301 1394 1358 accersam,
1441 1279 1547 1346 vel
1588 1280 1862 1344 minima
1917 1300 2033 1362 spe
2082 1279 2179 1344 illi
2224 1279 2576 1363 proposita,

623 1368 754 1433 nisi
798 1367 911 1451 qui
956 1366 1118 1432 mihi
1165 1374 1364 1433 notus
1403 1366 1620 1444 fuerit,
1666 1386 1797 1431 non
1856 1365 2132 1435 aliorum
2188 1364 2403 1429 relatu
2463 1363 2578 1429 sed

621 1473 821 1521 sensu
862 1473 1028 1519 meo.

795 1537 1232 1623 Lugdunensi
1260 1539 1343 1620 ¹⁰)
1402 1539 1513 1621 qui
1577 1558 1758 1603 meas
1826 1536 1946 1602 tibi
2002 1535 2228 1602 literas
2295 1534 2582 1600 reddidit

625 1645 962 1692 suaseram
1020 1632 1098 1690 ut
1143 1624 1436 1689 Bernam
1505 1625 2025 1706 proficisceretur
2078 1630 2197 1686 tua
2247 1641 2579 1686 commen-

625 1709 892 1776 datione
947 1712 1181 1786 fretus,
1260 1709 1366 1774 vel
1422 1711 1637 1791 potius
1693 1708 1975 1793 simplici
2029 1708 2427 1782 testimonio,
2495 1728 2579 1771 ne

625 1798 1069 1881 suspicaretur
1113 1808 1379 1861 senatus
1422 1795 1707 1877 aliquem
1743 1816 1883 1860 esse
1919 1815 2002 1858 ex
2037 1794 2227 1878 vagis
2269 1794 2579 1875 imposto-

624 1884 808 1949 ribus
851 1883 963 1966 qui
1005 1880 1295 1965 quotidie
1357 1880 1615 1946 fallunt.
1729 1881 2112 1963 Exponeret
2176 1879 2467 1945 breviter
2508 1899 2580 1943 se

625 1970 757 2035 huc
800 1969 1060 2034 venisse
1105 1966 1188 2033 ad
1232 1966 1570 2033 ecclesiam
1596 1966 1868 2031 Domini
1907 1964 2409 2031 aedificandam:
2458 1964 2580 2029 hoc

625 2055 844 2119 animo
907 2055 1192 2138 patriam
1255 2053 1614 2135 reliquisse.
1726 2050 1933 2117 Suam
2014 2048 2249 2117 deinde
2312 2071 2579 2133 operam

625 2141 910 2219 offerret,
969 2139 1344 2223 patrimonii
1397 2140 1650 2203 interea
1706 2138 1957 2203 faceret
2012 2138 2412 2202 mentionem
2432 2187 2446 2213 ,
2504 2143 2580 2200 ut

624 2227 995 2293 consuleret
1047 2234 1316 2290 senatus
1372 2244 1654 2305 quonam
1709 2222 1998 2288 remedio
2055 2223 2220 2306 eripi
2279 2229 2501 2305 posset
2542 2243 2578 2286 e

624 2311 924 2377 faucibus
967 2312 1288 2394 luporum.
1379 2309 1521 2375 Iam
1579 2309 1855 2376 coniicio
1914 2308 2101 2390 quale
2151 2310 2445 2373 futurum
2493 2308 2579 2373 sit

624 2403 1032 2480 responsum.
1123 2398 1226 2460 'Pu
1269 2396 1443 2462 viam
1484 2394 1770 2461 ostende.
1860 2393 2264 2459 Faciendum
2310 2415 2467 2479 ergo
2502 2402 2577 2459 ut

623 2483 1077 2567 praemunitus
1112 2482 1352 2547 veniat.
1418 2482 1775 2546 Permittat
1807 2490 2028 2544 tamen
2070 2480 2201 2545 illis
2242 2479 2575 2545 iudicium.

800 2570 1059 2633 Literas
1103 2576 1249 2632 tuas
1291 2566 1542 2633 reddidi
1584 2566 1870 2633 Perrino.
1899 2564 1979 2650 ¹¹)
2043 2564 2236 2632 Unde
2280 2566 2408 2631 orti
2444 2566 2580 2631 sint

625 2655 720 2719 illi
767 2674 1101 2741 sermones
1136 2654 1374 2718 nescio.
1438 2652 1699 2734 Hospes
1736 2652 1911 2716 enim
1948 2673 2094 2716 sum
2130 2653 2201 2715 in
2236 2651 2363 2715 hac
2396 2650 2575 2716 urbe.

624 2741 789 2807 Plus
831 2749 1054 2805 tamen
1096 2739 1167 2804 in
1212 2739 1407 2804 rebus
1440 2738 1793 2822 incognitis
1836 2737 1999 2803 mihi
2044 2758 2314 2804 cernere
2354 2736 2581 2802 videor

626 2848 825 2910 quam
869 2834 1148 2889 cernant
1189 2844 1417 2890 omues
1459 2824 1577 2906 qui
1620 2823 1842 2888 omnia
1895 2823 2098 2889 oculis
2143 2823 2389 2888 habent
2432 2823 2582 2888 sub-

626 2913 815 2979 iecta.
904 2910 1054 2976 Non
1111 2920 1211 2976 est
1265 2909 1437 2992 quod
1496 2930 1602 2973 me
1659 2910 1970 2975 iactantia
2024 2910 2303 2973 nimium
2360 2908 2581 2973 efferri

626 3004 837 3081 putes.
926 2996 1121 3062 Caeci
1157 2996 1334 3062 enim
1377 3004 1533 3061 sunt
1575 3016 1819 3073 omnes,
1866 3015 1987 3079 ego
2029 2994 2271 3061 luscus.
2331 2992 2581 3058 Admo-

627 3105 904 3149 nueram
943 3105 1094 3147 eum
1152 3081 1370 3147 triduo
1427 3090 1580 3147 ante
1634 3101 1853 3147 coram
1896 3080 2124 3161 Abala,
2178 3089 2441 3147 caveret
2497 3101 2582 3144 ne

627 3190 824 3253 quam
889 3166 1289 3234 diffidentiae
1357 3168 1900 3251 significationem
1969 3167 2289 3232 daremus.
2397 3165 2584 3231 Nihil

625 3263 846 3320 tamen
870 3254 1203 3320 audieram
1226 3254 1492 3330 dictum,
1516 3252 1632 3318 sed
1653 3253 2054 3320 occasionem
2076 3252 2483 3335 arripueram
2499 3273 2582 3316 ex

626 3342 769 3407 eius
813 3360 1131 3417 sermone,
1179 3360 1380 3422 quum
1418 3337 1628 3405 obiter
1670 3340 2025 3423 attingeret
2056 3337 2420 3420 praesidem
2456 3337 2586 3404 Ca-

625 3446 1071 3492 meracensem
1095 3424 1303 3489 multa
1323 3425 1631 3508 polliceri,
1674 3425 1867 3490 modo
1889 3424 2012 3491 sibi
2048 3425 2129 3489 ab
2151 3425 2452 3489 omnibus
2474 3445 2579 3490 ca-

625 3521 875 3578 verent.
908 3514 994 3594 ¹²)
1096 3509 1463 3593 Respondi:
1544 3510 1692 3577 Hoc
1746 3531 1977 3577 cavere
2032 3509 2188 3593 quid
2244 3509 2423 3573 aliud
2481 3518 2580 3575 est

624 3617 823 3680 quam
864 3618 936 3663 se
959 3594 1208 3662 nudare
1250 3597 1428 3661 omni
1461 3595 1826 3679 praesidio?
1893 3595 1974 3660 Id
2010 3616 2225 3661 coram
2260 3595 2577 3678 pluribus.

625 3682 818 3749 Olam
880 3680 1019 3746 dixi
1076 3702 1243 3765 quae
1300 3682 1712 3748 videbantur.
1801 3680 2125 3748 Senatum
2180 3681 2361 3747 adire
2406 3681 2575 3761 nolo,

625 3767 781 3850 quia
803 3768 975 3852 fugit
997 3787 1255 3832 omnem
1291 3768 1968 3833 communicationem.
2042 3766 2220 3848 Quid
2255 3766 2576 3832 hactenus

625 3854 885 3937 egerint
940 3875 1087 3920 cum
1146 3854 1545 3919 Bernatibus
1602 3873 1830 3918 omnes
1888 3860 2147 3935 praeter
2202 3873 2310 3917 me
2367 3873 2575 3917 unum

624 3939 697 4004 in
740 3940 902 4006 urbe
943 3947 1204 4004 norunt.
1273 3939 1422 4003 Non
1459 3939 1710 4004 faciunt
1752 3946 2130 4022 contemptu
2175 3959 2385 4021 neque
2429 3938 2575 4006 odio

624 4024 799 4108 quod
853 4025 1018 4089 mihi
1075 4024 1244 4088 nihil
1303 4027 1633 4108 aperiunt,
1691 4025 1807 4090 sed
1859 4026 2070 4108 magis
2115 4024 2396 4108 pudore,
2459 4033 2576 4088 aut

624 4110 795 4193 quod
838 4112 1164 4193 sapientes
1222 4110 1444 4175 videre
1498 4111 1809 4175 affectant
1864 4110 2152 4175 tacendo.
2239 4110 2375 4174 Pro
2418 4130 2574 4191 sug-

624 4205 817 4280 gestu
860 4194 1015 4278 quid
1058 4217 1389 4260 moverem
1433 4197 1869 4273 camarinam,
1923 4216 2127 4278 quum
2169 4195 2242 4259 in
2286 4194 2447 4259 urbe
2490 4215 2574 4259 ne

622 4282 938 4348 minimus
980 4281 1246 4364 quidem
1289 4282 1377 4347 sit
1419 4282 1684 4346 rumor?
1772 4281 1990 4347 Multa
2030 4282 2208 4346 enim
2260 4281 2420 4345 foris
2463 4301 2574 4345 vo-

623 4367 822 4433 litant
863 4388 1029 4450 quae
1061 4377 1288 4449 portas
1333 4368 1514 4433 urbis
1559 4387 1693 4431 non
1737 4366 2217 4451 ingrediuntur.
2284 4365 2432 4431 Hoc
2465 4386 2573 4431 me

622 4454 761 4518 urit
817 4452 987 4536 quod
1049 4451 1128 4517 de
1186 4452 1393 4517 nihilo
1459 4452 1962 4517 tumultuamur.
2064 4453 2341 4519 Licebat
2393 4452 2570 4517 enim

621 4538 877 4622 placide
931 4558 1145 4621 agere.
1243 4539 1439 4604 Nunc
1503 4538 1959 4604 ostentationis
2029 4537 2320 4603 studium
2385 4537 2573 4602 nobis

623 4625 982 4708 plurimum
1028 4623 1254 4690 oberit.
1345 4623 1537 4691 Unus
1597 4633 1700 4689 est
1748 4632 1967 4702 autor,
2025 4623 2274 4689 nullius
2317 4622 2572 4688 consilii

835 4845 926 4980 113
969 4915 1238 4966 Amadeus
1270 4912 1513 4980 (Amied)
1557 4910 1785 4966 Claudii
1812 4913 1965 4978 filius
1998 4916 2318 4982 capitaneus
2348 4929 2574 4983 qenero-

623 4982 695 5035 lis
726 4983 1058 5049 reipublicae
1098 4982 1445 5043 Genevensis,
1492 4983 1620 5034 olim
1657 4982 2060 5045 fervidissimus
2100 4981 2320 5036 Caluini
2351 4983 2573 5051 assecla,

697 5057 812 5105 stea
842 5051 1235 5112 infestissimus
1270 5053 1636 5114 antaqoniata.
1725 5050 1854 5103 Vide
1893 5051 2095 5118 Galiffe
2132 5051 2259 5104 Not.
2308 5051 2428 5120 qe'n.
2466 5052 2572 5106 111.

663 5116 745 5172 79.
824 5116 976 5200 Quae
1007 5118 1098 5173 hic
1130 5125 1445 5199 occurrunt·
1467 5118 1750 5172 obscurius
1793 5120 1943 5173 dicen
1989 5122 2377 5175 contentionem
2426 5137 2574 5175 anno

628 5202 656 5241 ⁸
834 5201 1064 5321 1⁸25³⁸ge⁸
1066 5195 1754 5325 ῧῖωξὶῗιίεεᾪαέξασειάε,
1778 5254 2099 5311 Bainundo
2128 5257 2414 5325 Pellisson,
2450 5254 2576 5312 vide

625 5323 879 5380 eundem.-
925 5322 1189 5393 quelques
1221 5340 1390 5393 paqes
1418 5341 1476 5393 p.
1511 5323 1583 5378 38
1616 5342 1693 5395 sq.

2178 404 2706 473 EPISTOLAE
2753 410 3088 472 750—751

4500 409 4594 471 252

2679 600 2795 658 aut
2833 593 3302 660 moderationis
3343 615 3606 678 compos
3625 644 3642 672 ,
3695 594 3810 678 qui
3862 593 4117 659 utinam
4162 592 4333 659 nihil
4373 615 4598 662 mecum

2676 679 2950 745 haberet
2991 679 3510 746 consuetudinis:
3554 700 3714 745 nam
3757 700 3958 763 quum
3999 678 4270 745 libidine
4313 701 4438 746 sua
4478 690 4600 765 agat

2678 767 2913 843 omnia,
2957 787 3066 831 me
3108 766 3395 848 primum
3426 765 3817 845 inconsulto,
3861 764 4099 831 deinde
4138 765 4347 831 libere
4388 766 4600 849 impro-

2681 850 2906 931 bante,
2966 873 3051 916 ex
3104 873 3212 916 me
3255 859 3477 918 tamen
3537 849 3784 935 aliquid
3839 850 4219 918 adminiculi
4270 857 4601 917 mutuatur.

2683 935 2903 1017 Quam
2943 958 3177 1003 vereor
3216 959 3302 1002 ne
3344 936 3613 1003 tandem
3647 937 3893 1003 liberae
3926 936 4179 1004 civitati
4211 958 4283 1004 se
4325 937 4602 1004 intolera-

2683 1022 2877 1088 bilem
2921 1024 3137 1089 faciat.
3222 1022 3498 1090 Duobus
3542 1023 3857 1089 membris
3899 1030 4114 1088 totum
4165 1043 4387 1088 meum
4429 1024 4606 1089 consi-

2681 1107 2846 1173 lium
2886 1108 3234 1176 concludo:
3280 1117 3354 1175 ut
3396 1107 3710 1193 quidquid
3752 1115 4032 1193 egerunt
4065 1128 4219 1175 cum
4251 1110 4491 1175 vestris
4519 1131 4606 1174 rae

2684 1200 2826 1259 tum
2867 1202 3152 1260 maneat.
3181 1196 3261 1274 ¹⁸)
3349 1195 3523 1260 Nam
3568 1195 3626 1259 si
3668 1194 4101 1273 retrocedant,
4157 1193 4434 1260 ostendo
4477 1193 4608 1277 quid

2684 1288 3112 1363 sequuturum
3155 1281 3259 1346 sit.
3347 1280 3609 1346 Deinde
3623 1330 3639 1356 ,
3693 1300 3780 1345 ne
3833 1301 3996 1365 prae
4051 1301 4121 1346 se
4164 1280 4382 1346 ferant
4425 1280 4607 1345 ullum

2684 1364 3087 1431 diffidentiae
3151 1367 3413 1450 signum
3431 1418 3446 1445 ,
3512 1366 3721 1431 fidant
3783 1376 4005 1431 autem
4070 1364 4283 1446 quoad
4348 1364 4608 1449 expedit.

2683 1449 2761 1517 Si
2803 1472 3036 1535 operae
3079 1452 3362 1535 pretium
3405 1451 3778 1518 indicavero
3795 1503 3810 1530 ,
3867 1472 3988 1535 ego
4044 1472 4152 1517 me
4194 1452 4608 1535 interponam.

2683 1535 2759 1603 Si
2803 1559 2936 1602 non
2980 1538 3227 1621 patebit
3269 1537 3517 1617 aditus,
3575 1536 3732 1621 quid
3786 1535 4112 1603 facerem?
4170 1536 4302 1602 nisi
4354 1544 4434 1602 ut
4483 1558 4612 1604 cum

2681 1622 2812 1688 illis
2855 1644 3117 1706 peream
3173 1623 3358 1689 nulla
3410 1643 3559 1688 mea
3612 1624 3824 1706 culpa.
3922 1622 4200 1688 Utinam
4240 1622 4431 1689 nobis
4471 1623 4613 1688 hora

2684 1708 2769 1773 ad
2833 1708 3332 1791 colloquendum
3396 1707 3681 1775 daretur.
3797 1708 3971 1774 Nam
4037 1708 4202 1773 haec
4260 1708 4613 1791 aenigmata

2682 1803 2903 1859 essent
2956 1793 3077 1860 tibi
3126 1794 3605 1879 paradigmata.
3713 1794 3860 1879 Ego
3920 1793 4321 1877 praesidium
4384 1793 4613 1877 fugiam

2685 1878 2897 1962 quoad
2958 1902 3091 1945 non
3155 1880 3416 1962 urgebit
3478 1879 3852 1947 necessitas.
3941 1879 4117 1945 Nam
4171 1900 4375 1963 quum
4430 1880 4614 1945 nostri

2682 1964 2816 2030 iam
2861 1964 3137 2031 nimium
3178 1966 3557 2031 militariter
3614 1986 3810 2051 agere
3861 1965 4185 2048 incipiant
4238 1964 4445 2032 nullis
4493 1986 4614 2030 ma-

2683 2052 2924 2135 gistris,
2969 2052 3093 2117 hoc
3133 2059 3251 2128 est,
3294 2051 3653 2117 insolenter
3685 2059 3754 2117 et
3795 2050 4129 2130 dissolute,
4174 2049 4333 2133 quid
4365 2071 4615 2134 exspec-

2682 2146 2818 2201 tem
2874 2139 2954 2203 ab
3012 2138 3174 2221 ipsis
3225 2136 3600 2222 magistris?
3690 2136 3950 2203 Deinde
4002 2135 4304 2220 expende
4360 2138 4475 2220 qui
4525 2136 4617 2202 de-

2683 2223 2833 2289 lecti
2877 2224 3029 2289 sint.
3120 2224 3472 2306 Nunquam
3528 2245 3685 2307 ergo
3741 2224 3983 2289 nostris
4038 2230 4229 2288 autor
4283 2243 4398 2287 ero
4456 2242 4617 2306 prae-

2682 2308 2831 2374 sidii
2875 2310 2983 2375 hic
3025 2308 3413 2387 collocandi,
3472 2308 3676 2376 donec
3730 2331 3888 2375 usus
3931 2307 4150 2373 fuerit.
4240 2306 4618 2392 Quanquam

2683 2396 2740 2461 si
2780 2396 2912 2461 iam
2955 2396 3023 2460 id
3081 2395 3282 2460 fuerit
3334 2397 3789 2471 constitutum,
3846 2395 4038 2460 facile
4088 2393 4450 2474 assentiar,
4503 2395 4620 2459 imo

2684 2481 2993 2547 hortabor
3034 2502 3120 2546 ne
3165 2482 3440 2547 verbum
3482 2488 3900 2548 commutent.
3991 2479 4127 2545 Sed
4181 2480 4448 2562 ineptus
4490 2499 4621 2545 sum

2682 2567 2794 2649 qui
2858 2589 2963 2632 me
3026 2568 3155 2633 illis
3221 2568 3657 2633 consultorem
3720 2568 4061 2651 profitear,
4129 2565 4243 2648 qui
4300 2565 4619 2632 excludor.

2641 2658 2647 2664 “
2682 2653 2954 2718 Deflebo
2994 2654 3199 2737 igitur
3238 2674 3495 2719 mecum
3541 2653 3778 2719 tacitus
3832 2673 4058 2718 eorum
4111 2651 4314 2731 mala,
4373 2649 4621 2735 quando

2682 2737 2897 2803 ridere
2938 2738 3125 2804 nefas
3171 2746 3287 2819 est,
3332 2738 3583 2804 mederi
3627 2747 3845 2805 autem
3885 2758 4017 2803 non
4062 2757 4351 2820 possum.

2854 2825 3024 2889 Vale
3078 2846 3226 2890 cum
3274 2820 3491 2891 'uxore
3545 2833 3688 2904 tua,
3741 2823 3931 2891 cuius
3987 2821 4438 2890 valetudinem
4492 2820 4621 2887 Deo

2686 2909 3302 2976 commendabimus.
3407 2909 3589 2978 Scito
3654 2930 3774 2977 nos
3836 2908 3917 2974 de
3982 2931 4061 2974 ea
4124 2928 4452 2992 peraeque
4494 2928 4622 2974 esse

2686 2995 2993 3061 sollicitos
3039 3018 3113 3063 ac
3169 2997 3226 3062 si
3271 2997 3588 3080 cuiusque
3638 3018 3808 3061 uxor
3863 3002 3980 3061 aut
4032 2993 4169 3060 filia
4211 3002 4406 3061 esset.
4498 2991 4622 3058 Do-

2684 3082 2902 3148 minus
2947 3105 3065 3148 vos
3109 3091 3452 3150 conservet
3494 3091 3688 3167 teque
3731 3082 4002 3166 spiritus
4051 3080 4152 3148 sui
4195 3081 4623 3148 consolatione

2685 3170 3023 3234 sustineat.

2853 3254 2917 3318 N
2921 3275 3008 3320 on
3050 3255 3273 3339 relegi.

3465 3515 3875 3527 ———

3564 3715 3727 3787 ¹751.

3220 3868 3601 3937 DIAZIUS
3647 3869 4087 3939 OALVINO.

2853 4042 3008 4126 Aqit
3048 4043 3126 4107 de
3169 4041 3462 4123 colloquio
3507 4040 3951 4108 Ratisbonensi
3992 4043 4101 4108 ubi
4142 4044 4279 4127 ipse
4322 4043 4530 4121 adest,
4573 4045 4621 4105 et

2675 4128 2873 4193 tradit
2914 4148 3074 4209 quae
3104 4149 3228 4208 per
3277 4129 3520 4209 famam
3551 4127 3877 4208 publicam
3929 4129 4177 4195 rescivit
4231 4129 4308 4195 de
4364 4127 4620 4196 concilio

2684 4215 3050 4279 Tridentino
3092 4218 3148 4278 ei
3187 4219 3481 4279 conventu
3526 4212 4105 4296 Francofordiense.

2982 4384 3095 4449 (Ex
3128 4384 3465 4454 autographo
3500 4383 3630 4441 Cod.
3665 4383 3869 4439 Genev.
3911 4384 4028 4453 110,
4063 4386 4154 4439 fol.
4192 4382 4304 4453 79.)

2885 4571 2975 4643 13)
3016 4572 3079 4627 Si
3121 4572 3257 4643 quid
3299 4572 3544 4627 videmus
3598 4573 3730 4627 hoec
3782 4588 3849 4628 ex
3894 4571 4131 4627 historia
4172 4573 4397 4641 politica
4438 4573 4615 4640 poti-n

2677 4658 2842 4712 quam
2877 4643 3236 4696 ecelesiastica
3282 4647 3411 4695 sunt
3453 4640 3797 4708 explicanda.
3875 4641 3986 4696 Suo
4027 4643 4191 4704 finem
4224 4658 4279 4697 a.
4315 4639 4451 4696 1545
4485 4641 4612 4695 Ber-

2677 4726 2868 4764 nenses
2901 4711 3092 4765 bellum
3124 4712 3407 4777 religionis
3438 4725 3612 4765 causa
3642 4712 3704 4765 in
3727 4710 4031 4792 Germania
4061 4711 4359 4766 oriundum
4388 4716 4612 4765 maum-

2679 4852 2916 4928 aqerenf.
2968 4848 3057 4928 tA.
3095 4847 3147 4900 d.
3188 4846 3224 4899 1
3237 4848 3295 4901 V.
3331 4848 3467 4930 ⁶59⁸.
3488 4848 3619 4901 Dee.
3644 4795 3915 4903 3332
3927 4779 4458 4917 mileum
4433 4779 4613 4902 maru

2678 4922 2989 4984 eonscreptt.
3061 4916 3269 4970 Iterum
3308 4918 3493 4985 predae
3537 4934 3716 4972 nonas
3762 4919 4071 4972 Ianuarias
4119 4923 4237 4973 oeto
4283 4918 4381 4972 aas
4424 4916 4609 4981 adlue-

2677 4992 2824 5052 runt,
2859 4986 3194 5039 munimenta
3226 4992 3288 5039 ut
3329 4987 3708 5041 instaurentur
3748 4988 3982 5040 suasuri
4024 4992 4079 5040 et
4112 4986 4453 5055 praesidium
4486 4984 4609 5038 duo·

2676 5069 2803 5108 rum
2836 5054 3064 5109 millium
3097 5055 3327 5108 militum
3361 5056 3614 5111 oblaturi.
3687 5055 4020 5109 Geneoenses
4052 5071 4180 5110 vero
4201 5053 4437 5110 Danaos
4470 5053 4609 5108 dou

2667 5123 2910 5191 ferentes
2943 5123 3204 5177 timebant
3234 5125 3468 5178 maxime
3513 5123 3658 5193 quod
3703 5125 3862 5176 etiam
3899 5123 4015 5177 dux
4050 5122 4283 5178 maii-um
4317 5123 4607 5177 Remmia

2673 5191 2902 5258 ficturus
2933 5198 3069 5245 erat.
3125 5191 3324 5260 Itaque
3354 5209 3443 5246 res
3475 5208 3643 5262 usque
3676 5193 3752 5246 ad
3784 5209 3863 5246 m-
3875 5192 4147 5247 Martium
4173 5196 4462 5260 protracta
4492 5196 4602 5246 tm·-

2678 5259 2799 5314 dem
2831 5260 2893 5313 in
2923 5260 3137 5324 fumum
3170 5261 3325 5315 abiit.
3412 5261 3637 5315 Videtur
3674 5261 3938 5315 Calvinus
3970 5264 4033 5315 in
4066 5263 4164 5316 hoe
4196 5262 4406 5330 περσεία
4438 5260 4522 5314 vel
4546 5261 4602 5312 in

2679 5329 2964 5384 consilium
2998 5328 3279 5384 adhibitus
3312 5345 3426 5384 non
3456 5330 3647 5397 fuisse,
3683 5332 3768 5385 vel
3801 5330 4055 5385 adhiberi
4085 5330 4417 5386 detrectasse.

2679 4786 2757 4834 tes
2790 4779 2993 4848 leyatos
3024 4780 3289 4832 miserant
3328 4778 3598 4834 Geneoam
