4825 6175
609 443 728 505 571

600 628 760 694 dent
801 624 1093 711 perdere,
1141 625 1268 690 nisi
1314 644 1583 709 prorsus
1627 624 1846 690 insani
1902 632 2076 704 sunt,
2137 645 2337 708 quam
2378 623 2562 690 facil-

599 714 757 779 lime
799 711 1026 777 videre
1069 717 1373 794 possunt,
1429 709 1744 792 quidquid
1796 720 2201 795 praetexant,
2248 710 2390 776 sive
2435 709 2563 774 rei-

600 799 900 884 publicae
943 796 1315 862 libertatem
1362 801 1429 860 et
1481 794 1611 859 alia
1653 817 1822 879 quae
1867 806 1932 861 et
1973 796 2103 880 ipsi
2146 804 2214 861 et
2257 795 2562 879 perditis-

601 884 755 950 simi
807 883 949 967 lupi
1008 888 1372 947 vastatores
1507 881 1647 966 egis
1705 882 1922 948 solent
1974 903 2366 966 proponere,
2429 901 2563 947 non

600 970 732 1036 nisi
778 969 858 1033 ab
901 967 1090 1033 hoste
1134 965 1265 1032 Dei
1320 964 1427 1030 dia
1470 964 1572 1031 olo
1616 988 1776 1033 esse.
1866 968 2303 1050 Posteaquam
2346 967 2404 1030 is
2448 966 2563 1050 qui

602 1056 778 1121 inter
823 1054 1071 1138 primos
1114 1060 1257 1117 erat
1300 1072 1370 1117 se
1415 1052 1657 1117 atheon
1692 1054 2021 1136 professus
2065 1060 2184 1131 est,
2207 1055 2265 1131 2)
2308 1052 2564 1117 utinam

598 1141 826 1206 miseri
882 1140 977 1205 ita
1035 1137 1300 1204 tandem
1357 1137 1441 1202 ad
1498 1135 1861 1204 Dominum
1918 1145 2419 1205 convertantur:
2488 1145 2565 1202 ut

604 1225 796 1292 audio
861 1233 930 1289 ot
993 1224 1291 1289 intellexi
1356 1245 1439 1288 ex
1497 1224 1707 1290 tribus
1773 1222 1992 1289 verbis
2064 1224 2263 1290 Vireti
2321 1222 2404 1289 ad
2456 1244 2562 1288 me

602 1331 996 1377 conversum
1061 1310 1278 1375 fuisse.
1380 1307 1568 1390 Quod
1639 1330 1771 1374 non
1840 1309 2061 1375 dubito
2127 1331 2259 1375 non
2324 1330 2561 1392 parum

601 1418 712 1464 cor
757 1407 942 1462 tuum
989 1394 1315 1459 exhilarat
1358 1402 1424 1459 et
1467 1415 1643 1460 mors
1689 1395 1866 1461 illius
1907 1404 1974 1461 et
2017 1395 2250 1461 turbae
2285 1402 2559 1478 angunt.

604 1481 739 1564 Qui
795 1490 861 1547 te
917 1480 1179 1547 vocavit
1232 1492 1297 1544 et
1366 1500 1565 1563 supra
1620 1479 1816 1545 fidem
1869 1481 2312 1546 ministerium
2371 1490 2562 1545 tuum

601 1568 759 1635 fecit
822 1587 1203 1650 prosperum
1280 1572 1347 1630 et
1408 1566 1670 1644 efficax,
1749 1568 1805 1632 is
1862 1565 2046 1632 adest
2125 1567 2190 1631 in
2259 1565 2563 1631 omnibus

602 1674 769 1737 quae
794 1656 848 1730 Β)
874 1652 1174 1717 immittit
1209 1648 1733 1718 adversitatibus.
1796 1652 1940 1737 Ego
1977 1652 2061 1717 ad
2097 1651 2380 1717 Vir-etum
2402 1651 2561 1715 scri-

603 1740 838 1805 bebam
886 1746 958 1802 ut
1003 1759 1123 1821 pro
1168 1737 1344 1802 virili
1385 1744 1641 1820 ageret:
1688 1735 1861 1820 quod
1905 1759 2056 1803 eum
2099 1737 2385 1804 sciebam
2428 1738 2562 1803 fac-

603 1833 833 1890 turum
877 1834 945 1888 et
985 1830 1293 1907 potenter
1335 1828 1401 1887 et
1437 1821 1810 1906 prudenter,
1857 1845 1932 1890 ac
1968 1844 2231 1906 operam
2270 1822 2562 1905 qualem-

604 1931 735 1977 cun
779 1931 860 1975 ue
904 1929 1118 1973 meam
1155 1907 1601 1984 offerebam,⁴)
1642 1930 1773 1974 non
1808 1910 1981 1991 quod
2018 1917 2136 1974 aut
2170 1908 2251 1973 de
2272 1909 2563 1973 Domino

603 1995 743 2061 diffi
789 2015 966 2060 erem
1013 2004 1076 2059 et
1132 1993 1213 2059 de
1275 2004 1337 2058 te
1382 2015 1513 2059 nou
1555 2014 1914 2076 sperarem,
1975 1996 2131 2078 quin
2176 1994 2429 2071 omnia,
2490 2000 2566 2058 ut

603 2082 792 2159 soles,
841 2102 955 2162 pro
1000 2091 1119 2145 tua
1173 2079 1414 2162 pietate
1469 2089 1537 2144 et
1586 2078 1936 2161 prudentia
1983 2080 2260 2147 feliciter
2319 2100 2440 2163 ope
2500 2086 2567 2144 et

602 2168 839 2251 spiritu
885 2164 1155 2232 Domini
1201 2173 1495 2231 recturus
1540 2186 1716 2231 esses
1759 2174 1824 2230 et
1880 2166 2389 2251 compositurus,
2450 2163 2566 2230 sed

603 2262 682 2318 ut
716 2272 931 2316 meam
977 2259 1255 2316 testarer
1295 2251 1364 2315 in
1408 2260 1476 2315 te
1531 2260 1598 2315 et
1652 2252 1720 2316 in
1782 2252 2118 2318 ecclesiam
2163 2259 2455 2317 mentem
2501 2259 2568 2314 et

604 2339 945 2404 affectum:
1002 2347 1092 2415 ut,
1154 2337 1207 2401 si
1256 2334 1606 2414 videretur,
1654 2336 1762 2401 vel
1806 2337 2015 2403 literis
2061 2335 2306 2419 aliquid
2353 2344 2565 2401 tenta-

602 2444 765 2501 rem,
810 2432 878 2487 et
911 2423 1212 2506 quamvis
1250 2410 1412 2487 mihi
1449 2422 1772 2487 nonnulla
1808 2445 2041 2506 parum
2085 2430 2564 2500 successerunt,

600 2508 951 2594 praecipue
996 2508 1065 2573 in
1112 2509 1354 2574 comico
1397 2510 1700 2575 Caesare.
1721 2510 1779 2587 ⁵)
1866 2509 2032 2586 Hoc,
2090 2517 2416 2591 quantum
2461 2506 2564 2570 in·

602 2594 848 2680 tolligo,
896 2594 1168 2677 contigit
1211 2615 1328 2677 per
1369 2594 1779 2672 nebulonem,
1825 2595 1933 2659 cui
1969 2592 2267 2659 dedimus
2310 2592 2562 2657 literas:

603 2682 714 2764 qui
763 2687 925 2756 (non
970 2679 1227 2765 dubito)
1283 2701 1416 2745 non
1475 2688 1732 2744 tantum
1780 2679 2046 2745 Caesari
2106 2677 2220 2744 sed
2264 2678 2564 2744 Pentesi-

601 2766 744 2831 leae
764 2769 816 2844 ⁶)
865 2785 1143 2848 quoque,
1190 2786 1321 2829 non
1366 2766 1510 2831 sine
1552 2764 1804 2829 invidia
1849 2765 2187 2847 utriusque
2245 2770 2564 2841 nostrum,

604 2851 826 2916 omnia
871 2851 1185 2915 narravit.
1254 2850 1360 2914 Ita
1403 2851 1618 2915 voluit
1639 2849 1967 2914 Dominus
2011 2872 2129 2933 per
2172 2849 2565 2916 nebulonem

603 2939 746 3002 fieri
794 2948 868 3001 ut
910 2935 1084 3019 apud
1126 2957 1274 3001 eum
1322 2957 1515 3019 quem
1573 2935 1849 3002 deiicere
1905 2938 2140 3001 statuit
2196 2947 2264 3001 et
2317 2943 2563 3000 scorta-

602 3023 815 3089 tiones
839 3044 914 3086 ac
952 3021 1378 3087 contumelias
1414 3022 1956 3087 insolentissimas
1977 3020 2331 3086 miserrimi
2365 3020 2566 3085 scorti

602 3110 892 3184 visitare,
938 3108 1106 3172 nihil
1149 3109 1486 3174 effecerint
1529 3107 1776 3184 literae,
1821 3108 1934 3173 sed
1978 3109 2188 3191 magis
2234 3107 2561 3172 obdurue-

602 3195 711 3259 rit.
800 3194 973 3258 Nam
1040 3203 1144 3260 sat
1205 3195 1369 3272 scio,
1446 3194 1511 3276 si
1576 3193 1813 3259 nebulo
1880 3215 2014 3258 non
2080 3192 2561 3270 intervenisset,

601 3281 901 3363 quamvis
945 3279 1145 3344 miser
1191 3278 1541 3344 admodum
1596 3279 1727 3344 alte
1784 3278 1864 3343 de
1922 3299 1994 3343 se
2039 3279 2311 3355 sentiat,
2371 3278 2563 3360 plura

600 3366 925 3448 potuisset
979 3365 1166 3428 ferre.
1270 3364 1354 3429 D.
1401 3364 1620 3440 Iesus,
1680 3365 1791 3445 qui
1851 3386 1926 3428 eo
1984 3363 2140 3428 olim
2195 3385 2356 3428 usus
2414 3363 2559 3441 fuit,

603 3449 914 3535 dignetur
958 3450 1270 3515 miserum
1312 3471 1621 3517 revocare
1673 3451 1744 3514 in
1789 3451 1986 3527 viam,
2032 3458 2098 3514 et
2139 3470 2292 3514 cum
2338 3468 2414 3513 eo
2459 3458 2564 3513 ter

600 3535 933 3613 miseram,
977 3544 1047 3599 et
1087 3556 1317 3601 omnes
1360 3557 1612 3618 quoque
1656 3536 1767 3617 qui
1805 3543 1937 3599 tam
1976 3533 2230 3616 perdite
2269 3543 2558 3615 peccant.

600 3619 799 3702 Quod
842 3622 898 3686 si
939 3622 1088 3687 istic
1134 3620 1257 3687 hoc
1299 3622 1605 3705 petimus,
1651 3621 1807 3703 quid
1844 3620 1954 3686 hic
1995 3619 2160 3685 mihi
2205 3620 2561 3702 petendum

600 3721 720 3784 est,
765 3706 876 3771 nbi
936 3714 1123 3772 tanta
1176 3718 1276 3772 est
1328 3726 1549 3771 rerum
1606 3706 1933 3784 confusio,
1991 3714 2068 3771 ut
2122 3705 2291 3769 nihil
2348 3705 2560 3786 possis

600 3812 956 3875 agnoscere
1000 3790 1176 3875 quod
1218 3791 1432 3857 locum
1478 3792 1772 3857 obtineat
1810 3802 1880 3856 et
1913 3791 2207 3857 officium
2250 3801 2425 3856 recte
2463 3789 2561 3855 fa-

599 3877 746 3942 eiat.
837 3878 988 3942 Non
1052 3886 1284 3960 sponte
1349 3875 1618 3942 morbus
1681 3876 2026 3943 invalescit
2089 3884 2377 3952 tantum,
2444 3874 2560 3940 sed

598 3962 804 4029 etiam
863 3984 946 4027 ex
1004 3962 1152 4028 aliis
1208 3964 1303 4027 ita
1355 3963 1742 4028 afficiuntur
1796 3972 1870 4027 ut
1941 3982 2074 4027 non
2127 3959 2319 4026 modo
2378 3962 2560 4044 aegri

596 4056 890 4134 pereant,
937 4048 1052 4114 sed
1098 4049 1261 4126 sani,
1306 4048 1364 4112 si
1409 4059 1647 4126 essent,
1693 4049 1954 4131 penitus
1990 4046 2450 4129 perderentur.

770 4134 867 4202 Ut
906 4133 1127 4215 accepi
1170 4154 1210 4198 a
1259 4130 1716 4214 Christophoro,
1761 4132 2101 4215 Arctopoli
2123 4138 2173 4212 ⁷)
2221 4152 2560 4216 nunquam

592 4220 781 4304 peius
825 4239 934 4284 res
976 4218 1226 4283 habuit.
1318 4215 1629 4285 Christus
1674 4240 1748 4284 eo
1793 4217 2094 4284 redactus
2154 4227 2254 4284 est
2307 4241 2347 4284 a
2389 4239 2558 4283 non-

593 4305 799 4370 nullis
845 4313 922 4369 ut
965 4303 1369 4369 humanitati
1413 4305 1614 4369 morti
1658 4313 1725 4368 et
1769 4303 2054 4386 passioni
2097 4302 2266 4367 nihil
2311 4302 2560 4369 defera-

594 4401 737 4469 tur,
811 4391 1000 4473 quasi
1055 4390 1434 4454 humanitas
1510 4387 1686 4455 nuda
1745 4390 1811 4453 in
1877 4388 2145 4455 Christo
2202 4388 2289 4454 sit
2341 4390 2559 4455 consi-

596 4475 915 4554 deranda,
975 4482 1042 4538 et
1086 4473 1397 4539 divinitas
1438 4475 1761 4552 absoluta,
1825 4495 1958 4540 non
2014 4475 2085 4539 in
2145 4473 2559 4540 humanitate

803 4798 867 4866 2)
905 4798 1036 4853 Sine
1080 4797 1249 4853 dubio
1289 4798 1552 4852 Graecum
1596 4800 1889 4868 siqnificat,
1924 4799 2176 4870 quamvis
2217 4798 2308 4854 ille
2354 4813 2560 4853 merum

598 4869 917 4925 αἰλείσηηιηι
951 4883 1064 4922 non
1094 4866 1379 4936 professus
1409 4866 1600 4933 fuerit.

804 4937 865 5001 3)
903 4937 1012 5003 sic,·
1048 4936 1187 5004 leye:
1263 4953 1375 4988 uas.

807 5007 870 5068 4)
921 5004 1054 5059 Vide
1081 5005 1155 5059 N.
1181 4953 1300 5058 930.
1359 5002 1507 5057 Eius
1541 5010 1723 5059 tamen
1757 5003 2053 5058 adventum
2085 5009 2136 5059 et
2170 5003 2557 5059 emanationem

598 5073 670 5130 N
808 5074 908 5207 533⁰
968 5077 1405 5209 ‘cognati-gat&
1448 5140 1676 5210 epistola
1725 5140 1802 5221 051
1832 5140 2145 5220 ,Porrimam
2189 5144 2397 5212 scripta
2432 5141 2559 5199 vide

597 5227 739 5281 quae
768 5212 982 5279 passim
1016 5227 1081 5293 m..
1121 5209 1270 5292 Sept.
1309 5207 1442 5292 {546
1477 5209 1627 5265 dicta
1662 5212 1852 5276 leyzstz.

755 5278 868 5414 „515³
898 5280 1133 5415 §gv-,⁹23³
1166 5294 1616 5416 'galatarum
1649 5346 2069 5404 recrudescente.

2185 433 2714 504 EPISTOLAE
2759 438 3100 501 935—937

4501 439 4609 501 572

2666 621 2918 688 efficax.
3007 622 3152 688 Iam
3200 621 3456 706 plenius
3500 621 3799 708 intelligo
3854 621 4012 706 quid
4059 621 4465 705 Martinus&
4510 645 4614 690 vo-

2665 707 2866 773 luerit
2922 707 3080 772 dum
3135 728 3176 773 a
3238 710 3528 794 cogitatu
3586 708 3884 775 absoluto
3938 710 4067 775 Dei
4122 730 4398 778 avocare
4456 710 4608 776 vult.

2666 794 2995 860 Putabam
3039 800 3304 859 tantum
3353 793 3777 877 philosophos
3821 795 4136 861 damnare
4178 806 4247 861 et
4289 796 4614 880 theologos

2667 879 2783 963 qui
2826 880 3056 944 laxant
3099 879 3388 945 habenas
3426 880 3616 945 vanis
3662 880 4069 964 cogitatibus,
4114 883 4302 948 iuxta
4335 891 4612 948 mentem

2669 972 2736 1030 et
2778 966 3238 1049 cogitationem
3330 967 3615 1049 ropriam
3657 965 3739 1031 de
3777 968 3918 1032 Deo
3953 967 4337 1051 cogitantes,
4382 989 4518 1033 non
4555 979 4615 1034 ut

2666 1051 2792 1116 scri
2844 1060 2993 1116 tura
3035 1051 3225 1117 nobis
3311 1072 3349 1117 e
3370 1049 3517 1116 Dco
3552 1051 3861 1135 loquitur,
3905 1059 3974 1117 et
4015 1060 4093 1118 ut
4122 1054 4615 1138 incomprehen-

2667 1072 2924 1202 sibilem
2967 1156 3318 1220 possumus
3354 1158 3435 1202 ex
3471 1138 3774 1222 operibus
3814 1159 3853 1203 a
3886 1139 4231 1222 posteriori
4277 1160 4614 1225 recognos-

2667 1243 2832 1301 cere,
2880 1229 2948 1286 et
2990 1221 3321 1300 admirari,
3367 1230 3434 1286 et
3477 1225 3806 1306 suspicere
3850 1223 4199 1291 adorantes
4234 1233 4303 1290 et
4341 1232 4616 1291 tremen-

2668 1314 2786 1383 tes
2826 1328 2959 1372 non
2995 1317 3214 1373 autem
3252 1330 3292 1373 a
3328 1309 3530 1393 priori
3565 1316 3633 1373 et
3667 1311 3732 1375 in
3764 1309 3942 1375 nuda
3975 1311 4383 1395 cogitatione,
4429 1331 4616 1394 quam

2669 1392 3055 1459 diabolicam
3124 1401 3346 1467 vocat,
3415 1402 3483 1459 et
3538 1397 3791 1460 merito.
3882 1394 4017 1461 Sed
4082 1417 4261 1462 nunc
4329 1397 4618 1483 intelligo

2668 1499 2820 1543 eum
2872 1478 3187 1544 damnare
3252 1478 3376 1545 has
3426 1489 3645 1564 pestes
3710 1482 3823 1564 qui
3879 1481 4185 1547 reiiciunt
4237 1484 4460 1548 omnia
4515 1504 4619 1567 per

2668 1584 2835 1647 quae
2877 1564 3067 1630 nobis
3112 1566 3297 1630 Deus
3339 1565 3722 1646 innotescit,
3765 1575 4177 1634 sacramenta
4220 1575 4288 1633 et
4331 1568 4619 1635 ministe-

2667 1651 2860 1727 rium,
2906 1650 3197 1733 adeoque
3252 1650 3474 1716 omnia
3524 1672 3693 1734 quae
3750 1673 3786 1716 e
3837 1652 3885 1716 't
3931 1652 4240 1720 Christus
4284 1666 4352 1719 et
4395 1674 4621 1738 passus

2668 1743 2785 1800 est.
2825 1734 3045 1817 Quam
3075 1756 3146 1801 se
3162 1737 3366 1801 vertit
3386 1734 3671 1803 Satanas
3697 1737 3766 1802 in
3788 1674 4036 1804 {drmas
4058 1759 4285 1805 omnes
4308 1748 4384 1806 ut
4405 1739 4622 1806 omnia

2667 1821 3063 1898 confundat,
3131 1830 3199 1887 et
3264 1829 3339 1886 ut
3404 1828 3504 1887 est
3559 1821 3781 1888 videre
3848 1824 3918 1887 in
3973 1833 4305 1906 postremo
4363 1822 4620 1892 decreto

2667 1904 3072 1985 Tridentino,
3094 1907 3150 1993 ⁹)
3194 1929 3391 1991 quam
3435 1908 3674 1972 misere
3708 1928 3956 1991 angues
4000 1908 4095 1973 illi
4142 1912 4452 1976 venenati
4487 1931 4621 1978 sese

2628 1991 3020 2057 ·involvunt
3076 2002 3155 2058 ut
3209 2013 3424 2076 neque
3493 2001 3691 2076 caput
3756 2014 3968 2077 neque
4024 1996 4235 2061 cauda
4297 2005 4622 2080 appareat.

2668 2078 2775 2142 Ita
2812 2078 2882 2142 in
2937 2079 3244 2145 omnibus
3301 2078 3440 2143 suis
3498 2077 3833 2144 contendit
3889 2077 4193 2147 Satanas.
4282 2081 4455 2148 Pars
4503 2083 4623 2148 fra·

2668 2171 2848 2249 trum
2893 2164 3091 2228 anxie
3136 2163 3395 2229 volebat
3438 2171 3503 2228 te
3544 2172 3868 2249 rogatum,
3915 2175 3992 2231 ut
4033 2167 4206 2250 quod
4227 2168 4627 2235 Basileensis

2672 2248 2867 2315 nimis
2910 2246 3146 2333 frigide
3191 2257 3258 2314 et
3299 2248 3518 2314 ieiune
3553 2249 3755 2315 editio
3789 2252 3958 2330 fecit,
4005 2258 4077 2316 tu
4114 2251 4514 2332 absolveres,
4557 2263 4626 2319 ut

2672 2334 2851 2400 vales
2894 2335 3110 2419 gratia
3151 2332 3425 2399 Domini
3468 2335 3661 2417 plene
3704 2344 3773 2400 et
3825 2344 4143 2420 potenter.
4235 2340 4331 2404 At
4378 2338 4627 2405 diutius

2672 2441 2775 2485 me
2830 2419 3126 2485 continui
3185 2441 3383 2503 quum
3444 2431 3593 2486 tuas
3650 2423 3956 2488 rescirem
4012 2424 4511 2507 occupationes,
4565 2433 4627 2491 et

2670 2505 2852 2588 prius
2898 2505 3078 2572 volui
3138 2504 3419 2571 Viretum
3463 2504 3543 2570 de
3589 2506 3712 2571 hac
3764 2530 3834 2572 re
3893 2529 4091 2592 quam
4147 2519 4212 2575 te
4255 2511 4623 2578 convenire.

2670 2590 2865 2656 Nunc
2908 2589 3209 2669 tandem,
3264 2592 3317 2657 si
3360 2598 3620 2657 tantum
3664 2594 3778 2657 otii
3822 2601 4009 2675 potes
4050 2595 4391 2675 suffurari,
4443 2606 4626 2680 opta-

2671 2697 2809 2741 rem
2851 2685 2927 2740 ut
2966 2676 3312 2756 fratribus,
3355 2677 3490 2743 imo
3534 2678 3657 2743 toti
3699 2679 4007 2745 ecclesiae
4046 2702 4297 2747 morem
4343 2703 4626 2766 gereres,

2670 2761 2795 2827 hoc
2840 2770 2942 2826 est
2986 2783 3125 2827 rem
3182 2771 3316 2828 tam
3375 2770 3632 2847 gratam
3699 2764 3965 2831 faceres.
4063 2765 4236 2832 Nam
4280 2776 4629 2850 serpentes

2667 2846 2768 2912 illi
2810 2846 3118 2913 videntur
3162 2847 3355 2914 valde
3399 2848 3610 2916 amica
3648 2860 3716 2914 et
3758 2850 4079 2916 salutaria
4121 2853 4426 2937 ingerere
4471 2853 4629 2919 dum

2669 2942 2803 3009 tam
2850 2933 3214 3016 perniciosa
3254 2932 3635 3000 infundunt.
3726 2934 4036 3002 Christus
4094 2936 4286 3020 plene
4330 2939 4627 3004 omnium

2667 3027 2964 3085 conterat
2985 3022 3216 3102 capita,
3244 3032 3310 3085 et
3339 3028 3762 3105 posteaquam
3785 3023 4024 3106 spiritu
4049 3023 4180 3090 oris
4206 3023 4309 3089 sui
4330 3024 4628 3107 perditu-

2668 3125 2781 3170 rus
2825 3116 2927 3171 est
2969 3106 3204 3189 impios
3249 3106 3586 3186 eiusmodi,
3634 3116 3723 3186 tu,
3770 3110 3885 3191 qui
3921 3130 3996 3175 eo
4048 3110 4238 3188 vales,
4285 3110 4356 3175 in
4402 3113 4627 3194 profli-

2667 3193 3000 3275 gationem
3044 3213 3269 3256 eorum
3315 3193 3673 3277 accingere.

2846 3274 3008 3342 Vale
3051 3298 3201 3343 cum
3246 3287 3359 3343 tua
3402 3279 3698 3363 coniuge,
3744 3300 3939 3363 quam
3975 3290 4194 3347 tecum
4228 3288 4457 3347 servet
4493 3283 4627 3349 Do-

2667 3362 2918 3438 minus,
2987 3384 3062 3428 ac
3119 3362 3400 3448 collegas
3455 3375 3632 3442 tuos,
3701 3374 3766 3429 et
3824 3364 4141 3449 quidquid
4197 3374 4301 3432 est
4342 3368 4621 3451 piorum.

2664 3447 2937 3513 Fratres
2982 3456 3047 3513 te
3090 3447 3414 3514 salutant:
3474 3471 3669 3532 quam
3724 3453 3970 3533 optime
4024 3451 4140 3516 tibi
4197 3462 4264 3516 et
4315 3453 4627 3520 ecclesiae

2665 3553 2811 3599 esse
2854 3534 3144 3617 cupiunt.
3235 3534 3546 3599 Neocomi
3602 3540 3693 3600 12.
3744 3538 4028 3620 Augusti
4084 3542 4261 3602 1547.

3707 3673 4014 3741 Farellus
4059 3684 4213 3741 tuus
4256 3684 4451 3742 totus.

2836 3877 2969 3941 Hic
3025 3878 3161 3961 egit
3214 3876 3460 3960 aliquot
3515 3878 3653 3945 dies
3709 3886 3853 3944 tum
3914 3878 4091 3963 apud
4136 3878 4516 3948 michaelem
4546 3880 4622 3960 ιθ)

2666 3969 2809 4026 tum
2865 3962 3042 4026 domi
3097 3984 3229 4028 non
3285 3983 3553 4046 prorsus
3607 3964 3813 4029 male:
3873 3965 4084 4032 voluit
4139 3964 4315 4032 istuc
4378 3965 4624 4044 venire,

2663 4068 2868 4131 quum
2912 4048 3021 4112 hie
3058 4069 3191 4113 non
3235 4050 3524 4131 potuerit
3565 4049 3772 4115 ullam
3817 4050 4117 4117 invenire
4160 4051 4623 4128 conditionem,

2663 4153 2938 4231 sperans
2980 4153 3101 4217 per
3146 4133 3472 4201 Francum
3512 4134 3748 4200 melius
3789 4135 3940 4201 illic.
4032 4136 4227 4219 Quod
4282 4136 4447 4202 faxit
4488 4137 4625 4202 Do-

2663 4239 2902 4284 mmus.

2666 4394 2835 4402 .-.Ψ-ο,
2852 4395 3076 4402 ————-—-

2870 4508 2934 4644 ἓξ
2972 4511 3282 4634 &ll-llll.
3317 4577 3368 4631 3.
3393 4578 3600 4633 Martii
3632 4577 3782 4633 1547.
3834 4577 4129 4633 Decretum
4163 4579 4233 4634 de
4264 4580 4621 4662 sacramentis

2666 4646 3176 4771 {gabr-foggin
3210 4647 3479 4769 34,ΙΞῶνι
3524 4648 3693 4719 symb.
3738 4647 3859 4708 ωσι.
3904 4647 4045 4703 catto.
4092 4647 4177 4703 ed.
4228 4647 4533 4713 Sti-mvelt*
4566 4651 4621 4702 et

2840 4784 2934 4850 10)
2976 4784 3264 4840 Mulvium.
