4825 6175
676 413 801 476 299

672 620 792 682 1116
855 598 1125 664 66616616
1186 595 1459 662 Domini
1519 596 1951 664 laboraturos:
2019 604 2198 663 stent
2260 598 2620 681 promissis.

672 683 948 751 videant
999 705 1190 768 quem
1244 682 1533 748 habeant
1587 684 1980 767 principem,
2036 704 2165 767 quo
2220 683 2497 749 tendant
2551 685 2623 749 hi

674 778 966 849 conatus,
1004 769 1162 854 quid
1197 768 1362 834 aliae
1397 769 1532 834 sint
1564 770 1857 834 facturae
1880 769 2220 835 ecclesiae:
2261 789 2396 833 666
2431 790 2622 853 116666

671 856 769 923 ita
811 857 952 921 fieri
997 856 1138 921 sine
1181 855 1369 940 gravi
1411 855 1656 920 iniuria
1702 855 1879 920 verbi
1936 863 2003 920 et
2044 855 2367 921 ecclesiae.
2458 855 2621 920 Per-

670 943 838 1009 moti
879 943 1165 1020 fuerunt,
1211 949 1278 1005 et
1320 941 1433 1006 ubi
1477 940 1774 1006 rediisset
1831 942 2196 1023 praefectus
2248 940 2623 1006 indicarunt

673 1028 735 1093 ei
778 1027 932 1112 quid
979 1048 1090 1092 eos
1133 1027 1442 1091 movisset
1483 1026 1657 1110 quod
1712 1026 2022 1110 populum
2079 1047 2214 1091 non
2269 1047 2620 1092 convocas—

673 1121 805 1190 set,
867 1112 1365 1197 petiveruntque
1429 1123 1502 1177 ut
1566 1133 1684 1178 nos
1739 1112 1997 1177 audiret
2048 1113 2411 1195 praefectus
2431 1164 2444 1188 ,
2511 1114 2622 1196 qui

673 1198 849 1264 dixit
891 1198 1254 1263 timendum
1306 1219 1447 1263 esse
1507 1197 1586 1263 (16
1641 1197 1979 1264 6611111666.
2078 1197 2510 1283 Respondent
2551 1220 2621 1264 se

671 1293 1014 1350 curaturos
1069 1305 1186 1367 pro
1229 1284 1509 1361 viribus,
1565 1293 1750 1349 curet
1803 1291 1872 1348 et
1923 1284 2081 1367 ipse.
2185 1284 2619 1349 Commodum

672 1370 900 1435 aderat
942 1369 1167 1436 consul
1210 1369 1731 1435 consultissimus
1789 1369 2285 1449 WattevillanuS,
2345 1371 2455 1452 qui
2502 1390 2618 1435 suo

672 1456 941 1522 consilio
981 1455 1378 1538 praefectum
1434 1456 1528 1519 ita
1578 1455 1819 1521 direxit
1870 1464 1948 1520 ut
1990 1456 2120 1521 alia
2163 1457 2273 1522 via
2315 1455 2514 1520 fuerit
2559 1455 2619 1520 ei

672 1540 1018 1626 agendum.
1132 1542 1490 1607 Convocati
1555 1542 1820 1606 fuerunt
1882 1541 2237 1607 consiliarii
2304 1541 2619 1625 principis

670 1636 740 1693 et
784 1628 1000 1709 capita
1041 1627 1280 1710 plebis.
1345 1648 1509 1710 quae
1563 1627 1689 1693 nisi
1733 1627 2089 1710 prudenter
2132 1646 2202 1692 se
2247 1628 2618 1711 gessissent,

668 1714 860 1779 nobis
907 1734 1041 1778 non
1082 1711 1327 1777 auditis
1381 1734 1488 1778 res
1544 1724 1808 1795 peracta
1865 1714 2111 1778 fuisset.
2200 1715 2294 1777 At
2337 1733 2457 1778 666
2502 1733 2618 1776 66-

670 1798 797 1864 11111
841 1799 1150 1882 oportuit.
1240 1800 1484 1864 Actum
1528 1798 1608 1863 de
1651 1798 1842 1863 malis
1876 1818 2041 1881 quae
2084 1799 2474 1883 contingunt
2508 1798 2619 1863 ubi

667 1906 737 1949 m
827 1886 1090 1950 'stratus
1143 1884 1396 1950 tollitur
1448 1894 1566 1948 aut
1621 1883 2000 1966 dissipatur,
2057 1894 2124 1948 et
2176 1883 2433 1948 hostem
2492 1885 2617 1949 Dei

669 1980 738 2037 et
827 1971 1118 2035 ominum
1177 1992 1319 2036 esse
1377 1990 1527 2034 eum
1588 1969 1703 2053 qui
1760 1976 2147 2052 potestatem
2191 1990 2230 2034 a
2271 1969 2416 2034 Deo
2462 1990 2616 2035 con-

668 2055 966 2123 stitutam
1008 2055 1180 2121 tollit
1222 2065 1287 2120 61
1329 2054 1693 2122 labefactat.
1783 2054 1918 2122 Sed
1974 2057 2027 2119 si
2084 2055 2158 2119 in
2215 2055 2396 2121 civili
2452 2054 2617 2120 haec

667 2144 1063 2226 contingunt
1104 2150 1170 2207 et
1212 2150 1516 2225 peccatur
1569 2162 1764 2225 quam
1809 2142 2110 2219 maxime,
2155 2140 2363 2205 multo
2405 2141 2618 2223 magis

667 2228 740 2294 in
785 2227 1081 2311 spiritali,
1126 2228 1200 2292 in
1236 2227 1574 2294 eversione
1618 2236 1952 2310 pastorum
1994 2233 2062 2291 et
2103 2227 2469 2290 vastatione
2513 2248 2616 2292 ec-

668 2314 1046 2392 clesiarum,
1103 2334 1270 2396 quae
1327 2314 1622 2397 sequitur
1677 2313 1793 2379 ubi
1849 2312 2286 2377 ministerium
2339 2311 2612 2377 tollitur.

669 2398 980 2467 Christus
1023 2398 1285 2464 civilem
1341 2420 1475 2463 666
1526 2400 1812 2465 mutavit
1858 2446 1872 2460 .
1916 2447 1933 2462 .
1982 2448 1995 2462 .
2045 2447 2059 2464 .
2079 2396 2136 2482 5)
2182 2418 2391 2480 66666
2436 2417 2614 2462 6166-

559 2546 568 2557 ,
666 2485 913 2551 tionem
986 2491 1399 2568 potestatum.
1519 2482 1655 2550 Sed
1719 2492 2014 2567 pastores
2076 2484 2214 2567 ipse
2277 2483 2620 2549 constituit

668 2569 994 2655 apostolos
1037 2569 1150 2635 diu
1191 2570 1365 2653 apud
1405 2592 1474 2636 se
1517 2568 1796 2646 edoctos,
1852 2577 1919 2633 et
1959 2589 2089 2652 quo
2131 2590 2171 2633 a
2211 2569 2398 2650 plebe
2443 2569 2617 2634 exci-

667 2666 981 2742 perentur
1022 2656 1375 2722 virtutibus
1424 2662 1492 2721 et
1544 2654 1880 2721 miraculis
1934 2676 2044 2721 eos
2095 2655 2457 2739 insignivit,
2501 2676 2617 2720 ne-

667 2764 793 2826 que
835 2742 1020 2825 prius
1062 2742 1278 2807 emisit
1323 2751 1470 2825 post
1511 2741 1784 2806 multam
1839 2741 2311 2823 experientiam
2358 2749 2426 2805 et
2468 2762 2616 2824 pro-

667 2829 999 2895 bationem
1016 2879 1033 2907 ,
1093 2829 1253 2910 quin
1308 2828 1551 2893 sanctis
1602 2828 1901 2910 precibus
1957 2834 2214 2909 patrem
2257 2828 2452 2891 etiam
2546 2847 2618 2890 er

664 2919 875 2978 totam
911 2920 1172 2980 noctem
1215 2914 1563 2979 invocaret.
1650 2912 1879 2995 Neque
1922 2913 2096 2978 solus
2140 2912 2450 2978 Christus
2542 2934 2617 2977 oc

667 3001 821 3084 egit,
867 2998 982 3064 sed
1025 3007 1093 3064 et
1133 2999 1263 3082 ipsi
1307 2998 1595 3082 apostoli.
1685 2998 1917 3064 Palam
1976 2998 2046 3063 id
2104 3006 2204 3063 est
2260 2996 2341 3062 de
2383 2997 2614 3077 Pau10,

665 3095 746 3151 ut
789 3084 1081 3151 docuerit
1123 3095 1190 3150 et
1232 3085 1523 3169 probarit
1575 3106 1739 3168 quos
1782 3084 2086 3163 instituit,
2132 3093 2208 3150 ut
2248 3082 2474 3149 videre
2518 3092 2618 3150 est

663 3172 736 3237 in
781 3171 1048 3255 Apollo,
1108 3171 1451 3236 Timotheo
1508 3178 1575 3237 et
1628 3170 1792 3236 aliis.
1891 3170 2120 3252 Neque
2175 3177 2437 3235 tantum
2491 3170 2616 3236 hoc

665 3258 803 3341 egit
841 3258 1004 3341 ipse,
1049 3254 1165 3322 sed
1207 3256 1367 3321 alios
1409 3255 1607 3321 huius
1649 3255 2160 3335 commonefecit,
2219 3264 2297 3320 ut
2339 3257 2615 3338 apertis-

587 3381 595 3390 ·
665 3343 831 3410 sime
888 3349 1074 3426 patet
1136 3341 1210 3405 in
1265 3343 1556 3425 epistolis
1616 3341 1699 3407 ad
1756 3341 2177 3407 Timotheum
2243 3349 2312 3406 et
2368 3342 2614 3420 Titum,

665 3429 906 3514 6611166
946 3427 1297 3494 committit
1337 3440 1416 3493 ut
1459 3426 1751 3513 deligant
1794 3436 1860 3493 et
1901 3428 2255 3493 instituant
2296 3436 2614 3510 pastores,

665 3536 802 3580 non
844 3515 1107 3596 quosvis
1123 3564 1138 3592 ,
1196 3512 1312 3578 sed
1364 3512 1635 3580 selectos
1689 3522 1756 3578 et
1799 3513 1904 3579 his
1948 3522 2214 3578 ornatos
2258 3511 2445 3579 donis
2486 3513 2617 3579 Dei

664 3620 834 3685 6666
877 3607 1119 3665 1166161
1159 3600 1446 3682 66111666,
1504 3607 1573 3664 61
1614 3598 1841 3664 6611616
1883 3620 1993 3664 666
2033 3598 2342 3664 611166661
2383 3620 2469 3664 66
2512 3602 2617 3664 661

662 3691 912 3751 temere
945 3706 1185 3750 manus
1219 3687 1581 3768 imponant.
1649 3683 1999 3768 Quumque
2034 3685 2118 3750 ad
2151 3685 2372 3767 plures
2410 3685 2617 3769 scrip-

664 3772 754 3838 sit
796 3771 1071 3850 Paulus,
1129 3777 1198 3836 et
1239 3791 1467 3836 omnes
1521 3769 1716 3837 officii
1774 3770 2125 3855 diligenter
2181 3771 2614 3850 admonuerit,

660 3878 987 3941 nusquam
1029 3866 1256 3922 tamen
1296 3855 1554 3940 plebem
1588 3855 1895 3923 admonet
1935 3863 2011 3921 61
2046 3855 2292 3941 deligat
2322 3866 2617 3939 pastores

660 3963 1024 4027 manusque
1082 3943 1396 4026 imponat.
1504 3940 1696 4022 Quod
1753 3942 1810 4009 si
1873 3942 1946 4007 in
2009 3964 2213 4007 manu
2274 3941 2484 4027 plebis
2546 3943 2614 4009 id

660 4028 893 4094 fuisset
934 4027 1091 4112 66111
1134 4028 1462 4094 omisisset
1519 4029 1594 4093 111
1650 4049 1722 4093 16
1781 4034 1917 4092 tam
1962 4029 2151 4107 seria,
2210 4049 2407 4112 quam
2454 4029 2614 4094 adeo

663 4113 1015 4199 diligenter
1048 4123 1484 4198 persequutus
1518 4114 1606 4180 sit
1639 4135 1797 4199 erga
1818 4114 2237 4179 Timotheum
2280 4122 2348 4179 et
2368 4114 2612 4196 Titum,

660 4220 784 4288 per
826 4220 987 4283 quos
1030 4209 1288 4265 coetum
1331 4200 1631 4283 quemvis
1685 4208 2022 4283 pastorum
2064 4199 2413 4266 hortatur?
2506 4203 2612 4266 An

661 4286 808 4353 sine
850 4286 1051 4351 Petro
1094 4295 1162 4351 et
1203 4286 1511 4370 apostolis
1554 4299 1776 4352 actum
1831 4287 1957 4351 fuit
2010 4284 2089 4351 de
2147 4285 2449 4371 eligendo
2493 4287 2611 4351 ali-

661 4393 792 4457 quo
835 4372 907 4437 in
950 4372 1169 4437 locum
1211 4369 1462 4437 Iudae?
1534 4369 1667 4437 Sed
1712 4369 1869 4455 quid
1911 4372 2162 4437 multa?
2228 4372 2465 4438 Nonne
2501 4372 2613 4439 ubi

660 4458 847 4525 nulla
888 4465 1062 4524 esset
1114 4458 1470 4541 scriptura,
1521 4457 1778 4523 nullum
1834 4457 2210 4540 exemplum
2229 4508 2244 4536 ,
2301 4480 2409 4524 res
2469 4460 2613 4541 ipsa

659 4544 970 4629 loquitur,
1015 4565 1158 4609 esse
1199 4551 1553 4626 pastorum,
1598 4545 1712 4627 qui
1759 4566 1922 4628 pure
1967 4542 2308 4610 Christum
2350 4544 2611 4628 praedi-

660 4643 832 4709 cant,
871 4628 1336 4713 probationem,
1373 4630 1929 4695 examinationem
1965 4630 2141 4694 vitae
2175 4636 2244 4693 et
2276 4629 2612 4696 doctrinae

659 4713 1095 4780 instituendi?
1183 4715 1410 4798 Neque
1459 4723 1618 4799 puto
1674 4736 2070 4798 quemquam
2140 4735 2285 4780 esse
2341 4717 2454 4799 qui
2508 4737 2611 4780 re-

657 4801 970 4884 fragetur.
1017 4798 1154 4866 Sed
1186 4809 1514 4885 coguntur
1545 4800 1616 4867 id
1649 4802 1840 4867 fateri
1873 4802 2075 4867 etiam
2107 4801 2157 4865 ii
2189 4800 2301 4883 qui
2322 4801 2612 4867 maxime

659 4887 735 4952 in
777 4906 900 4951 nos
940 4885 1402 4967 vociferantur,
1446 4886 1618 4970 quod
1651 4887 1873 4953 omnia
1907 4887 2190 4954 velimus
2225 4888 2410 4954 nobis
2446 4908 2610 4954 ven-

662 4973 896 5038 dicare.
960 4968 1099 5037 Sed
1137 4979 1376 5057 putant
1417 4974 1682 5040 omnino
1725 4993 1867 5040 esse
1910 4979 2070 5040 tunc
2111 4972 2393 5038 liberum
2436 4973 2611 5058 plebi

662 5058 950 5144 deligere
992 5058 1118 5123 sibi
1172 5058 1455 5143 aliquem
1508 5060 1620 5143 qui
1675 5059 1809 5126 iam
1859 5061 1951 5128 sit
2003 5059 2077 5125 in
2131 5058 2498 5127 ministerio
2541 5067 2611 5125 et

868 5330 931 5401 6)
964 5332 1147 5404 aenea
1175 5333 1370 5391 amm
1401 5333 1720 5404 (oronam).

2323 408 2854 478 EPISTOLAE
2900 410 3024 475 773

4534 420 4631 483 300

2727 599 2837 681 661
2882 597 3134 682 pridem
3176 598 3490 681 probatus
3542 606 3612 665 et
3651 600 3899 668 electus
3952 622 3993 667 a
4047 602 4418 685 pastoribus
4456 605 4635 674 fuerit.

2725 683 2980 750 Verum
3038 684 3208 767 quod
3262 684 3321 750 is
3374 686 3485 769 qui
3542 687 3676 751 iam
3730 687 4063 753 ministrat
4115 710 4250 754 non
4300 690 4502 773 possit
4534 693 4636 759 nisi

2725 790 2843 853 per
2884 790 3198 835 manuum
3241 771 3724 855 impositionem
3758 773 3841 839 ab
3874 795 4010 839 666
4041 774 4111 839 16
4154 773 4351 840 611616
4391 778 4637 843 11666116

2725 855 3082 934 6661661661,
3128 857 3288 922 66116
3341 878 3461 922 666
3503 857 3691 923 docet
3742 859 4010 941 spiritus
4062 869 4330 927 sanctus
4345 912 4362 940 ,
4417 882 4540 927 non
4584 864 4640 930 in

2724 942 2885 1007 viris
2932 939 3224 1007 obscuris
3267 951 3333 1006 et
3375 948 3743 1025 postremae
3785 954 3998 1024 notae,
4044 945 4159 1011 sed
4195 947 4269 1011 16
4304 968 4380 1012 66
4414 949 4519 1031 661
4548 970 4639 1014 66-

2725 1048 2849 1108 666
2914 1026 2993 1091 611
3059 1026 3431 1093 hominibus
3493 1050 3705 1112 neque
3760 1051 3876 1113 per
3938 1031 4240 1098 homines
4292 1044 4642 1117 assumptus

2723 1111 2855 1177 fuit
2888 1113 2955 1177 in
2998 1134 3241 1178 munus
3284 1113 3721 1196 apostolorum
3763 1115 3880 1182 sed
3922 1138 3963 1181 a
3998 1117 4158 1197 Deo,
4201 1125 4272 1182 et
4311 1118 4383 1183 in
4425 1118 4645 1204 insigni

2724 1197 3014 1281 apostolo
3056 1199 3385 1265 Barnaba.
3473 1198 3699 1280 Quum
3741 1201 4130 1269 Antiochiae
4171 1203 4389 1286 palam
4430 1204 4647 1272 faceret

2724 1283 2994 1350 Domini
3052 1285 3467 1368 evangelium
3522 1306 3718 1369 quam
3776 1287 4092 1354 latissime
4148 1287 4646 1370 diffundendum,

2725 1379 2792 1434 et
2828 1369 3094 1434 ieiuniis
3144 1380 3213 1434 et
3254 1371 3739 1454 precationibus
3793 1373 4032 1439 intenti
4089 1384 4340 1452 essent,
4400 1375 4649 1443 audiunt

2723 1475 2763 1519 6
2806 1456 3042 1537 61111116
3086 1466 3309 1523 666616
3352 1467 3430 1522 61
3472 1465 3918 1541 sequestretur
3936 1459 4184 1525 Paulus
4220 1469 4286 1525 et
4306 1461 4649 1541 Barnabas,

2722 1542 2833 1623 qui
2901 1538 3280 1625 deliguntur
3345 1550 3414 1607 et
3475 1543 3570 1609 eis
3634 1564 3867 1610 manus
3930 1547 4378 1629 imponuntur.
4498 1548 4652 1613 Nam

2722 1626 2878 1709 quid
2940 1626 3204 1693 tandem
3268 1630 3456 1694 fieret
3519 1630 3577 1694 si
3631 1629 3715 1695 ad
3765 1639 4005 1696 nutum
4068 1633 4408 1703 mutabilis
4466 1632 4652 1718 plebis

2723 1713 3170 1796 unusquisque
3213 1714 3597 1782 ambitiosus
3629 1715 3824 1781 modo
3858 1716 4200 1783 ecclesiam
4244 1740 4448 1784 unam
4491 1718 4652 1785 11666-

2724 1808 2915 1877 16161,
2961 1796 3151 1863 616116
3195 1798 3470 1865 61161616
3513 1800 3831 1867 intraret?
3920 1802 4068 1868 Hoc
4109 1825 4196 1869 ne
4237 1806 4461 1883 fieret,
4519 1826 4653 1871 cau-

2723 1892 2864 1949 tum
2908 1891 3008 1948 est
3051 1885 3238 1950 Actis
3291 1886 3663 1968 apostolicis
3715 1888 3912 1954 etiam
3968 1887 4141 1955 alibi.
4240 1890 4415 1955 Nam
4470 1912 4655 1975 quum

2723 1970 2805 2034 ad
2871 1968 3417 2052 praedicationem
3483 1970 3776 2058 Philippi
3840 1972 4144 2040 Samaria
4204 1975 4486 2042 verbum
4541 1975 4657 2042 Dei

2723 2055 3090 2139 excepisset
3124 2077 3200 2120 ac
3233 2057 3542 2139 baptisati
3576 2058 3850 2125 fuissent
3883 2058 4238 2137 credentes,
4274 2082 4417 2126 non
4453 2069 4655 2128 tamen

2720 2140 2967 2206 visibili
3024 2142 3238 2226 specie
3291 2143 3598 2225 spiritum
3654 2153 3956 2212 sanctum
4012 2148 4483 2230 suscepissent,
4540 2168 4656 2214 6611

2720 2228 2927 2292 661111
2986 2246 3063 2291 66
3128 2230 3580 2312 66666616666
3644 2238 3720 2294 61
3781 2231 3959 2311 vult,
4029 2232 4132 2298 vel
4188 2254 4229 2298 a
4282 2254 4657 2317 quocunque

2718 2312 2977 2391 missus,
3033 2312 3148 2378 sed
3190 2314 3432 2380 Petrus
3489 2321 3556 2379 et
3597 2314 3883 2383 Ioannes
3925 2316 4006 2382 ab
4049 2319 4357 2401 apostolis
4401 2341 4482 2385 66
4523 2319 4660 2385 mite

2720 2405 2973 2463 tuntur.
3038 2400 3134 2464 Et
3176 2398 3420 2464 mirum
3464 2400 3639 2483 quod
3682 2404 3904 2467 ausint
3945 2404 4148 2485 aliqui
4184 2414 4417 2470 contra
4461 2425 4659 2489 agere,
4784 2450 4791 2479 ÷

2720 2493 2787 2548 61
2830 2485 3018 2567 66661
3061 2506 3202 2550 1661
3245 2505 3505 2565 novam,
3561 2507 3697 2552 non
3753 2489 4167 2554 observatam
4221 2489 4305 2554 ab
4360 2490 4663 2575 apostolis
4781 2514 4791 2524 ·

2720 2591 2932 2653 neque
2975 2569 3322 2650 hactenus,
3381 2579 3456 2637 ut
3498 2572 3718 2651 aiunt,
3773 2595 3814 2639 a
3858 2575 4045 2640 nobis
4089 2574 4427 2654 damnare,
4476 2597 4662 2660 quum

2719 2666 2977 2804 praeter
3020 2655 3305 2721 adducta
3346 2666 3618 2736 constet,
3663 2659 3738 2723 in
3778 2661 3991 2742 primo
4027 2670 4217 2727 coetu
4254 2663 4366 2745 qui
4412 2662 4525 2727 hic
4558 2662 4664 2727 ha-

2762 2742 2896 2806 itus
2936 2741 3064 2806 fnit
3106 2742 3398 2807 omnium
3439 2744 3718 2810 fratrum
3761 2745 4028 2829 lingua‘e
4069 2746 4364 2831 gallicae,
4414 2749 4531 2813 ubi
4564 2745 4664 2812 ad·

2720 2841 2861 2891 erat
2921 2827 3174 2911 Caspar
3215 2824 3558 2912 Meyander
3613 2838 3774 2895 tunc
3824 2840 4048 2914 pastor
4103 2833 4475 2898 Beruensis
4492 2834 4547 2916 ⁶)
4609 2838 4667 2898 61

2718 2912 2949 2977 666661
3014 2914 3413 2980 Moratensis
3481 2915 3766 2982 Ioannes
3841 2916 4233 3001 Rudolphus
4299 2918 4666 2986 Erzaoemis

2719 2998 2886 3081 (666
2928 2999 3104 3064 66161
3149 2999 3378 3064 (161616
3413 3012 3552 3066 6161
3587 3010 3747 3068 1666
3781 3004 4106 3086 praefecto
4140 3005 4443 3087 profiteri
4476 3026 4665 3071 evan-

2719 3084 2984 3170 gelium,
3028 3093 3108 3150 ut
3146 3107 3323 3152 nunc
3366 3091 3710 3171 testatur),
3768 3089 3842 3154 in
3896 3110 3973 3155 eo
4029 3091 4298 3174 inquam
4343 3099 4547 3158 coetu
4586 3094 4668 3156 116

2720 3171 2802 3236 ab
2846 3171 3148 3237 omnibus
3191 3172 3572 3238 conclusum
3615 3174 3768 3254 fuit,
3823 3182 3961 3239 tam
4005 3175 4087 3241 de
4128 3177 4565 3243 admittendis
4602 3177 4666 3241 16

2718 3257 3162 3323 ministerium
3203 3279 3398 3340 quam
3444 3258 3525 3323 de
3567 3260 3902 3326 mutandis
3919 3311 3936 3339 ,
3992 3269 4059 3327 et
4113 3262 4208 3326 ita
4250 3263 4668 3330 observatum

2719 3343 2859 3422 fuit,
2904 3343 3084 3425 quin,
3130 3350 3208 3408 ut
3250 3344 3459 3421 audio,
3502 3345 3872 3429 praefectus
3904 3346 4327 3414 iureiurando
4369 3349 4666 3432 promisit
4794 3413 4795 3418 ,

2718 3430 2811 3493 ita
2855 3447 2927 3493 66
2983 3428 3504 3494 observaturum.
3591 3431 3684 3495 Et
3744 3433 3815 3498 in
3879 3441 4068 3498 coetu
4133 3434 4437 3499 omnium
4456 3486 4475 3514 ,
4543 3444 4667 3500 tam

2717 3513 2929 3596 plebis
2971 3535 3166 3596 quam
3211 3515 3659 3598 magistratus,
3704 3527 3858 3584 ante
3903 3518 4153 3603 aliquot
4199 3539 4415 3586 annos
4456 3520 4664 3605 palam

2718 3599 3038 3666 indicavit
3076 3600 3253 3667 hunc
3297 3600 3593 3667 ordinem
3637 3604 4025 3670 tenendum:
4082 3611 4156 3669 61
4206 3613 4519 3688 pastores
4561 3605 4665 3672 611-

2718 3697 2900 3769 gant,
2944 3687 3357 3770 magistratui
3399 3688 3699 3767 offerant,
3744 3697 3811 3753 61
3854 3689 4010 3755 16116
4051 3690 4244 3773 1116111,
4290 3700 4357 3755 61
4404 3693 4468 3757 61
4511 3689 4665 3757 nihil

2720 3771 2808 3835 sit
2862 3771 3035 3854 quod
3081 3770 3273 3838 obiici
3331 3774 3536 3855 possit
3588 3796 3711 3840 nec
3764 3776 3836 3839 in
3887 3776 4030 3841 vita
4085 3797 4299 3860 neque
4352 3776 4662 3856 doctrina,

2718 3858 2829 3938 qui
2887 3867 2957 3922 et
3020 3857 3264 3924 electus
3308 3867 3375 3922 61
3417 3857 3672 3926 61116166
3728 3862 4063 3944 appositus
4119 3863 4209 3928 sit
4259 3863 4662 3929 admittatur.

2717 3943 3056 4009 Praefecto
3098 3951 3258 4009 tunc
3300 3944 3762 4028 respondente,
3820 3946 3992 4030 quod
4034 3947 4105 4012 id
4150 3970 4281 4014 non
4324 3958 4661 4024 mutasset,

2715 4029 2807 4094 ibi
2842 4051 2963 4113 ego
2999 4029 3345 4095 subintuli:
3390 4051 3529 4111 nec,
3564 4039 3644 4096 ut
3676 4053 4025 4115 sperarem,
4070 4034 4462 4100 immutaret
4496 4042 4663 4119 post-

2715 4114 2858 4192 hac,
2904 4115 3073 4198 quod
3114 4116 3172 4180 si
3215 4116 3458 4181 faceret
3509 4125 3823 4200 peccaret.
3913 4117 4160 4184 Addidi
4210 4119 4369 4204 quid
4426 4122 4659 4206 magis·
4788 4165 4789 4172 1

2717 4209 2928 4266 tratus
2986 4201 3218 4267 debeat
3271 4201 3528 4280 videre,
3586 4202 3743 4285 quid
3794 4203 4006 4287 plebs:
4074 4226 4309 4289 nempe
4366 4228 4458 4272 ne
4517 4204 4660 4291 quid
4782 4255 4791 4270 1

2714 4285 3006 4352 indebite
3049 4288 3165 4352 fiat
3204 4286 3277 4351 in
3320 4288 3663 4367 electione,
3722 4296 3792 4353 et
3844 4296 4162 4374 quantum
4212 4300 4438 4374 potest
4481 4312 4659 4358 nosse
4780 4327 4793 4384 1,

2715 4391 2799 4436 66
2837 4373 3098 4454 16611166
3140 4371 3440 4457 eligatur,
3486 4381 3569 4452 et,
3614 4381 3690 4439 ut
3726 4373 3917 4441 debet
3958 4385 4135 4443 recte
4169 4376 4377 4443 electo
4415 4400 4496 4446 ac
4531 4377 4658 4443 ido·
4784 4385 4793 4470 ζ’

2713 4479 2839 4523 666
2882 4457 3127 4538 6116666,
3170 4458 3267 4523 116
3307 4458 3419 4523 6111
3476 4481 3664 4526 66666
3719 4459 3921 4528 1161161
3975 4469 4276 4546 potenter
4331 4464 4657 4540 reluctari,

2714 4551 2784 4608 et
2825 4543 3181 4627 unicuique
3222 4566 3308 4608 ex
3352 4542 3540 4626 plebe
3580 4543 3753 4625 licet,
3800 4548 3855 4613 si
3891 4546 4051 4630 quid
4085 4547 4338 4627 habeat,
4385 4549 4657 4617 obiicere

2713 4628 3031 4713 eligendo,
3077 4636 3145 4694 et
3187 4631 3243 4695 si
3297 4627 3455 4712 quid
3496 4629 3770 4716 dignum
3821 4633 4057 4700 afferat
4106 4656 4241 4700 non
4298 4656 4449 4702 esse
4510 4645 4657 4701 1666

2713 4713 3197 4780 admittendum
3239 4715 3535 4781 electum.
3623 4718 3716 4782 Et
3754 4717 3936 4784 hunc
3988 4718 4282 4785 ordinem
4339 4729 4524 4787 16616
4562 4740 4655 4787 re-

2714 4799 3033 4883 spondere
3111 4801 3275 4867 actis
3344 4823 3384 4867 a
3449 4799 3713 4869 Christo
3792 4811 3860 4869 et
3923 4805 4108 4872 Mose
4171 4813 4239 4872 et
4303 4806 4651 4891 prophetis.

2712 4886 2886 4952 Nam
2931 4885 3161 4952 electio
3216 4885 3435 4953 debita
3491 4888 3770 4955 fratrum
3822 4898 4157 4974 pastorum
4214 4912 4347 4957 666
4407 4890 4653 4960 abludit

2713 4993 2754 5038 a
2808 4972 3144 5040 vocatione
3194 4973 3635 5056 apostolorum
3690 4975 3861 5042 facta
3911 4997 4033 5061 per
4072 4975 4457 5060 Christum,
4516 4988 4581 5044 61
4618 5003 4652 5041 a

2915 5194 2977 5277 6)
3011 5195 3179 5279 Haec·
3194 5196 3469 5264 pertinent
3501 5196 3580 5252 ad
3620 5212 3674 5253 a.
3710 5196 3846 5252 1587
3890 5203 3943 5254 et
3986 5197 4254 5281 synodum
4287 5199 4648 5256 Lau-sm

2709 5263 3382 5403 {aagffiogmw
3407 5266 3675 5401 affabatur
3754 5266 4226 5338 Meqanderemn
4259 5284 4323 5324 66
4353 5285 4512 5326 mo
4541 5284 4648 5326 vu*-
