4825 6175
631 434 753 497 271

627 618 982 697 blasianus,
1000 617 1045 704 ¹)
1092 618 1206 701 qui
1250 638 1384 683 non
1426 616 1641 681 solum
1685 622 1948 701 rogaret
1990 614 2107 682 sed
2150 614 2588 681 obtestaretur

635 713 703 772 et
736 703 1068 770 adiuraret
1109 713 1185 769 ut
1227 721 1581 769 conscenso
1626 722 1789 784 equo
1825 700 2131 784 protinus
2166 722 2387 768 secum
2413 701 2586 766 Neo-

633 812 890 859 comum
948 790 1365 857 convolarem
1380 839 1395 864 ‚
1450 795 1527 851 ut
1570 787 1797 853 adesse
1852 788 2161 854 ecclesiae
2202 808 2460 870 possem
2505 786 2588 851 ad

630 878 1008 965 proximum
1063 875 1460 941 dominicum
1519 872 1710 938 diem.
1798 873 2049 939 Oausas
2093 872 2373 938 addebat
2414 871 2587 955 quod

631 963 915 1049 populus
949 984 1034 1027 ex
1070 970 1335 1027 senatus
1370 959 1666 1026 consulto
1704 966 2150 1025 conventurus
2186 966 2359 1025 esset
2392 980 2588 1024 mane

634 1071 711 1117 eo
764 1051 906 1132 ipso
961 1046 1065 1113 die
1123 1046 1207 1112 ad
1266 1045 1642 1130 eligendum
1703 1044 1958 1112 Farello
2029 1044 2345 1129 collegam
2401 1043 2588 1109 Mar-

635 1136 906 1203 cuo-tium
922 1184 937 1209 ‚
993 1139 1255 1217 praeter
1296 1152 1560 1198 omnem
1603 1131 2107 1198 ecclesiasticam
2153 1130 2586 1214 disciplinam.

632 1220 931 1305 Urgebat
972 1219 1176 1304 igitur
1210 1225 1285 1283 111
1318 1218 1696 1301 postpositis
1738 1217 2007 1301 reliquis
2051 1216 2331 1301 negotiis
2376 1216 2589 1282 omni-

632 1306 758 1373 bus
811 1305 1213 1389 periclitanti
1267 1302 1579 1370 ecclesiae
1642 1324 1775 1368 non
1830 1303 2155 1383 deessem,
2209 1301 2382 1385 quod
2441 1322 2590 1384 spes

632 1393 807 1460 bona
849 1399 1023 1457 esset
1060 1390 1372 1456 fratribus
1389 1440 1405 1468 ‚
1451 1389 1588 1455 fore
1632 1398 1708 1455 ut
1750 1410 1935 1455 meus
1978 1389 2303 1455 adventus
2347 1409 2591 1472 magna

635 1500 720 1544 ex
774 1485 962 1562 parte
1025 1483 1467 1542 remoraretur
1529 1475 1947 1541 factiosorum
2009 1483 2076 1540 et
2130 1473 2589 1541 seditiosorum

635 1564 978 1629 hominum
1022 1570 1315 1642 conatus,
1361 1563 1476 1647 qui
1516 1562 1677 1627 istas
1720 1561 1946 1627 turbas
1989 1566 2347 1628 moverent.
2415 1558 2589 1625 Gau-

637 1655 821 1716 satus
878 1670 1024 1715 sum
1084 1649 1300 1714 multa
1316 1700 1331 1726 ,
1392 1668 1513 1713 nec
1568 1648 1683 1713 abs
1737 1668 1827 1714 re.
1916 1648 2090 1713 Nam
2144 1647 2262 1712 vix
2307 1646 2589 1712 antehac

635 1735 940 1821 pluribus
985 1734 1425 1819 distringebar
1468 1732 1921 1800 ecclesiasticis
1977 1733 2180 1809 curis,
2240 1752 2407 1815 quae
2466 1731 2587 1796 etsi

635 1821 861 1887 nullae
927 1821 1349 1887 accessissent
1423 1841 1531 1885 me
1611 1825 1831 1885 tamen
1911 1817 2303 1886 domesticae
2385 1817 2588 1882 afflic-

637 1907 849 1974 tiones
866 1908 924 1984 ²)
977 1905 1212 1972 merito
1270 1905 1446 1971 domi
1490 1905 1792 1972 cohibere
1836 1905 2215 1972 debuerant.
2305 1903 2588 1970 Coactus

637 2015 789 2060 sum
831 2001 1053 2058 tamen
1094 1992 1325 2059 cedere
1365 1993 1649 2057 fratrum
1691 1990 2010 2075 precibus,
2055 1990 2266 2074 magis
2307 1998 2383 2054 ut
2416 1990 2591 2073 ipso-

635 2101 787 2145 rum
823 2086 976 2144 voto
1011 2077 1474 2155 satisfacerem,
1519 2098 1714 2161 quam
1751 2075 1922 2159 quod
1961 2098 2110 2160 spes
2147 2096 2387 2227 magna
2423 2080 2595 2141 esset

638 2166 891 2231 fructus
936 2163 1020 2228 ad
1064 2184 1175 2228 eos
1219 2184 1303 2228 ex
1347 2184 1492 2228 meo
1535 2163 1825 2228 adventu
1871 2162 2163 2228 redituri.
2308 2162 2591 2227 olvimus

636 2250 797 2317 hinc
838 2261 986 2333 post
1027 2251 1258 2315 horam
1300 2249 1562 2314 tertiam
1605 2249 2117 2332 pomeridianam
2161 2269 2236 2313 eo
2279 2249 2421 2331 ipso
2455 2247 2590 2312 Ve-

637 2337 817 2403 neris
864 2336 995 2413 die,
1054 2344 1130 2400 ut
1172 2336 1550 2400 Varronum
1597 2355 2086 2418 superaremus,
2148 2355 2275 2417 quo
2330 2341 2591 2417 postero

640 2421 745 2487 die
809 2422 1134 2487 maturius
1190 2420 1590 2487 Neocomum
1644 2421 2164 2505 perveniremus.
2254 2419 2386 2484 Via
2450 2425 2594 2484 erat

640 2505 993 2572 admodum
1040 2506 1322 2573 difficilis
1366 2513 1434 2572 et
1476 2507 1719 2583 lutosa,
1766 2527 1966 2589 quam
2010 2505 2219 2571 multo
2262 2503 2590 2571 molestio-

638 2614 780 2658 rem
825 2592 1375 2659 ac·difficiliorem
1417 2613 1554 2657 nox
1597 2591 1927 2672 reddebat,
1973 2613 2013 2656 a
2046 2613 2180 2675 qua
2222 2612 2452 2656 sumus
2492 2592 2593 2656 in-

642 2680 945 2761 tercepti:
993 2678 1085 2743 ita
1119 2688 1195 2743 ut
1231 2679 1484 2744 duabus
1527 2689 1645 2743 aut
1688 2679 1898 2744 tribus
1941 2678 2122 2743 horis
2164 2684 2364 2742 noctu
2404 2677 2593 2742 nobis

638 2765 838 2830 fuerit
902 2763 1410 2841 ambulandum,
1468 2786 1603 2829 non
1659 2765 1803 2829 sine
1867 2763 2157 2847 periculo
2220 2771 2288 2829 et
2351 2784 2592 2847 magno

637 2871 785 2916 meo
819 2848 1245 2915 incommodo.
1292 2849 1465 2914 Nam
1510 2870 1622 2914 aer
1663 2850 1774 2914 ille
1815 2857 2181 2914 nocturnus
2227 2848 2387 2915 adeo
2428 2847 2595 2914 mihi

637 2935 765 3003 fuit
819 2936 1045 3019 gravis
1100 2944 1177 3000 ut
1234 2934 1652 3000 raucedinem
1710 2935 2186 3014 contraxerim,
2252 2956 2422 3017 quae
2484 2956 2593 2999 me

637 3042 842 3107 paene
906 3019 1463 3087 Neocomensibus
1529 3019 1815 3085 reddidit
1874 3021 2192 3086 inutilem.
2279 3021 2593 3085 Praestiti

636 3115 879 3186 tamen,
918 3129 1050 3173 non
1073 3106 1245 3191 quod
1279 3109 1483 3190 potui,
1522 3107 1634 3172 sed
1676 3117 1950 3173 conatus
1984 3128 2131 3174 sum
2165 3107 2359 3172 etiam
2391 3127 2595 3192 supra

637 3195 817 3262 vires
863 3214 1091 3258 eorum
1133 3194 1548 3259 voluntatem
1585 3191 2050 3272 obsecundare,
2094 3193 2255 3259 adeo
2297 3201 2375 3258 ut
2416 3193 2595 3258 inter

637 3278 1156 3347 concionandum
1191 3302 1296 3345 me
1332 3300 1536 3363 paene
1569 3301 1705 3345 vox
1741 3279 2064 3346 deficeret.
2109 3278 2333 3344 Habui
2368 3286 2593 3344 tamen

636 3366 980 3432 conciones
1045 3366 1363 3448 quinque,
1432 3386 1644 3448 neque
1698 3367 2059 3448 impetrare
2113 3365 2296 3448 potui
2354 3373 2430 3428 ut
2487 3385 2593 3429 me

636 3452 836 3517 istinc
878 3452 1236 3533 reciperem
1283 3459 1632 3533 antequam
1669 3451 1934 3519 habitus
1971 3461 2144 3517 esset
2178 3450 2403 3516 classis
2441 3470 2592 3514 con-

636 3545 893 3614 ventus,
939 3536 1134 3619 idque
1179 3558 1391 3621 aegre.
1441 3537 1616 3602 Nam
1658 3538 1825 3603 mihi
1863 3557 2073 3620 paene
2114 3537 2254 3604 vim
2298 3538 2596 3603 fecerunt

637 3629 716 3689 111
776 3643 1232 3709 permanerem
1288 3644 1493 3706 usque
1571 3622 1657 3687 ad
1733 3631 2117 3708 sequentem
2196 3622 2593 3689 dominicum

639 3708 833 3786 diem,
879 3708 1004 3773 etsi
1039 3730 1272 3774 causas
1307 3709 1612 3774 afferrem
1647 3730 1808 3793 quas
1843 3732 1977 3774 non
2012 3730 2269 3793 possem
2305 3709 2592 3787 differre,

636 3807 706 3861 et
748 3814 914 3877 quae
958 3793 1122 3859 adeo
1166 3815 1273 3859 me
1316 3795 1639 3878 urgebant
1695 3803 1772 3861 ut
1814 3795 2161 3861 debuerint
2203 3798 2402 3861 etiam
2446 3795 2594 3859 illos

635 3880 1002 3964 impellere,
1057 3888 1134 3944 ut
1174 3902 1280 3945 me
1336 3879 1485 3946 istic
1540 3891 1958 3947 cunctantem
2001 3879 2249 3946 diutius
2304 3880 2436 3946 huc
2479 3902 2594 3946 ex-

634 3963 998 4031 truderent.
1088 3962 1434 4046 Quantum
1476 3966 1796 4049 profuerit
1835 3989 2020 4033 meus
2064 3968 2408 4047 adventus,
2455 3967 2594 4031 Do-

635 4052 818 4116 mino
859 4050 1282 4116 iudicandum
1323 4051 1639 4135 relinquo.
1721 4053 1997 4118 Illorum
2041 4054 2346 4135 opinione
2387 4052 2593 4136 pluri-

635 4158 839 4213 mum,
903 4156 1051 4201 mea
1115 4158 1271 4202 vero
1336 4137 1703 4203 minimum.
1784 4138 2116 4223 Intelligis
2181 4159 2337 4222 ergo
2394 4159 2593 4222 quam

636 4223 1036 4305 susceperim
1079 4224 1669 4307 peregrinationem
1713 4231 1782 4289 et
1822 4245 1983 4307 quas
2029 4225 2111 4289 ob
2151 4244 2398 4290 causas.

810 4308 946 4375 Sed
990 4309 1143 4374 audi
1182 4330 1309 4391 6116
1352 4309 1424 4374 16
1468 4317 1645 4375 616111
1688 4310 2029 4377 6661661616
2087 4309 2271 4375 111616
2314 4309 2593 4393 relique-

635 4396 785 4461 rim.
876 4395 1210 4460 Frustrati
1268 4403 1427 4460 sunt
1469 4399 1607 4462 suis
1653 4396 1942 4463 consiliis
1985 4407 2053 4462 et
2095 4396 2438 4462 conatibus
2483 4396 2595 4479 qui

637 4481 948 4546 ecclesiae
991 4480 1290 4547 ordinem
1332 4481 1665 4547 invertere
1707 4483 2133 4548 conabantur.
2189 4482 2363 4547 Nam
2405 4481 2596 4546 nulla

638 4576 797 4632 sunt
852 4565 1079 4630 habita
1133 4567 1429 4644 comitia,
1474 4569 1780 4650 quamvis
1837 4567 1906 4633 id
1961 4576 2138 4633 certo
2195 4570 2437 4634 certius
2480 4567 2594 4651 6111

635 4651 1023 4736 praecipuas
1065 4651 1270 4718 huius
1310 4654 1566 4719 fabulae
1608 4662 1826 4736 partes
1862 4656 2145 4739 agebant
2177 4676 2248 4720 se
2284 4674 2594 4737 assequu-

638 4747 821 4801 turos
874 4737 1194 4801 haberent
1248 4758 1664 4820 persuasum,
1723 4749 1793 4805 et
1847 4740 2274 4806 Mem-curtium
2328 4740 2593 4805 iamiam

639 4824 860 4886 affore.
907 4822 1204 4886 Maxima
1242 4825 1419 4888 enim
1453 4825 1680 4908 populi
1718 4847 1872 4909 pars
1906 4828 1978 4890 in
2014 4847 2158 4891 eam
2198 4827 2594 4891 sententiam

638 4908 1038 4972 inclinatura
1093 4915 1235 4973 erat
1288 4908 1528 4976 talibus
1585 4933 1898 4995 persuasa
1955 4911 2244 4978 ducibus.
2335 4912 2595 4977 Deinde

674 5213 818 5268 762.
856 5213 915 5297 1)
956 5215 1033 5270 St.
1069 5216 1262 5270 Blaiee
1304 5218 1458 5273 vicus
1505 5225 1586 5275 est
1618 5219 1696 5275 ad
1727 5219 1905 5276 lacum
1946 5219 2364 5277 Neocomensem
2399 5220 2529 5276 urbi
2559 5237 2598 5275 a

638 5288 1142 5418 mmmm
1172 5354 1407 5411 morbus.

2295 423 2822 495 EPIS'POLAE
2869 427 2991 489 762

4508 428 4602 494 272

2690 635 2817 699 quo
2856 613 3173 678 maiorem
3215 634 3400 697 spem
3443 613 3860 697 conciperent
3901 614 4240 681 obtinendi
4279 611 4605 698 Marwui,

2691 708 2758 766 et
2801 698 2885 764 ad
2928 698 3423 782 efflagitandum
3481 702 3692 785 magis
3736 701 4266 781 accenderentur,
4323 720 4608 784 propone-

2689 784 2887 850 batur
2928 784 3012 851 ob
3055 788 3350 850 omnium
3407 785 3631 851 oculos
3687 785 3970 852 hominis
4023 787 4361 853 calamitas
4378 837 4394 865 ‚
4439 787 4608 869 ipsius

2692 870 2872 948 fides,
2918 869 3210 937 studium
3254 879 3323 936 et
3363 870 3679 937 beneficia
3719 873 3791 936 in
3833 872 4017 937 illam
4061 872 4418 941 ecclesiam.
4501 874 4611 938 Ex-

2691 955 3122 1041 probrabatur
3144 957 3391 1022 civium
3413 957 3834 1042 ingratitudo,
3873 959 3930 1024 si
3953 959 4119 1024 nihil
4156 980 4268 1025 eos
4302 958 4611 1024 misereret

2690 1043 2935 1108 veteris
2987 1044 3299 1125 pastoris,
3365 1045 3543 1109 senis
3606 1044 4083 1111 calamitatibus
4140 1052 4209 1110 et
4258 1052 4614 1128 paupertate

2692 1128 2989 1206 confecti,
3036 1147 3113 1193 ac
3147 1129 3230 1193 de
3266 1149 3493 1194 eorum
3530 1129 3863 1212 republica
3897 1139 3966 1196 et
3997 1130 4272 1197 ecclesia
4304 1138 4446 1195 tam
4476 1129 4613 1195 bene

2692 1214 2929 1292 meriti,
2975 1215 3089 1296 qui
3131 1234 3252 1279 sua
3294 1216 3806 1298 consumpsisset
3847 1218 4069 1282 omnia
4087 1224 4166 1282 ut
4190 1236 4309 1282 suo
4345 1216 4616 1281 ministe-

2692 1300 2791 1365 rio
2835 1299 3144 1366 ecclesiae
3200 1308 3636 1379 succurreret,
3695 1303 3806 1385 qui
3860 1310 4155 1385 tempore
4210 1303 4419 1386 pestis
4461 1322 4618 1386 gras-

2693 1386 2902 1451 santis
2944 1394 3013 1450 et
3054 1387 3124 1449 in
3167 1385 3363 1452 rebus
3404 1385 3618 1451 dubiis
3662 1395 3728 1452 et
3769 1387 4032 1454 afflictis
4090 1397 4225 1452 tam
4268 1395 4623 1455 constanter

2690 1472 2853 1555 ipsis
2897 1471 3229 1537 adfuisset.
3319 1470 3498 1554 Quid
3543 1472 3729 1537 dico?
3817 1474 4080 1540 Nullius
4124 1474 4315 1540 Pauli
4371 1474 4623 1549 labores,

2691 1556 2854 1623 fides
2891 1566 2955 1621 et
2988 1559 3278 1640 probitas
3312 1577 3462 1623 cum
3499 1558 3689 1624 istius
3731 1558 4021 1625 1161611116
4055 1558 4417 1626 virtutibus
4462 1567 4627 1623 erant

2692 1642 3147 1726 comparanda.
3232 1643 3386 1711 Huc
3444 1645 3840 1711 accedebant
3893 1646 4034 1713 eius
4090 1646 4322 1711 literae
4338 1698 4355 1725 ,
4415 1646 4626 1731 quibus

2692 1730 2947 1795 senatui
2982 1728 3437 1813 respondebat,
3473 1749 3676 1816 seque
3711 1731 3795 1796 ad
3830 1733 4055 1798 omnia
4088 1734 4424 1811 offerebat,
4465 1731 4630 1797 nulla

2694 1822 2914 1880 tamen
2990 1814 3169 1880 facta
3230 1815 3508 1881 fratrum
3580 1825 3653 1882 et
3716 1817 4205 1885 ecclesiasticae·
4268 1819 4629 1902 disciplinae

2693 1901 3044 1966 mentione.
3131 1901 3305 1966 Nam
3349 1923 3550 1985 quum
3602 1903 3840 1970 fratres
3883 1903 4109 1970 classis
4152 1907 4419 1970 nomine
4462 1903 4630 1970 obtu-

2692 1986 2925 2051 lissent
3000 1992 3279 2069 quatuor
3293 2038 3308 2060 ‚
3377 2008 3459 2053 ex
3524 1990 3765 2072 quibus
3844 2012 4051 2055 unum
4118 1991 4242 2057 sibi
4307 1990 4630 2075 eligerent,

2695 2072 3074 2138 adiecerunt
3116 2094 3186 2138 se
3230 2094 3360 2138 non
3397 2074 3635 2140 offerre
3671 2074 4099 2142 Marem-cium
4143 2075 4316 2160 quod
4359 2075 4633 2142 audivis-

2694 2165 2844 2224 sent
2883 2158 3052 2223 lecto
3095 2181 3182 2224 ex
3223 2160 3517 2244 paralysi
3557 2162 3853 2228 affixum.
3933 2162 4101 2228 Inde
4139 2164 4252 2246 qui
4297 2162 4637 2229 Man-urcio

2692 2244 3002 2310 favebant
3044 2246 3445 2311 occasionem
3490 2247 3916 2330 arripuerunt
3970 2247 4298 2315 scribendi
4332 2270 4420 2313 ex
4465 2268 4637 2313 sena-

2695 2338 2804 2396 tus
2849 2331 3180 2396 sententia
3232 2340 3299 2395 et
3343 2333 3698 2399 autoritate
3756 2332 3839 2399 ad
3884 2333 4342 2411 Mar-curtium,
4390 2343 4463 2400 et
4502 2335 4640 2398 mit-

2695 2416 2878 2481 tendi
2919 2417 3232 2482 nuncium
3274 2418 3391 2500 qui
3435 2420 3809 2502 exploraret
3864 2440 3996 2503 qua
4038 2429 4213 2487 esset
4254 2419 4639 2486 valetudine.

2696 2500 2810 2568 Sic
2854 2503 3031 2566 enim
3073 2501 3493 2587 colligebant:
3551 2515 3901 2590 postquam
3938 2507 4177 2572 fratres
4219 2505 4440 2572 solum
4483 2525 4644 2572 mor-

2697 2589 2854 2653 bum
2909 2598 3282 2663 causantur,
3338 2587 3597 2655 sublata
3638 2613 3717 2657 ea
3760 2613 3959 2658 causa
4015 2591 4173 2676 quid
4227 2591 4448 2657 obstat
4502 2611 4644 2674 quo-

2696 2675 2912 2739 minus
2956 2696 3109 2739 eum
3151 2696 3609 2759 recuperemus
3665 2686 3997 2762 pastorem
4052 2678 4355 2744 omnibus
4416 2678 4647 2762 gratis-

2696 2761 2936 2825 simum
2954 2812 2971 2839 ,
3029 2762 3143 2843 6111
3197 2770 3421 2827 noster
3473 2761 3606 2828 iam
3661 2765 3786 2829 fuit
3844 2770 4038 2847 atque
4095 2765 4293 2830 etiam
4345 2785 4421 2829 66
4479 2780 4648 2828 nunc

2695 2855 2991 2912 nostrum
3036 2867 3178 2912 esse
3221 2848 3552 2913 testatur?
3597 2850 3845 2916 Missus
3889 2860 3990 2916 est
4032 2850 4311 2917 nuncius
4355 2850 4443 2916 ad
4489 2849 4651 2914 hano

2693 2932 2986 2998 fabulam
3027 2934 3565 3017 appositissimus,
3613 2936 3724 3018 qui
3758 2943 4021 3019 praeter
4042 2937 4393 3004 Mar-curtii
4432 2936 4650 3000 literas

2694 3019 2906 3084 multa
2971 3018 3052 3084 de
3117 3040 3236 3085 suo
3302 3019 3569 3085 adiecit:
3650 3021 4078 3089 Mamm-tium
4154 3031 4331 3089 recte
4414 3021 4651 3098 valere,

2694 3106 2871 3172 foras
2905 3105 3186 3188 prodire,
3233 3107 3605 3173 concionari
3643 3116 3718 3173 ut
3752 3110 3954 3192 prius,
3993 3129 4063 3174 se
4100 3111 4240 3175 61116
4275 3110 4652 3176 concionem

2696 3191 3058 3273 audivisse,
3114 3193 3335 3258 virum
3392 3212 3536 3259 esse
3589 3195 4097 3261 sanctissimum.
4191 3194 4373 3276 Quid
4423 3190 4650 3277 plura?

2696 3277 2982 3342 Plurimi
3059 3279 3362 3359 protinus
3446 3278 3667 3346 adfore
3735 3290 3912 3348 certo
3976 3282 4098 3348 sibi
4162 3286 4651 3364 persuaserant.

2698 3360 2834 3428 Sed
2877 3383 3082 3446 quum
3124 3364 3362 3431 fratres
3408 3365 3570 3431 haec
3612 3367 4098 3433 intellexissent
4141 3375 4206 3432 et
4250 3368 4334 3432 ad
4379 3388 4497 3432 me
4540 3365 4654 3429 mi-

2698 3450 2965 3528 sissent,
3013 3448 3309 3517 Farellus
3362 3473 3513 3517 cum
3571 3453 3716 3519 aliis
3773 3454 4023 3537 aliquot
4065 3454 4298 3520 vicinis
4341 3452 4656 3519 fratribus

2696 3532 2946 3600 accedit
2987 3535 3072 3600 ad
3115 3544 3393 3621 quatuor
3448 3537 3597 3603 illos
3652 3539 3764 3621 qui
3808 3540 4138 3607 habentur
4179 3540 4370 3606 velut
4415 3538 4654 3606 civium

2695 3621 3028 3705 magistri:
3050 3622 3108 3705 3)
3152 3623 3325 3705 apud
3368 3645 3530 3707 quos
3567 3623 3870 3692 Farezlus
3904 3635 3971 3690 et
4005 3628 4114 3709 qui
4156 3648 4305 3692 cum
4350 3647 4436 3693 eo
4473 3629 4657 3691 erant

2696 3708 2933 3773 fratres
3008 3729 3150 3774 sese
3203 3720 3546 3792 opponunt
3595 3712 3846 3776 civium
3903 3711 4193 3778 consiliis
4247 3723 4317 3779 et
4373 3709 4655 3778 decretis

2699 3794 3013 3874 comitiis,
3072 3803 3680 3879 protestanturque,
3740 3799 3797 3862 si
3841 3798 3995 3881 quid
4049 3800 4518 3865 committatur
4552 3792 4657 3862 ad-

2697 3898 2931 3945 versus
2998 3879 3413 3962 disciplinam
3478 3883 4012 3962 ecclesiasticam,
4081 3906 4152 3950 se
4210 3882 4296 3948 ad
4348 3882 4657 3950 ecclesias

2698 3964 3161 4047 appellaturos.
3266 3966 3641 4033 Admonent
3718 3970 4213 4054 magistratum,
4303 3968 4658 4055 diligenter

2697 4058 2925 4117 caveat
2966 4072 3050 4115 ne
3094 4050 3252 4135 611111
3304 4059 3547 4119 temere
3603 4065 3671 4119 et
3712 4056 3913 4138 impie
3955 4056 4403 4142 aggrediatur.
4502 4055 4657 4119 Pro·
4778 4055 4785 4134 ἶ

2693 4137 2823 4201 fuit
2866 4134 3222 4203 admonitio
3267 4147 3337 4203 et
3377 4141 3760 4221 protestatio
3804 4142 3978 4225 apud
4023 4150 4305 4226 quatuor
4338 4141 4501 4208 illos
4534 4138 4659 4224 pri·

2697 4243 2913 4290 mores
2979 4235 3247 4289 senatus
3312 4224 3546 4307 quibus
3608 4230 3818 4309 pietas
3886 4228 4068 4294 cordi
4125 4236 4226 4295 est
4281 4239 4350 4292 et
4408 4229 4531 4311 qui
4584 4244 4659 4287 ex

2698 4309 2916 4373 animo
2982 4308 3210 4373 favent
3275 4311 3638 4376 ministerio
3694 4312 3978 4393 Ohristi,
4026 4315 4368 4398 iustasque
4434 4328 4660 4379 causas
4780 4357 4791 4400 :

2699 4395 3159 4478 excogitarunt
3199 4397 3439 4478 quibus
3482 4397 3808 4463 seditiosis
3863 4400 4238 4466 hominibus
4279 4399 4657 4466 illuderent

2697 4479 2964 4545 Interea
3020 4482 3329 4565 temporis
3370 4503 3570 4565 quum
3614 4505 3734 4568 ego
3777 4485 4181 4551 Neocomum
4237 4486 4658 4570 appellarem,

2699 4566 2926 4633 consul
2963 4566 3467 4634 Wauevillianus
3521 4570 3775 4653 appulit
3815 4570 4327 4639 Columbanum:
4348 4578 4411 4653 ⁴)
4471 4588 4662 4655 quem

2700 4662 2959 4735 postero
3025 4653 3131 4720 die
3202 4653 3571 4738 Pranyinus
3589 4660 3647 4734 ὃ)
3725 4655 3915 4736 611111,
3982 4659 4200 4741 ipsum
4264 4681 4480 4744 super
4546 4656 4661 4721 hoo

2698 4740 2960 4823 negotio
2983 4741 3420 4807 consulturus.
3469 4741 3606 4808 Sed
3639 4744 3866 4809 consul
3900 4745 3995 4808 ita
4030 4744 4166 4829 egit
4200 4768 4354 4812 cum
4392 4743 4661 4812 homine

2700 4833 2777 4889 111
2819 4823 2899 4889 ab
2944 4846 3019 4891 66
3065 4825 3334 4891 redierit
3385 4829 3680 4910 pacatior
3731 4836 3797 4894 et
3848 4829 4069 4896 minus
4113 4832 4186 4895 in
4228 4852 4431 4898 suum
4478 4830 4659 4896 Mar-

2700 4911 2971 4977 curtium
3025 4911 3314 4978 affectus.
3403 4914 3548 4997 Ego
3601 4936 3857 4999 quoque
3906 4915 4311 5002 Pranyinum
4364 4927 4442 4984 et
4504 4917 4660 4984 alios

2907 5148 2967 5215 3)
3003 5151 3081 5204 les
3114 5157 3308 5220 quatre
3339 5152 3690 5208 ministrata.

2905 5217 2966 5285 4)
2998 5217 3426 5276 Wattevillomm
3468 5238 3604 5292 qens
3645 5225 3709 5277 in
3747 5224 3869 5279 vico
3909 5223 4205 5282 Gozovnbier
4249 5228 4539 5285 6118161116.
4567 5225 4656 5285 ἧο-

2701 5289 2857 5344 bebat
2886 5293 2939 5341 et
2964 5288 3276 5356 praedium.

2909 5352 2971 5422 5)
3010 5356 3397 5413 Neocomensis
3420 5360 3746 5428 praefectae.
