4825 6175
25 3016 28 3023 '
152 3006 356 3072 rebus
420 3007 594 3071 serio
648 3004 1017 3085 contulero,
1075 3005 1271 3090 idque
1326 3003 1528 3073 brevi.

25 3105 28 3108 ’
151 3093 550 3177 propediem
593 3093 859 3158 asiatica
902 3093 1197 3158 oratione
1251 3092 1617 3160 instructus
1632 3143 1649 3172 ,
1704 3112 1901 3176 quam
1956 3093 2129 3158 fores

210 415 318 479 269

1091 598 1244 672 Ἷθθ.

658 751 1186 820 ZERKIN'I'ES
1231 751 1669 821 OALVINO.

359 922 593 992 Son-ibit
634 927 711 992 de
751 926 946 992 vidua
988 925 1269 1008 quadam
1314 923 1719 990 Neoduuensi
1745 902 1948 991 ‘ouius
1988 943 2138 990 cau-

197 1032 327 1080 sam
386 1012 517 1095 ipsi
585 1010 887 1078 Calvinus
949 1012 1523 1111 commendaverat..
1592 1009 1876 1110 Genevae
1936 1030 2140 1094 nuper

193 1099 445 1251 {umudem
479 1097 660 1164 adire
691 1118 818 1164 nou
843 1101 1129 1180 potutsse
1162 1097 1338 1177 dolet,
1378 1097 1640 1163 meltora
1673 1115 1746 1161 m
1770 1097 2137 1179 proximum

287 1204 421 1267 pue
462 1204 749 1266 sperans.

191 1356 291 1425 (Ex
326 1355 638 1425 apographo
683 1356 817 1410 satis
863 1355 1072 1410 recenti
1117 1353 1248 1409 Ood.
1284 1354 1456 1408 Paris.
1495 1355 1692 1426 Dupuy
1729 1352 1855 1421 102,
1889 1354 1981 1409 fol.
2022 1353 2134 1421 74.)

184 1526 552 1593 Excellenti
595 1526 961 1594 eruditione
1003 1534 1070 1593 et
1110 1528 1353 1611 pietate
1395 1525 1812 1593 ornatissimo
1858 1527 2002 1594 viro
2036 1526 2133 1592 Io.

350 1612 634 1679 Calvino
680 1613 927 1680 Christi
983 1614 1285 1679 ministro
1342 1612 1683 1692 Genevae,
1737 1612 2023 1678 Domino
2067 1619 2136 1678 et

348 1700 559 1766 amico
603 1699 988 1766 honorando
1031 1722 1168 1766 suo.

455 1835 768 1902 Nicolaus
807 1835 1191 1902 Zerchintes
1233 1835 1314 1901 ad
1357 1836 1450 1901 Io.
1488 1834 1858 1900 Calvinum.

343 1972 417 2039 S.
456 1995 574 2058 per
612 1973 973 2039 Christum.
1020 1973 1223 2038 Redit
1265 1972 1346 2038 ad
1389 1982 1456 2036 te
1499 1970 1697 2039 vidua
1737 1971 1923 2037 cuius
1964 1969 2134 2036 mihi

176 2080 440 2125 causam
476 2060 688 2126 literis
723 2060 1100 2142 exposuisti.
1147 2059 1389 2125 Effecit
1421 2057 1594 2141 quod
1630 2057 1894 2140 petebat
1929 2078 2132 2140 quam

170 2145 680 2229 expeditissime.
768 2144 980 2211 Nemo
1034 2147 1209 2210 enim
1253 2145 1316 2210 N
1319 2144 1791 2211 eodunensium
1849 2143 2128 2226 ignorat,

167 2232 486 2297 maritum
545 2231 689 2297 eius
741 2231 822 2297 ob
865 2231 1045 2297 furta
1086 2241 1154 2297 et
1192 2231 1514 2297 maleficia
1556 2230 1789 2314 laqueo
1832 2227 2127 2313 dignum,

164 2317 418 2383 mitiori
459 2326 728 2383 senatus
769 2317 1102 2383 sententia
1143 2317 1351 2401 virgis
1402 2337 1665 2383 caesum
1707 2316 1778 2380 in
1822 2314 2128 2381 exsilium

27 2384 36 2419 ³
163 2414 564 2487 perpetuum
616 2403 821 2469 fuisse
874 2403 1237 2486 relegatum
1252 2454 1267 2479 ,
1332 2424 1408 2469 ac
1461 2404 1772 2469 universa
1826 2402 2129 2468 Beruen-

162 2491 338 2555 sium
377 2487 628 2555 ditione
662 2489 762 2554 illi
796 2489 1240 2556 interdictum.
1300 2488 1597 2554 Vivatne
1634 2509 1721 2553 an
1759 2509 1911 2565 non,
1947 2486 2128 2554 haud

161 2577 323 2641 satis
371 2583 666 2653 constat,
723 2596 844 2641 nec
901 2576 1016 2641 ubi
1057 2583 1230 2659 agat.
1320 2572 1516 2656 Quod
1558 2594 1772 2657 nuper
1814 2573 2129 2641 Genevae

158 2682 290 2726 non
338 2661 627 2743 colloqui
670 2663 1003 2744 potuimus
1044 2660 1210 2727 mihi
1254 2660 1522 2744 perinde
1556 2680 1633 2727 ac
1666 2658 1790 2725 tibi
1823 2659 1950 2724 fuit
1990 2680 2130 2724 mo-

27 2762 28 2765 ’
157 2746 427 2813 lestum.
519 2745 656 2814 Sed
698 2756 765 2811 te
809 2747 1146 2825 valetudo,
1198 2768 1305 2812 me
1345 2767 1504 2813 vero
1557 2746 1801 2829 partim
1842 2767 1928 2812 ne
1974 2745 2128 2826 otia,

153 2834 407 2916 partim
445 2832 789 2917 suspiciosi
824 2832 1093 2916 quidam
1116 2833 1413 2899 homines
1434 2831 1852 2900 distinebant.
1965 2851 2130 2916 eque

156 2940 320 2985 vero
390 2919 851 3002 conquiescam
916 2920 1123 2985 donec
1192 2918 1399 2985 libere
1462 2926 1683 2987 tecum
1746 2917 1974 2984 multis
2046 2918 2130 2983 de

1618 3004 1902 3069 Veniam
1947 3004 2128 3070 enim

155 3185 307 3246 tuas
367 3179 697 3264 pulsando
749 3176 1145 3259 meditabor,
1202 3196 1289 3244 ne
1344 3198 1453 3243 me
1502 3185 1696 3262 putes
1751 3177 1929 3243 domi
1971 3199 2128 3245 oon-

25 3247 30 3264 ‘ff
154 3266 484 3350 scriptam
543 3264 847 3332 ediscere.
925 3263 1098 3331 Vale
1156 3273 1224 3329 et
1275 3285 1382 3331 me
1432 3284 1610 3330 ama:
1671 3285 1793 3349 ego
1838 3270 1903 3329 te
1946 3271 2127 3331 certe

25 3365 28 3454 j
153 3350 556 3504 &legal-etl
567 3349 926 3502 ἕὲἒθτνατο
989 3371 1331 3433 nunquam
1395 3349 1710 3417 desinam.

1796 3348 1862 3414 Ν
1862 3349 2123 3430 eoduni,

936 3680 1345 3689 --—————-——.

1079 3898 1228 3972 7⁰1.

707 4053 1179 4122 OALV'INUS
1224 4051 1596 4121 VIRE'I'O.

332 4226 646 4293 Amicum
687 4227 899 4293 videre
939 4226 1110 4309 cupit
1162 4227 1381 4292 multis
1421 4231 1479 4292 et
1515 4223 1823 4308 ,qravibus
1863 4226 1941 4290 de
1982 4244 2130 4292 oau-

145 4332 300 4463 eun&
345 4312 719 4465 οῗὲἑὲῗήιιε
782 4312 1032 4379 tandm
1095 4313 1339 4380 scholae
1404 4311 1777 4394 praefectus.
1868 4310 2130 4395 Syndiei

149 4571 300 4634 (Ant
455 4573 600 4640 phon
653 4588 763 4626 non
817 4575 1012 4625 exstat.
1083 4571 1452 4625 Describimus
1511 4571 1789 4639 exemplar
1842 4570 2130 4625 Ionvillsei

149 4638 288 4695 Ood.
330 4589 474 4694 gen.
520 4640 689 4706 111⁸,
725 4641 817 4696 fol.
852 4638 939 4707 37,
975 4657 1042 4694 ex
1080 4657 1188 4708 quo
1224 4640 1500 4693 fluxerunt
1533 4647 1766 4705 caetera,
1801 4640 1914 4696 soil.
1990 4639 2128 4693 Tur-

147 4710 324 4764 retini
367 4710 504 4764 Cod.
545 4709 663 4774 111,
700 4710 792 4764 fol.
828 4707 959 4776 1383
1013 4709 1283 4763 Bemense
1319 4709 1458 4779 Epp.
1495 4708 1615 4762 VII.
1652 4707 1769 4775 753,
1818 4715 1875 4762 et
1911 4707 2129 4763 Simleri

323 4779 466 4832 Vol.
503 4777 589 4833 59.
657 4780 724 4833 In
761 4779 958 4849 quibus
994 4778 1243 4832 omnibus
1276 4778 1560 4848 inscriptio
1598 4778 1798 4831 omissa
1831 4781 1960 4843 est.)

331 4951 679 5034 Exspecto
750 4949 907 5016 dum
973 4949 1230 5028 venias,
1298 4946 1472 5033 quod
1549 4947 1926 5033 propediem
1991 4948 2129 5014 fore

147 5038 450 5104 confido,
494 5036 707 5121 Cupio
743 5036 823 5103 de
859 5044 925 5102 te
960 5037 1186 5102 audire
1222 5057 1350 5120 qua
1387 5035 1466 5100 de
1503 5058 1700 5102 causa
1722 5036 2126 5101 Neocomum

147 5131 292 5189 tam
319 5134 608 5207 repente
628 5125 829 5190 fueris
852 5124 1223 5190 accersitus.
1251 5121 1300 5208 ¹)
1325 5121 1630 5206 Denique
1652 5123 1825 5188 ultro
1840 5122 2128 5204 citroque

183 5329 327 5384 781.
371 5330 434 5395 1)
471 5329 604 5385 Vide
633 5329 802 5384 Virett
837 5345 917 5398 ep.
951 5331 1197 5397 proxime
1232 5334 1549 5399 sequentem.

1861 416 2025 479 1546
2069 413 2539 481 ΕΕΒΒΠΑΒ.

4071 424 4199 488 270

2244 600 2456 668 multa
2510 601 2829 671 habemus
2882 603 2964 671 de
3006 604 3244 689 quibus
3297 624 3565 672 necesse
3620 613 3722 672 est
3762 627 3984 674 coram
4024 609 4202 677 inter

2244 708 2364 753 nos
2420 687 2723 771 colloqui.
2806 688 3125 757 Erasmus
3182 710 3259 756 ea
3313 690 3686 757 conditione
3740 701 4043 777 receptus
4099 704 4201 763 est

2244 793 2444 856 quam
2500 774 2736 841 habuit
2791 775 3215 843 Sebastianus,
3235 776 3293 859 2)
3382 775 3652 861 Optima
3708 780 3928 844 omnia
3986 781 4066 847 de
4120 803 4198 848 eo

2243 879 2454 943 spero.
2473 862 2531 938 ⁸)
2600 859 2924 929 Modestia
2964 862 3355 946 praesertim
3396 863 3559 927 mihi
3603 886 3737 929 non
3775 886 4005 949 parum
4049 889 4197 951 pro-

2242 944 2470 1010 mittit.
2557 945 2774 1014 Hodie
2818 948 3023 1016 creati
3066 957 3221 1015 sunt
3262 948 3519 1033 syndici
3564 949 3859 1031 RosetuS,
3908 950 4199 1035 Corneus,

2243 1029 2635 1112 Lamban-tue,
2681 1033 3000 1100 Claudius
3035 1056 3079 1103 a
3116 1034 3311 1100 Pane.
3328 1037 3388 1111 ⁴)
3448 1035 3623 1100 Veni
3668 1057 3871 1118 quum
3912 1039 4200 1121 primum

2243 1118 2556 1268 exgedire
2606 1125 2676 1270 ἑξ
2799 1122 3007 1271 tigris:
3062 1119 3418 1272 nassalideo
3472 1141 3513 1185 a
3567 1122 3909 1272 scribendg)
3966 1145 4198 1224 super-

2241 1224 2312 1268 se
2358 1225 2435 1269 eo
2477 1226 2563 1269 ne
2760 1226 2798 1271 e
2900 1227 3061 1272 eam.
3284 1226 3320 1271 e
3373 1227 3526 1272 cum
3567 1229 3776 1274 uxore
3820 1229 3857 1275 e
3927 1209 4194 1275 familia.

2240 1288 2571 1356 Dominus
2612 1300 2735 1356 vos
2779 1291 2976 1358 simul
3015 1313 3244 1359 omnes
3287 1302 3645 1359 conservet.
3735 1293 4066 1361 Genevae.

3355 1427 3444 1493 Io.
3490 1427 3806 1496 Calvinus
3848 1438 4022 1497 tuus.

2412 1558 2592 1642 Quia
2612 1561 2893 1628 verebar
2903 1578 3000 1629 'ne
3019 1562 3273 1630 diutius
3294 1564 3468 1647 apud
3503 1586 3611 1632 me
3644 1566 3935 1633 iacerent
3965 1568 4197 1634 literae

2244 1642 2508 1713 Claudii
2547 1647 2793 1714 Farelli
2807 1649 2866 1732 ὁ)
2909 1647 2994 1713 ad
3032 1650 3328 1729 fratrem,
3366 1652 3582 1717 visum
3616 1658 3719 1717 est
3759 1652 3879 1718 tibi
3912 1654 4195 1735 mittere,

2239 1740 2318 1796 ut
2360 1753 2472 1799 eas
2514 1734 2728 1817 prima
2769 1754 3029 1818 quoque
3071 1736 3409 1803 occasione
3452 1735 3874 1821 perferendas
3917 1741 4194 1825 cures.⁶)

3141 2383 3293 2455 762.

2766 2535 3174 2604 VIRETUS
3218 2536 3654 2605 OALVINO.

2409 2706 2790 2773 Neocomum
2844 2714 3096 2775 vocatus
3149 2731 3191 2775 a
3242 2709 3584 2790 minis-tris,
3638 2710 3866 2792 quibus
3919 2713 4191 2783 adversa

2227 2794 2419 2878 factio
2463 2792 2894 2860 Marcurtium
2948 2794 3266 2861 obtrudere
3322 2796 3555 2862 volebat
3593 2797 3664 2860 in
3711 2796 4062 2880 Capuae-uli
4103 2801 4188 2867 lo-

2231 2900 2374 2946 cum
2425 2879 2866 2962 sufficiendum
2884 2932 2899 2960 ‚
2954 2881 3100 2964 fuse
3154 2887 3381 2947 narrat
3434 2883 3508 2947 iu
3562 2902 3685 2965 quo
3737 2888 3907 2950 statu
3958 2883 4047 2951 ibi
4088 2906 4190 2954 res

2231 2967 2533 3032 invenerit
2573 2970 2631 3031 et
2671 2966 3020 3048 reliquerit,
3063 2968 3335 3050 quidque
3375 2968 3515 3050 ipse
3554 2969 3758 3053 eyem't.
3855 2969 4190 3037 Calvinum

2230 3057 2408 3138 φοραί
2461 3056 2533 3117 ut
2585 3053 2725 3136 ipse
2776 3053 3163 3120 interveniat.
3267 3053 3598 3121 Valerium
3661 3074 3891 3122 munus
3947 3058 4189 3127 adiisse

2229 3140 2508 3221 nunciat,
2551 3139 2882 3205 diacoumu
2925 3140 3150 3207 obiisse
3161 3164 3182 3221 ,·
3235 3140 3311 3207 de
3355 3140 3666 3210 Fen-onio
3721 3142 3945 3226 ooqitat
3958 3195 3973 3222 ,
4028 3145 4189 3210 Tex-

2230 3231 2422 3292 torem
2464 3226 2710 3310 expetit.

2506 3397 2620 3467 (Ex
2653 3397 2992 3467 autographo
3025 3396 3157 3452 eod.
3192 3396 3394 3452 Genev.
3432 3396 3531 3451 111
3546 3409 3601 3467 ⁸,
3635 3399 3727 3454 fol.
3765 3397 3911 3467 165.)

2232 3587 2618 3657 Clarissimo
2694 3585 2838 3652 viro
2897 3586 2983 3652 D.
3038 3585 3273 3653 Ioanni
3338 3585 3621 3653 Oalvino
3688 3586 4191 3673 vigilantissimo

2403 3671 2819 3740 Genevensis
2854 3671 3164 3739 ecclesiae
3197 3674 3446 3756 pastori
3480 3672 3675 3739 fratri
3698 3683 3765 3739 et
3785 3685 4192 3759 symmystae

2403 3759 2764 3845 plurimum
2807 3757 3237 3824 observando.

2932 3845 2939 3854 '
3546 3844 3880 3912 Genevae.

2407 3983 2481 4051 S.
2540 3982 2908 4051 Undecimo
2951 3981 3189 4048 abhinc
3233 3979 3358 4060 die,
3402 3981 3519 4065 qui
3563 3991 3707 4048 erat
3749 3986 3852 4048 29.
3875 3983 4192 4067 Ianuarii,

2235 4091 2322 4137 ex
2360 4070 2717 4153 improviso
2764 4068 2895 4136 huc
2951 4067 3206 4153 appulit
3243 4066 3519 4134 Michael
3568 4069 3875 4136 minister
3916 4069 4194 4139 Sancto·

2440 4362 2501 4428 2)
2546 4361 2847 4417 Cot-uerius
2874 4375 2977 4429 per
3011 4358 3436 4429 quadriennium
3458 4357 3670 4413 scholae
3698 4357 4004 4414 Geneveuet’
4103 4375 4191 4415 ae-

2230 4432 2357 4497 fuit.
2401 4431 2554 4487 Obiit
2572 4447 2625 4485 a.
2654 4428 2806 4496 1550,
2831 4444 3012 4483 meme
3026 4427 3239 4497 Aprile.
3281 4425 3564 4508 Caeterum
3582 4442 3697 4481 nou
3716 4428 3829 4493 fuit
3846 4427 4006 4482 Caete
4044 4430 4190 4484 tonis

2234 4515 2526 4569 successor,
2559 4499 2656 4554 sed
2680 4497 2869 4555 Caroli
2885 4495 3136 4553 Damout
3168 4497 3260 4552 eui
3293 4496 3627 4564 stupendium
3659 4494 3766 4550 400
3795 4497 3929 4618 βοῶ
3953 4498 4193 4553 dabatm·

2233 4570 2616 4694 mem?
2631 4569 2770 4703 ἐξιεῖ
2793 4567 3545 4716 &westwere
3559 4564 3797 4715 m&
3820 4633 4001 4687 M...-
4072 4582 4190 4621 Μ·

2440 4706 2501 4773 3)
2546 4705 2700 4775 Quae
2732 4721 2856 4774 spes
2887 4720 3006 4759 eum
3026 4703 3247 4785 fefelttt.
3320 4702 3456 4758 Cum
3501 4717 3621 4757 suas
3660 4701 4037 4785 oneratam-ets
4078 4718 4192 4758 nou

2231 4777 2859 4901 Ὦὲηοὲνηέοέαοῖὠέἶυο
2913 4775 3295 4842 ludtmaqtstro
3309 4813 3325 4841 ,
3373 4787 3545 4842 neque
3607 4770 3933 4838 dumphnae
3988 4787 4190 4840 pueros

2409 4863 2500 4980 94)
2542 4911 2747 4968 Claude
2784 4911 2969 4980 Boset,
3003 4910 3274 4966 Amblard
3312 4907 3486 4966 Corne
3518 4907 3804 4978 (cornaz),
3841 4906 3984 4962 Iean
4020 4908 4189 4964 Lam-

2231 4984 2363 5051 bm,
2405 4983 2485 5038 ΟΖ.
2519 4983 2596 5037 du
2636 4982 2775 5035 Pau.

2439 5051 2503 5115 5)
2542 5051 2619 5105 N.
2652 5048 2770 5105 767.

2438 5120 2498 5186 6)
2538 5119 2630 5173 De
2663 5134 2811 5173 anuo
2847 5119 3053 5188 ambiqt‘
3085 5121 3272 5187 nequit
3320 5117 3431 5169 sive
3461 5114 3544 5197 ad
3575 5117 3806 5196 nomina
3837 5114 4189 5183 syo-dicarem

2231 5191 2536 5272 respexeris
2586 5190 2702 5242 eive
2739 5187 2830 5270 ‘ad
2880 5189 3182 5269 electionem
3241 5158 3493 5266 Com-um
3542 5189 3593 5237 et
3633 5182 3808 5264 Vtreto.
3821 5252 3833 5264 -
3850 5199 4189 5267 responsum.

2233 5257 2399 5312 Dsem
2436 5273 2616 5383 :geum
2659 5257 2835 5380 222⁹.oe
2876 5272 3113 5325 prumam
3135 5255 3487 5390 fdomtmeam
3528 5251 3828 5306 Febr-uam
3862 5251 3938 5320 (7)
3974 5253 4188 5324 colltqes

2230 5345 2299 5384 ex
2334 5344 2452 5384 eom
2500 5342 2573 5382 ue
2604 5342 2667 5380 ea
2816 5340 2927 5393 pro
2960 5340 3108 5379 more
3165 5330 3319 5379 actae.
