4825 6175
616 450 740 515 207

618 634 789 701 Vale
832 655 968 699 una
1010 653 1158 699 cum
1203 650 1404 697 uxore
1449 636 1517 696 et
1553 627 1823 693 familia.
1884 624 2112 692 Nostri
2155 632 2223 689 te
2259 623 2574 689 salutant.

618 719 968 848 Fratribus
1023 718 1219 784 etiam
1285 714 1459 782 dices
1514 714 1783 780 nomine
1841 732 1988 778 meo
2057 709 2410 794 plurimam
2470 728 2577 773 sa-

618 808 845 873 lutem·
893 804 922 892 )
1538 885 1820 952 Ioannes
1864 882 2183 951 Calvinus
2225 889 2401 946 tuus.

1391 1180 1796 1191 ———---.--.—-

1520 1398 1670 1470 724.

1155 1555 1560 1624 VIRETUS
1606 1553 2043 1622 OALVINO.

802 1729 867 1794 A
938 1727 1451 1794 Neocomensibus
1535 1724 1887 1808 Capunculi
1965 1744 2372 1791 successorem
2448 1723 2583 1793 iam

628 1817 882 1884 electum
943 1816 1096 1881 dicit
1109 1865 1125 1892 ,
1193 1814 1262 1879 id
1325 1813 1575 1896 quidem
1639 1814 1800 1878 satis
1853 1817 2276 1895 praemature.
2372 1807 2585 1876 Comes

629 1903 876 1969 tandem
942 1900 1290 1984 aliquando
1363 1919 1618 1964 munere
1695 1919 1760 1965 se
1821 1897 2150 1964 abdicavit.
2239 1896 2340 1961 De
2401 1896 2585 1959 cuius

623 2007 972 2054 successore
1013 1988 1153 2067 ipso
1193 1985 1537 2053 inconstdto
1580 1985 1691 2069 aqi
1730 1984 2001 2050 videtur.

906 2158 1017 2225 (Ex
1054 2156 1391 2227 autographo
1426 2155 1554 2210 Cod.
1590 2155 1788 2210 Genev.
1828 2153 1996 2224 111⁸,
2032 2154 2125 2209 fol.
2161 2151 2306 2217 151.)

805 2328 1192 2394 Clarissimo
1258 2328 1399 2395 viro
1461 2328 1546 2393 D.
1606 2326 1839 2392 Ioanni
1916 2325 2197 2392 Calvino
2276 2324 2586 2390 ecelesiae

634 2414 1051 2483 Genevensis
1124 2413 1369 2498 pastori
1436 2413 1940 2497 vigilantissimo
2007 2411 2196 2478 fratri
2256 2420 2323 2475 et
2377 2410 2587 2476 amico

633 2521 832 2586 quam
876 2500 1229 2566 carissimo.

1942 2582 2271 2649 Genavae.

807 2703 877 2771 S.
958 2705 1064 2769 De
1105 2701 1377 2768 Deotheo
1406 2704 1454 2781 ι)
1511 2700 1837 2767 nihildum
1895 2704 2055 2769 certi
2108 2723 2148 2767 a
2191 2701 2376 2768 nobis
2434 2723 2586 2768 con-

635 2792 826 2858 stitui
881 2790 1114 2874 potuit.
1204 2787 1563 2872 Speramus
1618 2796 1840 2854 tamen
1900 2787 2085 2853 brevi
2139 2787 2208 2851 id
2264 2789 2584 2853 futurum.

634 2874 955 2944 Erasmus
977 2897 1017 2941 a
1038 2874 1589 2940 Neocomensibus
1626 2873 1952 2940 admissus
1988 2882 2088 2938 est
2123 2874 2260 2939 loco
2286 2872 2588 2951 Gorderii,

678 2984 762 3028 uo
804 2963 881 3027 fit
922 2971 1000 3026 ut
1043 2980 1195 3044 spes
1240 2962 1454 3025 omnis
1498 2958 1577 3024 de
1614 2979 1690 3023 eo
1726 2960 1815 3025 sit
1850 2959 2169 3044 adempta.
2237 2960 2343 3024 De
2377 2968 2590 3024 morte

634 2985 994 3133 {lammae
1028 3056 1095 3114 et
1129 3047 1270 3113 eius
1306 3046 1547 3130 insigni
1585 3046 2006 3129 poenitentia,
2049 3057 2116 3111 et
2148 3066 2344 3130 quam
2382 3046 2591 3111 amico

637 3136 707 3201 in
750 3145 817 3201 te
862 3143 929 3200 et
980 3135 1217 3199 &atres
1284 3153 1509 3198 omnes
1573 3132 1793 3196 animo
1862 3132 2019 3197 hine
2086 3132 2167 3197 ad
2229 3132 2588 3197 Dominum

638 3221 945 3306 migrarit
964 3271 979 3298 ‚
1036 3219 1318 3285 arbitror
1361 3231 1427 3282 te
1470 3216 1817 3284 audivisse.
1908 3219 2222 3284 Proximo
2267 3217 2446 3284 Iovis
2489 3215 2593 3281 die

636 3308 870 3391 opinor
912 3323 1350 3372 successorem
1392 3304 1591 3369 fuisse
1627 3302 1909 3374 electum
1944 3325 1984 3369 a
2017 3304 2080 3368 Ν
2084 3304 2592 3369 eocomensibus.

637 3391 809 3474 Quis
851 3394 956 3470 sit,
1001 3389 1291 3456 nondum
1337 3390 1497 3456 satis
1541 3390 1714 3455 novi.
1802 3387 2118 3472 Suspicor
2159 3396 2381 3455 tamen
2431 3390 2594 3454 Tas-

636 3497 867 3545 samcm
908 3497 1071 3554 esse,
1118 3476 1174 3542 si
1218 3495 1296 3540 eo
1340 3474 1513 3540 trahi
1553 3476 1790 3558 possit:
1838 3489 1984 3552 aut,
2031 3475 2088 3540 si
2133 3496 2284 3540 eum
2327 3484 2597 3540 revocat

640 3585 800 3630 suus
857 3582 1107 3640 comes,
1164 3561 1357 3626 audio
1411 3561 1889 3627 Neocomenses
1954 3561 2198 3626 habere
2249 3562 2319 3626 in
2376 3562 2596 3626 animo

639 3669 849 3717 unum
887 3648 1167 3731 aliquem
1215 3655 1438 3730 petere
1482 3667 1567 3712 ex
1610 3646 1934 3712 Bernensi
1978 3666 2153 3731 agro.

813 3751 918 3817 De
966 3748 1195 3815 Gemite
1251 3757 1478 3814 nostro
1540 3770 1672 3814 non
1730 3747 2045 3813 habemus
2091 3747 2263 3831 quod
2318 3769 2598 3830 conque·

640 3857 883 3903 ramur.
974 3835 1064 3901 Se
1121 3835 1484 3901 ministerio
1541 3835 1728 3899 exuit
1782 3843 1859 3899 ut
1919 3855 1989 3900 se
2038 3836 2364 3899 facturum
2420 3855 2599 3900 rece-

642 3932 847 4007 perat.
935 3922 1073 3987 Res
1139 3930 1471 3985 transacta
1534 3926 1636 3985 est
1700 3919 1881 3984 nullo
1940 3920 2219 4004 negotio.
2308 3919 2600 3986 Proinde

645 4009 815 4074 serio
870 4007 1056 4073 nobis
1110 4004 1530 4091 cogitandum
1591 4007 1717 4070 erit
1773 4003 1854 4070 de
1920 4026 2290 4072 successore
2343 4014 2409 4070 et
2470 4005 2597 4072 col-

645 4094 825 4177 lega,
901 4093 1014 4177 qui
1064 4092 1150 4158 sit
1207 4089 1522 4157 eiusmodi
1580 4099 1657 4155 ut
1720 4111 1852 4155 non
1916 4092 2002 4157 sit
2065 4098 2382 4176 perpetuo
2438 4091 2601 4157 mihi

645 4178 813 4244 illud
857 4177 1322 4245 occinendum:
1366 4177 1641 4244 Utinam
1684 4177 1854 4242 mihi
1895 4177 2210 4262 collegam
2255 4176 2601 4243 dedissetis

648 4273 762 4330 aut
807 4285 939 4329 non
997 4261 1356 4329 dedissetis.
1448 4261 1641 4344 Quod
1694 4264 1749 4327 si
1807 4262 1969 4328 haec
2027 4263 2408 4328 deliberatio
2453 4285 2600 4329 suc·

645 4349 837 4417 cedat
884 4371 969 4414 ex
1018 4355 1168 4413 voto
1216 4348 1457 4414 nostris
1518 4348 1955 4427 senatoribus,
2011 4371 2096 4414 ne
2155 4348 2381 4414 dubita
2437 4348 2604 4412 mihi

644 4436 945 4501 futurum
998 4434 1311 4519 collegam
1366 4454 1671 4517 prorsum
1715 4434 1775 4499 ei
1820 4433 2201 4501 dissimilem
2243 4456 2441 4518 quem
2494 4434 2604 4500 hic

644 4520 829 4587 locus
871 4520 1176 4604 postulat,
1220 4521 1405 4586 cuius
1449 4520 1587 4584 voti
1630 4520 1891 4605 insigne
1934 4520 2265 4604 specimen
2308 4520 2439 4605 ipsi
2473 4522 2601 4585 iam

853 4808 915 4874 5)
959 4809 1178 4878 Scripta
1219 4811 1334 4875 fuit
1375 4812 1495 4864 sinc
1541 4810 1707 4866 dubio
1742 4812 1920 4865 eodem
1958 4810 2048 4865 die
2081 4817 2247 4881 atque
2275 4812 2607 4880 praecedens

647 4880 723 4934 ad
766 4877 1062 4946 Fae-ellum,
1095 4880 1156 4932 in
1190 4893 1301 4948 qua
1338 4894 1404 4932 ex
1433 4887 1594 4948 parte
1626 4879 1808 4934 eadem
1845 4881 2035 4934 iisdem
2069 4881 2247 4934 verbis
2277 4881 2610 4946 referuntur.

656 4947 806 5002 Idem
850 4947 1051 5014 efficies
1085 4962 1151 5000 ea·
1186 4953 1433 5016 sequente
1481 4949 1650 5002 Vir-eti
1693 4966 1831 5018 qeme
1878 4949 1943 5002 de
1976 4954 2149 5003 morte
2186 4948 2495 5016 G'apunculi
2526 4950 2609 5003 ita

647 5016 727 5071 ad
765 5015 1076 5084 Calvinum,
1129 5020 1192 5069 ut
1240 5016 1431 5070 videas
1476 5017 1619 5071 hane
1672 5026 1913 5072 metram
1953 5018 2019 5071 de
2072 5017 2256 5071 eadem
2311 5018 2606 5087 loquentem

650 5084 894 5139 nondum
931 5084 1296 5138 Lausannam
1323 5088 1638 5153 pervenisse
1672 5105 1834 5156 quum
1872 5088 1968 5139 illa
2014 5088 2351 5142 scriberetur.
2413 5086 2606 5140 Etiam

649 5153 717 5208 de
759 5150 984 5208 Comitis
1012 5152 1369 5220 abdicatione,
1406 5170 1545 5224 quae
1579 5175 1631 5209 a.
1669 5156 1718 5209 d.
1759 5155 1886 5209 111.
1927 5155 2123 5209 Nonas
2160 5155 2304 5210 Noc.
2337 5157 2493 5219 facta
2529 5162 2607 5209 est

649 5220 926 5277 nihssdum
967 5221 1212 5276 Genevae
1245 5225 1573 5277 innotuerat.

655 5289 913 5413 ὖῧᾼῆὲ)
949 5289 1021 5344 N.
1060 5289 1176 5413 ἓξ),
1212 5298 1322 5346 not.
1361 5291 1389 5343 1
1439 5293 1536 5347 ubi
1577 5294 1736 5346 etiam
1786 5293 1852 5346 de
1893 5292 2130 5346 Erasmo
2168 5290 2446 5347 cornerio.
2524 5293 2606 5358 Cf.

718 5399 728 5410 .
870 5400 886 5427 ,
921 5365 1034 5413 not.
1105 5399 1119 5414 .

2165 431 2697 541 EPIS'rolgAE
2742 432 3082 498 723-727

4506 424 4605 489 208

2678 616 3043 683 ediderunt.
3134 615 3320 681 Adeo
3375 617 3553 680 enim
3608 622 3768 681 sunt
3820 613 4086 680 solliciti
4129 611 4212 679 de
4254 611 4607 691 ecclesia,²)

2681 703 2762 769 de
2818 703 2984 769 meis
3037 701 3396 780 laboribus,
3450 700 3689 785 quibus
3742 720 3983 785 gravor
4036 719 4240 783 supra
4294 699 4472 763 vires
4487 747 4504 776 ,
4550 707 4611 762 ut

2679 790 2814 854 iam
2854 789 2985 874 ipsi
3028 787 3111 854 de
3152 784 3571 872 adiungendo
3615 785 3782 850 mihi
3823 785 4072 870 collega
4107 806 4240 850 non
4276 783 4488 849 solum
4520 781 4611 848 de-

2680 873 3042 953 liberarint,
3088 874 3376 957 primum
3421 874 3490 937 in
3534 870 3816 955 publicis
3850 870 4250 949 diversoriis,
4295 867 4528 934 deinde
4555 868 4614 933 in

2682 981 2802 1027 suo
2844 969 3079 1026 senatu
3096 1010 3113 1038 ,
3169 957 3284 1025 sed
3338 959 3539 1024 etiam
3582 955 3653 1022 id
3696 957 3954 1024 efficere
3995 956 4218 1024 conati
4260 956 4398 1020 sint
4439 954 4617 1020 missa

2682 1045 2976 1111 Bernam
3032 1045 3356 1130 legatione
3411 1065 3577 1127 quae
3642 1043 4029 1127 impetraret
4091 1062 4286 1125 quem
4345 1040 4479 1124 ipsi
4531 1061 4618 1105 me

2681 1132 2892 1197 inscio
2927 1137 2995 1196 et
3026 1131 3394 1197 inconsulto
3437 1130 3563 1196 sibi
3606 1129 4003 1214 delegerant,
4046 1127 4243 1211 idque
4286 1126 4449 1192 adeo
4492 1123 4617 1190 dili·

2684 1225 2919 1302 genter
2996 1224 3072 1281 ut
3136 1236 3343 1299 paene
3419 1217 3604 1299 prius
3681 1235 4070 1298 responsum
4136 1235 4176 1279 a
4242 1210 4622 1278 Bernatibus

2683 1302 3091 1385 acceperint,
3144 1323 3342 1386 quam
3408 1302 3621 1367 Comes
3672 1302 3825 1366 huic
3882 1300 4142 1366 senatui
4194 1296 4622 1373 valedixisset,

2682 1410 2791 1453 me
2834 1398 2902 1452 et
2943 1387 3180 1453 Ribiuo
3236 1388 3709 1470 praesentibus.
3797 1386 3972 1451 Nam
4015 1385 4083 1451 id
4129 1385 4269 1468 egit
4311 1382 4419 1448 die
4463 1381 4626 1448 Iovis

2682 1474 3003 1556 proximo.
3085 1473 3351 1538 Literae
3395 1482 3616 1538 autem
3660 1472 4029 1538 Bernatum
4073 1472 4238 1536 mihi
4283 1470 4390 1535 die
4434 1468 4628 1533 domi·

2685 1560 2831 1624 nico
2876 1559 3177 1642 sequenti
3221 1558 3512 1623 redditae
3558 1567 3740 1636 sunt,
3788 1557 3903 1624 sed
3944 1557 4173 1641 quales
4217 1556 4480 1640 legatus
4518 1555 4629 1619 im-

2686 1658 2944 1728 petrare
2977 1645 3311 1710 noluisset.
3354 1645 3531 1709 Eum
3566 1654 3999 1727 poposcerant
4031 1663 4225 1726 quem
4247 1646 4318 1707 et
4337 1640 4631 1707 Lustria-

2686 1751 2932 1808 censes,
2978 1728 3094 1795 sed
3138 1731 3425 1813 prudens
3470 1742 3737 1795 senatus
3782 1729 3950 1795 nihil
3985 1731 4169 1813 prius
4205 1736 4497 1794 statuere
4531 1745 4636 1790 vo-

2684 1815 2810 1881 luit
2843 1836 3042 1899 quam
3081 1816 3308 1882 classis
3342 1815 3466 1881 hac
3502 1815 3582 1880 de
3618 1838 3690 1881 re
3726 1815 4149 1882 deliberasset
4170 1822 4236 1878 et
4260 1811 4635 1880 ministrum

2689 1901 2994 1985 elegisset
3036 1901 3297 1985 qualem
3342 1902 3778 1968 ecclesiastica
3813 1900 4160 1984 disciplina
4194 1899 4426 1984 exigit,
4474 1896 4638 1981 quod

2688 1987 2901 2052 literis
2938 1987 3419 2053 honestissimis
3456 1998 3522 2052 et
3545 1987 3961 2054 amicissimis
3998 1985 4183 2051 nobis
4218 1984 4636 2070 significavit:

2689 2094 2854 2157 quae
2888 2073 3056 2138 mihi
3090 2073 3379 2155 primum
3410 2084 3490 2138 ut
3523 2073 3768 2140 decano
3803 2073 4096 2139 redditae
4131 2081 4289 2138 sunt
4322 2091 4364 2135 a
4397 2068 4639 2137 civium

2689 2160 3004 2243 magistro
3049 2170 3116 2223 et
3159 2159 3363 2235 altero
3419 2169 3719 2225 senatore
3772 2179 3924 2224 cum
3969 2159 4329 2223 honorifica
4373 2176 4639 2221 excusa·

2691 2246 2886 2310 tione.
2963 2243 3197 2325 Qualis
3240 2254 3460 2310 autem
3502 2266 3644 2311 esse
3687 2246 3974 2329 potuerit
4012 2247 4083 2308 in
4130 2253 4265 2308 tam
4309 2241 4641 2326 praeclaro

2690 2351 2917 2397 eorum
2961 2330 3280 2408 facinore,
3337 2339 3412 2395 tu
3457 2331 3595 2414 ipse
3637 2333 3914 2410 coniice,
3960 2353 4036 2397 ac
4079 2329 4276 2396 simul
4322 2329 4549 2413 cogita
4586 2334 4645 2392 et

2690 2415 2901 2483 scribe
2963 2414 3120 2498 quid
3185 2415 3350 2481 mihi
3413 2417 3786 2482 faciendum
3848 2437 3992 2483 esse
4048 2424 4279 2500 putes,
4340 2425 4407 2479 et
4454 2432 4644 2497 quem

2691 2500 2940 2567 iudices
2982 2501 3170 2567 nobis
3214 2502 3535 2584 aptiorem
3591 2502 3892 2568 futurum
3914 2554 3928 2580 ,
3989 2513 4056 2566 et
4098 2522 4228 2584 qua
4268 2500 4381 2566 via
4422 2521 4647 2566 oecur-

2692 2587 2970 2652 rendum
3016 2587 3104 2652 sit
3147 2588 3337 2653 malis
3387 2588 3723 2653 hominum
3767 2587 4021 2654 studiis.
4080 2588 4230 2653 Non
4271 2585 4540 2670 disputo
4575 2583 4650 2648 de

2691 2673 2960 2738 homine
3016 2693 3210 2756 quem
3265 2672 3426 2737 mihi
3479 2673 3830 2740 obtrudere
3883 2674 4100 2740 conati
4158 2681 4348 2750 sunt,
4407 2671 4534 2738 sed
4577 2667 4653 2734 de

2694 2760 2820 2823 via.
2911 2757 3016 2825 De
3064 2759 3354 2824 Tussano
3396 2757 3580 2826 vides
3622 2760 3779 2844 quid
3839 2761 3926 2825 sit
3967 2756 4397 2842 sperandum,
4464 2763 4536 2823 et
4577 2754 4653 2819 de

2699 2843 2949 2909 Farello
3008 2845 3170 2909 satis
3228 2845 3516 2912 coniicis.
3537 2849 3594 2920 Β)
3683 2846 4021 2923 Arbitror,
4077 2854 4263 2910 metu
4316 2863 4523 2927 quem
4580 2839 4656 2905 de

2697 2930 2953 2996 Farezzo
3012 2941 3446 3014 conceperant
3511 2940 3628 2996 aut
3691 2933 4020 2999 severiore
4087 2931 4304 3015 aliquo
4369 2939 4655 3014 pastore,

2696 3027 2953 3082 nostros
3016 3015 3305 3081 voluisse
3368 3017 3754 3084 electionem
3833 3023 4129 3083 nostram
4207 3022 4658 3101 praevertere.

2696 3104 2848 3169 Non
2892 3104 3070 3168 enim
3113 3104 3464 3170 obscurum
3509 3115 3610 3171 est
3653 3103 3808 3188 quid
3850 3104 4137 3188 cupiant.
4206 3102 4546 3188 Optarim,
4590 3105 4663 3165 ut

2696 3187 2946 3267 scribis,
2990 3197 3204 3255 tecum
3249 3188 3558 3275 congredi
3603 3198 3670 3255 et
3711 3189 4020 3274 colloqui,
4069 3188 4184 3256 sed
4227 3189 4450 3255 omnis
4497 3184 4666 3252 mihi

2697 3275 2951 3341 occasio
3004 3274 3334 3340 adimitur.
3419 3275 3568 3342 Non
3628 3297 3894 3359 possum
3947 3276 4106 3342 hinc
4158 3274 4351 3342 facile
4405 3275 4662 3341 abesse.

2699 3359 2911 3444 Spero
2956 3381 3075 3425 nos
3116 3359 3302 3427 brevi
3345 3361 3737 3445 legationem
3783 3362 4076 3427 Bernam
4125 3361 4446 3427 missuros
4494 3358 4665 3425 mul-

2700 3457 2802 3512 tas
2846 3446 2928 3512 ob
2972 3466 3230 3525 causas,
3288 3449 3709 3531 suspicorque
3758 3449 3898 3514 fore
3950 3459 4029 3512 ut
4071 3447 4156 3513 eli
4294 3497 4310 3525 ,
4364 3447 4506 3512 nisi
4554 3442 4671 3510 ali-

2701 3534 2846 3616 quis
2890 3534 3102 3616 magis
3157 3532 3433 3599 idoneus
3489 3534 3752 3599 invenir
3833 3535 4057 3617 possit.
4205 3531 4313 3598 ide
4354 3533 4578 3617 igitur
4617 3528 4671 3594 si

2746 3615 2857 3682 uid
2915 3618 3118 3683 habes
3176 3618 3310 3684 illic
3365 3617 3731 3684 curandum
3784 3640 3900 3702 per
3956 3641 4109 3685 eum
4161 3618 4277 3703 qui
4335 3618 4671 3683 mittetur.

2702 3640 2901 3784 Quod
2955 3704 3349 3787 scripseram
3391 3704 3473 3769 de
3516 3706 3824 3780 Amata⁴)
3870 3726 4008 3770 non
4064 3704 4213 3770 ideo
4267 3705 4673 3788 scripseram

2704 3800 2780 3855 ut
2835 3801 2949 3855 tua
3003 3790 3306 3854 abuterer
3363 3810 3564 3875 opera
3617 3792 3688 3855 in
3745 3812 3817 3855 re
3877 3798 4012 3856 tam
4078 3790 4334 3856 frivola.
4426 3789 4675 3856 Solum

2704 3875 3042 3943 consilium
3084 3875 3405 3958 petebam,
3450 3897 3612 3941 num
3656 3876 3958 3942 deberem
4000 3884 4316 3962 repetere,
4363 3878 4535 3958 quia
4580 3874 4675 3938 vi·

2703 3960 2870 4026 duae
2911 3982 3019 4025 me
3063 3961 3430 4027 miserebat.
3516 3961 3806 4027 Proinde
3864 3961 4204 4046 cupiebam
4248 3963 4505 4027 rescire
4551 3978 4679 4044 quo

2703 4047 2771 4111 in
2793 4056 2971 4112 statu
3007 4054 3225 4112 essent
3258 4067 3365 4113 res
3402 4049 3562 4113 eius.
3609 4047 3838 4113 Nostri
3873 4058 3939 4113 te
3973 4068 4201 4113 omnes
4237 4047 4681 4113 vehementer

2704 4133 3008 4199 salutant.
3099 4131 3338 4198 Saluta
3380 4133 3622 4199 amicos
3664 4143 3733 4198 et
3777 4144 4181 4219 symmystas
4225 4142 4408 4213 tuos,
4460 4128 4681 4198 nomi·

2703 4219 2912 4283 natim
2959 4239 3251 4284 uxorem.
3311 4219 3467 4285 Mea
3510 4231 3576 4283 te
3621 4218 3976 4301 plurimum
4023 4222 4267 4286 salutat
4307 4229 4377 4284 et
4419 4240 4503 4284 se
4551 4216 4682 4283 tuis

2704 4303 3005 4387 precibus
3051 4303 3478 4371 commendat.
3544 4305 3733 4370 Vale.
3801 4306 4220 4386 Lausannae,
4258 4311 4315 4371 3.
4340 4301 4681 4371 Novemb.

3852 4478 4034 4543 Tuus
4078 4479 4155 4544 P.
4196 4477 4505 4544 Vin-etus.

2918 4662 2978 4728 2)
3017 4663 3236 4719 Scilicet
3270 4664 3502 4734 aliquem
3548 4666 3748 4721 habere
3781 4666 4071 4734 cupiebant
4144 4665 4205 4718 ui
4234 4666 4385 4719 circa
4419 4665 4498 4718 d·
4576 4665 4590 4676 ”
4656 4664 4688 4703 ’-

2708 4750 2837 4786 nam
2873 4734 2899 4785 i
2976 4735 2985 4745 ”
3046 4733 3390 4798 commodior,
3436 4736 3617 4789 Vireto
3650 4741 3701 4788 et
3738 4734 3961 4788 Farello
3994 4682 4326 4787 mdaemteor
4357 4734 4535 4798 foret.
4637 4747 4689 4786 o-

2709 4808 2905 4857 carane
2944 4802 3205 4856 Iacobum
3255 4802 3438 4857 Valier
3470 4819 3538 4857 etc
3576 4805 3791 4858 Albona
3828 4802 4075 4864 (Ruckat
4111 4802 4182 4855 V.
4215 4800 4362 4867 29⁷).

2713 4937 2836 5006 (697
2889 4869 2992 4992 7⁸33
3026 4869 3144 5005 De)
3170 4869 3393 4925 Farello
3462 4872 3827 4926 Lausannam
3903 4871 4145 4926 vocando
4214 4887 4391 4939 nuper
4448 4871 4695 4940 saep-1⁸⁸

2839 4979 2854 4994 .
3026 4946 3119 4993 etc.

2920 5005 2981 5072 4)
3021 5010 3166 5062 alias
3201 5007 3454 5062 Amadea
3495 5006 3708 5062 Gru-ini
3747 5008 3899 5063 vdua
3935 5006 4081 5072 (713.
4117 5004 4235 5060 715.
4277 5005 4422 5073 721).

3574 5254 3613 5260 ..-
3622 5253 3894 5261 -σμ--φ-..-Ἦ
