4825 6175
642 421 766 487 611

639 607 758 671 ito.
846 603 986 669 Nec
1041 621 1203 669 vero
1260 602 1388 665 ista
1446 603 1832 682 arroganter
1892 617 1933 663 a
1975 617 2082 662 me
2125 596 2371 680 scripta
2413 602 2606 679 putes

640 690 869 765 velim,
916 686 1032 754 sed
1067 707 1213 750 meo
1256 687 1325 750 in
1351 694 1418 750 te
1440 686 1659 749 animo
1699 690 1925 765 (quem
1947 681 2250 749 cohibere
2271 680 2607 747 interdum

642 778 721 841 in
769 775 1034 839 homine
1079 773 1280 837 situm
1329 791 1458 836 non
1496 780 1616 848 est,
1671 769 1975 851 ultraque
2015 768 2225 833 lineas
2268 775 2337 832 et
2379 767 2605 832 termi-

646 881 770 926 nos
815 858 922 923 vel
965 859 1215 923 invitos
1262 857 1646 939 plerumque
1690 850 1891 937 rapit)
1952 859 2019 918 et
2072 851 2291 919 studio
2346 852 2605 936 ingenti

645 945 1012 1023 adscribas,
1076 963 1116 1007 a
1179 951 1245 1007 tc
1309 942 1755 1022 maximopere
1823 937 2165 1004 contendo.
2274 937 2450 1002 Nam
2512 937 2608 1002 ita

647 1030 814 1095 mihi
857 1031 928 1094 in
973 1029 1266 1093 animum
1325 1026 1538 1092 multo
1582 1034 1735 1090 ante
1779 1023 2042 1089 induxi:
2112 1024 2168 1090 si
2213 1023 2336 1089 tibi
2380 1022 2605 1089 decem

648 1112 1106 1199 συμφράδμονες
1173 1112 1416 1189 dentur
1478 1110 1579 1175 tui
1641 1111 1851 1194 ipsius
1997 1109 2314 1188 rsimiles‚
2378 1107 2607 1192 quales

643 1200 760 1266 ille
801 1200 1113 1265 Nestorea
1156 1195 1511 1280 exoptabat
1546 1194 1629 1260 ad
1663 1196 1890 1279 capien
1940 1215 2050 1261 am
2091 1195 2376 1272 Troiam,
2414 1193 2607 1259 facile

648 1284 1066 1369 evangelium
1110 1282 1603 1365 sanctioresque
1646 1302 1867 1347 musas
1922 1302 2008 1345 ex
2049 1278 2425 1345 idololatria
2467 1299 2606 1344 me·

650 1368 761 1436 dia
818 1377 1158 1452 receptum
1217 1368 1317 1431 iri.
1429 1368 1661 1433 Placet
1726 1387 1886 1432 sane
1948 1365 2199 1432 Christi
2266 1363 2605 1447 discipulis

647 1455 945 1538 beneque
1010 1453 1092 1518 de
1158 1452 1496 1537 evangelio
1561 1450 1998 1517 sentientibus
2072 1450 2197 1517 hoc
2274 1448 2605 1515 iudicium.

647 1540 787 1607 Sed
830 1551 905 1605 ut
947 1537 1031 1605 ad
1074 1558 1216 1604 rem
1271 1535 1563 1613 redeam,
1623 1535 2071 1604 misericordia
2112 1536 2231 1601 illa
2271 1544 2419 1613 tua,
2479 1554 2607 1618 qua

646 1626 720 1691 in
763 1626 1036 1690 fratrem
1081 1642 1302 1689 meum
1347 1644 1505 1688 usus
1564 1643 1652 1701 es,
1712 1622 1808 1687 ita
1851 1620 2100 1687 nobiles
2142 1619 2462 1704 quosdam
2508 1620 2605 1686 vi·

648 1730 761 1775 ros
807 1732 882 1776 ac
926 1708 1138 1776 claros
1172 1709 1286 1790 qui
1322 1708 1429 1773 hic
1464 1715 1654 1773 erant
1690 1705 2003 1784 accendit,
2050 1714 2127 1771 ut
2168 1706 2250 1771 ab
2294 1725 2408 1771 ore
2453 1727 2607 1771 nar-

646 1796 857 1861 rantis
898 1795 1123 1859 fratris
1164 1792 1456 1857 triduum
1502 1812 1704 1876 prope
1748 1791 2243 1875 perpenderint:
2297 1792 2460 1856 adeo
2505 1791 2606 1855 iu-

650 1880 866 1947 cunda
930 1889 1076 1944 erat
1137 1879 1456 1956 narratio,
1524 1899 1728 1960 eoque
1792 1900 1858 1943 m
1951 1878 2004 1941 ‘s
2068 1876 2239 1961 quod
2305 1875 2608 1942 omnibus

649 1965 947 2049 partibus
980 1966 1049 2029 in
1088 1985 1164 2028 eo
1194 1963 1511 2028 modestia
1533 1983 1678 2028 sese
1712 1971 1896 2028 osten
1945 1970 2103 2041 eret,
2140 1983 2335 2046 quam
2370 1961 2607 2027 afferre

654 2049 1072 2133 evangelium
1130 2047 1528 2114 asserebant.
1627 2048 1720 2112 Et
1780 2051 2021 2112 mirum
2083 2047 2346 2130 quidem
2413 2057 2610 2130 atque

649 2134 1033 2202 incredibile
1077 2134 1265 2199 nobis
1311 2133 1434 2199 hoc
1479 2132 1746 2211 accidit,
1806 2133 1920 2215 qui
1979 2152 2191 2216 nuper
2246 2132 2610 2198 monachus

652 2221 779 2285 fuit
822 2226 1005 2299 (nam
1053 2218 1176 2283 hoc
1219 2239 1429 2303 genus
1482 2218 1928 2284 animantium
1980 2225 2055 2283 ut
2099 2217 2463 2302 plurimum
2507 2219 2610 2282 in-

652 2305 872 2371 solens
889 2355 905 2382 ,
961 2302 1499 2382 immoderatum,
1555 2303 1837 2383 elatum,
1911 2301 2406 2385 superciliosum
2467 2322 2609 2368 esse

654 2390 849 2473 solet)
893 2399 1030 2454 tam
1089 2389 1219 2454 cito
1264 2396 1526 2471 tamque
1580 2388 1765 2455 brevi
1822 2408 1965 2454 sese
2018 2386 2358 2471 collegisse
2410 2395 2610 2471 atque

650 2497 723 2541 re
773 2476 1060 2539 ressisse.
1151 2474 1427 2539 Praeter
1473 2472 1814 2539 Christum
1877 2480 1944 2538 et
1997 2474 2137 2539 eius
2193 2473 2610 2556 evangelium

649 2561 719 2626 ni
769 2560 818 2624 il
864 2559 1155 2636 sonabat,
1201 2580 1334 2625 non
1381 2558 1654 2637 iurabat,
1700 2580 1833 2623 non
1880 2557 2265 2623 detrahebat
2308 2557 2388 2622 de
2432 2556 2612 2623 fama

650 2647 1051 2728 cuiusquam.
1165 2642 1342 2726 Quid
1408 2642 1642 2727 plura?
1750 2644 1857 2709 Ex
1923 2644 2005 2708 iis
2071 2642 2376 2709 omnibus
2443 2664 2611 2725 quae

655 2730 826 2796 dixit
869 2729 1206 2794 autetiam
1230 2729 1399 2806 fecit,
1443 2729 1536 2794 sic
1558 2729 1859 2794 omnium
1891 2729 2334 2794 inflammavit
2356 2729 2613 2794 animos

651 2836 812 2900 erga
850 2835 985 2892 vos,
1032 2822 1109 2879 ut
1151 2835 1283 2878 non
1329 2813 1710 2898 priusquam
1755 2813 2051 2894 viserint,
2098 2835 2135 2878 e
2171 2815 2310 2880 loco
2352 2812 2614 2879 editiori

651 2899 1016 2977 audierint,
1082 2899 1218 2964 sint
1281 2899 1708 2983 conquieturi.
1818 2899 2136 2966 Narravit
2205 2906 2282 2964 ut
2341 2899 2615 2965 Lutetia

650 2985 811 3049 illuc
865 2982 948 3049 ad
1013 3005 1132 3049 vos
1190 2984 1458 3049 hortatu
1521 2983 1744 3050 fratris
1810 2992 1879 3050 et
1943 2986 2234 3050 virorum
2290 2982 2612 3050 bonorum

653 3070 924 3138 consilio
967 3069 1443 3155 commigravit,
1487 3092 1617 3153 qua
1661 3069 1875 3155 gratia
1917 3079 1986 3136 et
2027 3070 2296 3136 nomine
2337 3068 2406 3135 id
2448 3070 2616 3136 fece-

653 3157 761 3232 rit,
807 3164 1185 3239 quantoque
1228 3176 1423 3238 opere
1465 3155 1648 3221 illius
1682 3176 1879 3222 causa
1912 3156 2119 3223 fueris
2153 3155 2492 3234 sollicitus,
2537 3162 2615 3220 ut

653 3261 857 3326 quum
902 3241 1050 3307 istic
1094 3249 1237 3306 erat
1280 3243 1542 3307 animus
1585 3261 1795 3306 annos
1832 3241 2082 3326 aliquot
2116 3239 2352 3326 degere
2386 3240 2615 3306 literas

653 3347 815 3410 quas
858 3324 1126 3408 optabat
1181 3325 1581 3410 perdisceret
1596 3377 1612 3404 ,
1671 3326 1784 3392 sed
1838 3326 1905 3392 id
1964 3348 2084 3411 per
2138 3326 2426 3410 inopiam
2479 3346 2615 3391 non

653 3412 948 3496 potuisse
990 3431 1362 3495 quanquam
1408 3412 1490 3477 ab
1541 3411 1702 3495 ipsis
1727 3431 1951 3497 ,aegre
1995 3411 2433 3477 divelleretur.
2522 3412 2617 3476 Et

656 3497 967 3580 quoniam
1021 3494 1146 3562 hac
1202 3516 1338 3561 non
1394 3508 1823 3575 successerat,
1885 3497 2050 3562 alias
2107 3518 2247 3563 esse
2305 3503 2372 3561 te
2413 3503 2616 3579 atque

655 3581 817 3647 alias
862 3602 1247 3733 aggressum
1293 3582 1435 3648 vias
1479 3590 1555 3646 ut
1597 3582 1738 3649 loco
1796 3581 2013 3665 aliquo
2071 3580 2296 3647 sedulo
2338 3580 2614 3647 colloca-

653 3676 857 3745 retur,
903 3689 947 3732 u
993 3668 1016 3731 i
1051 3673 1258 3731 artem
1293 3667 1582 3749 aliquam
1617 3664 2016 3749 perdisceret
2050 3687 2133 3731 ex
2170 3687 2302 3750 qua
2336 3665 2615 3733 honeste

657 3772 779 3817 nec
821 3752 964 3817 sine
1006 3761 1282 3834 quaestu
1326 3761 1551 3835 posset
1586 3751 1936 3835 aliquando
1970 3752 2222 3818 victum
2267 3749 2393 3817 sibi
2436 3773 2614 3818 com-

656 3856 907 3920 parare.
979 3836 1127 3903 Hac
1171 3834 1439 3921 quidem
1479 3836 1884 3916 successisse,
1931 3859 2008 3903 ac
2051 3857 2170 3920 pro
2213 3845 2363 3903 voto
2403 3857 2616 3921 paene

655 3921 982 3988 cecidisse.
1072 3921 1207 3988 Sed
1246 3921 1534 4004 undique
1591 3942 1660 3987 se
1711 3922 2027 3988 miserum
2083 3942 2383 4006 pressum
2427 3942 2614 4007 eges-

656 4014 796 4072 tate
839 4014 1034 4089 atque
1079 4007 1319 4090 inopia,
1375 4015 1450 4071 ut
1493 4027 1625 4072 non
1669 4006 1861 4072 modo
1904 4008 2315 4090 pecuniolam
2359 4029 2490 4091 qua
2534 4007 2614 4072 de

660 4092 977 4176 agebatur
1022 4091 1436 4175 suppeditare
1490 4092 1564 4157 in
1606 4094 2008 4175 praesentia,
2067 4091 2182 4158 sed
2227 4115 2310 4158 ne
2349 4112 2616 4176 sperare

659 4177 920 4261 quidem
968 4176 1210 4241 audere
1254 4198 1375 4241 nec
1419 4187 1756 4259 praestare
1800 4178 2172 4244 teruncium
2216 4200 2301 4243 ex
2344 4198 2415 4243 se
2461 4199 2614 4244 con-

656 4264 969 4340 firmaret,
1015 4263 1080 4326 ni
1127 4262 1270 4344 quis
1316 4261 1633 4327 divinitus
1688 4283 1769 4326 ex
1809 4262 2141 4347 insperato
2183 4272 2613 4329 succurreret.

657 4348 890 4431 Itaque
935 4345 1018 4411 ad
1061 4345 1298 4412 fratres
1343 4348 1604 4413 venisse
1648 4366 1750 4425 se,
1808 4369 2001 4431 opem
2054 4356 2248 4431 atque
2288 4348 2614 4413 auxilium

657 4432 1183 4515 imploraturum.
1245 4429 1434 4513 Quae
1479 4429 1776 4517 equidem
1802 4452 1923 4515 pro
1947 4434 2161 4500 officio
2186 4443 2407 4499 nostro
2432 4434 2614 4499 nullo

657 4516 850 4581 modo
894 4538 1239 4599 possumus
1282 4538 1592 4599 unquam,
1638 4518 2242 4602 quantulacumque
2277 4530 2453 4597 sunt,
2500 4519 2614 4584 de-

656 4622 918 4686 negare.
1008 4602 1178 4666 Nam
1240 4603 1298 4668 si
1355 4603 1437 4669 ab
1492 4623 1708 4686 nuper
1775 4603 2094 4688 pauloque
2158 4614 2314 4671 ante
2366 4605 2613 4690 ignotis

656 4699 930 4769 repento
975 4697 1111 4752 tam
1148 4687 1523 4753 humaniter
1581 4697 1682 4754 est
1739 4700 2075 4773 acceptus,
2130 4690 2287 4773 quid
2346 4692 2470 4774 ipsi
2514 4691 2610 4755 fa-

630 4773 924 4850 ciamus,
972 4793 1167 4856 quem
1189 4770 1386 4837 iidem
1430 4783 1758 4856 parentes,
1800 4775 2029 4840 eadem
2065 4775 2318 4855 domus,
2362 4798 2611 4858 mensa,

655 4858 903 4937 victus,
963 4857 1180 4923 studia
1224 4857 1504 4941 denique
1557 4860 1639 4925 ab
1691 4861 2107 4927 incunabulis
2149 4862 2342 4928 nobis
2381 4862 2609 4927 coniu-

656 4953 918 5026 garunt.
1008 4940 1186 5007 Sane
1229 4944 1284 5008 si
1329 4943 1522 5009 alit-er
1563 4945 1697 5023 fiat,
1752 4955 2083 5012 extremae
2126 4948 2333 5015 simus
2375 4948 2611 5012 imma-

655 5028 883 5092 nitatis
940 5048 1016 5093 ar
1108 5028 1279 5096 endi.
1388 5028 1623 5112 Itaque
1680 5029 1836 5096 dum
1891 5032 1955 5097 ei
2009 5034 2485 5112 succurrimus,
2544 5033 2610 5099 id

657 5120 760 5177 cst
804 5112 960 5177 dum
1003 5112 1184 5176 ilam
1241 5133 1571 5180 summam
1614 5117 1927 5199 pecuniae
1987 5120 2377 5198 conflamus,
2440 5119 2610 5185 desi-

653 5217 814 5261 nam
857 5196 1132 5281 posthac
1180 5197 1302 5262 tibi
1347 5220 1492 5265 esse
1536 5201 1881 5281 molestus,
1928 5204 1982 5268 si
2046 5226 2252 5270 unum
2299 5204 2423 5270 hoc
2468 5224 2506 5268 a
2546 5217 2610 5270 te

649 5293 1100 5366 consequutus
1143 5283 1345 5363 fuero,
1391 5294 1467 5351 ut
1509 5287 1634 5370 ipsi
1692 5307 1812 5371 per
1869 5300 1934 5353 te
1977 5301 2044 5353 et
2083 5292 2301 5357 virum
2345 5289 2609 5371 bonum,

2199 407 2729 512 srrsronffl
2776 411 3117 475 961-964

4519 412 4617 475 612

2710 595 2815 663 cui
2859 615 3048 661 suam
3091 595 3295 662 trium
3338 615 3665 661 annorum
3707 595 3950 662 locavit
4005 614 4291 680 operam,
4347 594 4419 660 in
4458 616 4622 661 evan-

2711 681 2955 765 gelium
3000 689 3068 746 et
3109 702 3256 746 eam
3302 687 3512 747 artem
3548 679 3632 746 ad
3675 701 3874 765 quam
3918 681 4214 747 animum
4260 679 4502 764 appulit
4528 680 4625 746 ali·

2712 787 2905 850 quem
2948 766 3213 832 interim
3257 787 3680 867 progressum
3732 766 3950 831 facere
4004 765 4216 833 liceat.
4321 766 4414 830 Et
4489 787 4625 831 uan-

2711 874 2909 935 quam
2943 849 3356 936 quorundam
3391 852 3638 917 iniuria
3670 872 3777 916 res
3814 852 3998 919 nobis
4033 852 4120 917 sit
4155 858 4436 936 angusta
4504 851 4626 930 omi,

2713 938 2936 1023 exigui
2980 959 3136 1005 vero
3196 947 3511 1021 quaestus
3569 958 3687 1022 per
3741 935 3941 1020 bella,
3999 958 4169 1021 quae
4223 937 4329 1002 his
4384 938 4450 1002 in
4498 937 4628 1004 loeis

2712 1022 2827 1088 diu
2869 1032 3168 1108 grassata
3209 1024 3431 1089 omnia
3458 1041 3691 1106 paene
3746 1023 4230 1103 exhauserunt,
4272 1022 4410 1089 -hoc
4441 1028 4631 1087 tamen

2709 1109 2829 1174 tibi
2869 1110 3177 1192 polliceor
3219 1131 3294 1175 ac
3338 1109 3579 1192 recipio
3613 1110 3770 1189 fore,
3814 1128 3923 1173 me
3956 1118 4033 1174 ut
4071 1115 4219 1193 post
4252 1129 4386 1174 non
4426 1107 4633 1174 multos

2709 1214 2970 1261 menses
3014 1193 3261 1260 iudices
3305 1194 3410 1262 cui
3451 1194 3651 1260 fidem
3694 1193 3968 1279 posthac
4014 1195 4283 1275 habeas,
4326 1192 4437 1260 vel
4474 1194 4526 1260 si
4561 1193 4632 1257 sit

2710 1279 2878 1344 mihi
2918 1282 3157 1346 misere
3201 1278 3641 1347 serviendum.
3734 1277 3919 1344 Adeo
3976 1279 4143 1346 mihi
4198 1301 4393 1347 carus
4445 1279 4632 1357 stater,

2712 1371 2939 1431 tantus
2983 1386 3167 1431 amor
3202 1367 3415 1467 pietas
3460 1386 3544 1430 ue
3587 1366 3659 1430 in
3680 1363 4025 1431 Christum
4069 1366 4342 1449 eiusque
4384 1384 4636 1448 evange-

2709 1448 2891 1516 lium.
2979 1450 3127 1517 Hoc
3171 1473 3225 1518 su
3270 1450 3367 1516 illi
3467 1450 3707 1529 ederis,
3763 1449 3872 1516 vel
3929 1451 4119 1517 nobis
4176 1450 4430 1534 potius,
4483 1449 4636 1525 scito,

2709 1534 2816 1601 vir
2858 1538 3037 1600 omni
3081 1535 3275 1602 laude
3319 1536 3864 1613 cumulatissime,
3925 1544 4063 1602 tres
4119 1536 4360 1602 fratres
4402 1535 4638 1602 iamiam

2711 1642 2855 1687 esse
2900 1621 3208 1687 sollicitos
3243 1628 3319 1687 ut
3361 1623 3430 1693 in
3479 1621 3777 1688 Gar-olum
3817 1622 4059 1688 merita
4101 1629 4218 1688 tua
4259 1621 4429 1688 bene
4472 1619 4638 1687 collo-

2712 1715 2860 1772 cata
2901 1729 3044 1773 esse
3083 1707 3448 1775 videantur.
3541 1706 3931 1792 Cognosces,
3996 1708 4065 1773 ni
4107 1707 4316 1788 fallor,
4362 1714 4433 1774 et
4471 1728 4548 1772 ex
4582 1724 4642 1769 rc

2713 1800 2781 1857 et
2834 1800 3157 1876 tempore,
3222 1793 3503 1876 denique
3558 1814 3762 1878 quum
3818 1793 3998 1860 voles
4042 1794 4409 1877 experiere,
4477 1811 4643 1876 quam

2713 1878 3120 1961 gratissimos
3162 1888 3300 1944 tres
3334 1879 3573 1944 fratres
3618 1880 3748 1945 tuis
3783 1879 4012 1945 officiis
4046 1877 4525 1944 immortalibus
4549 1876 4642 1942 ad-

2715 1962 3083 2029 strinxeris.
3172 1962 3309 2030 Sed
3352 1985 3661 2047 quorsum
3705 1972 3843 2029 tam
3886 1963 4137 2029 multa?
4226 1965 4394 2030 Exit
4436 1965 4510 2028 in
4549 1980 4646 2030 vo-

2713 2048 2939 2114 lumen
2984 2049 3255 2132 epistola
3297 2063 3527 2113 contra
3580 2051 3976 2115 institutum.
4067 2048 4183 2116 Sic
4225 2051 4404 2116 enim
4440 2067 4646 2133 perpe-

2715 2142 2832 2197 tuo
2878 2132 3179 2213 iudicavi,
3228 2155 3357 2200 non
3418 2156 3560 2201 esse
3599 2136 3703 2199 tui
3745 2134 3994 2200 similes
4035 2133 4466 2201 multitudine
4520 2153 4649 2201 ver-

2716 2219 2946 2284 borum
2992 2218 3461 2297 obtundendos,
3507 2220 3621 2285 ubi
3665 2220 3918 2286 Christi
3968 2221 4234 2286 nomine
4279 2229 4381 2285 est
4424 2215 4648 2302 aliquid

2715 2304 3165 2370 obtinendum.
3251 2304 3490 2389 Itaque
3533 2306 3802 2384 valebis,
3869 2306 3976 2371 vir
4019 2306 4434 2373 sanctissime
4476 2312 4650 2387 atque

2715 2390 2983 2473 optime,
3029 2411 3276 2474 nosque
3318 2400 3618 2456 amantes
3654 2392 3748 2456 tui
3784 2412 4017 2476 perges
4051 2400 4127 2456 ut
4161 2412 4273 2458 coe
4318 2392 4431 2457 isti
4468 2389 4650 2473 respi-

2712 2496 2878 2542 cere.
2965 2475 3152 2540 Vale.
3242 2476 3356 2542 Kl.
3403 2477 3721 2542 Novemb.
3769 2477 3862 2543 M.
3902 2479 3984 2542 D.
4020 2413 4318 2542 XLva

3617 3087 3767 3161 soz.

3197 3205 3699 3328 sisennus
3745 3259 4182 3330 oALvmo.

2895 3445 3291 3514 Commendat
3334 3446 3682 3513 Henrieum
3728 3446 4068 3516 Francmn.

2721 3635 2834 3702 (Ex
2870 3634 3206 3704 autographo
3242 3634 3383 3688 Bibl.
3433 3641 3714 3758 pgsgoffirr
3734 3635 4217 3773 l{egat-›Jinensium
4289 3640 4431 3712 Epp.
4470 3638 4649 3695 Farelli

2888 3906 3142 3974 Christi
3184 3929 3375 3975 servo
3418 3908 3654 3975 Ioanni
3698 3910 3977 3978 Calvino
4019 3910 4212 3979 fiatri

4123 4032 4456 4102 Genevae.

2894 4178 2964 4246 S.
3003 4179 3389 4246 Henrichus
3412 4178 3706 4248 Francus
3741 4183 3918 4266 apud
3951 4205 4105 4252 suos
4149 4186 4336 4254 visus
4380 4196 4481 4254 est
4510 4209 4643 4273 prae

2719 4266 2991 4331 caeteris
3035 4267 3103 4330 in
3151 4264 3406 4332 Christi
3459 4267 3775 4352 religione
3831 4271 4164 4354 sequenda
4216 4281 4285 4338 et
4328 4274 4639 4341 evehenda

2718 4350 3067 4428 ardentior,
3114 4360 3183 4416 et
3225 4359 3378 4416 ante
3423 4373 3635 4417 annos
3678 4376 3885 4419 unum
3925 4357 4030 4421 vel
4066 4357 4349 4423 alterum
4384 4359 4491 4427 hic
4522 4361 4638 4437 fuit,

2716 4456 2909 4520 quem
2954 4437 3260 4502 existimo
3306 4458 3432 4501 non
3479 4439 3967 4506 continendum.
4058 4439 4397 4525 Superest,
4454 4447 4509 4511 si
4547 4454 4640 4511 tuo

2716 4523 2825 4587 isti
2887 4523 3147 4607 negotio
3213 4542 3378 4604 opus
3433 4523 3632 4588 fuerit
3685 4526 3953 4591 consilio
4007 4537 4073 4591 et
4128 4527 4211 4594 iis
4275 4531 4386 4613 qui
4450 4551 4639 4597 secum

2715 4609 2862 4673 istic
2906 4620 3134 4692 agunt,
3181 4615 3251 4672 ut
3295 4628 3429 4672 non
3474 4608 3650 4673 inter
3690 4610 3999 4695 vulgares
4049 4633 4161 4679 eos
4207 4614 4471 4695 habeas,
4516 4617 4645 4684 licet

2714 4694 2919 4761 sciam
2963 4694 3292 4758 neminem
3331 4693 3448 4759 abs
3491 4704 3557 4758 te
3602 4696 3711 4760 vul
3761 4697 3962 4761 ariter
4015 4699 4250 4783 excipi,
4297 4701 4425 4769 nisi
4468 4724 4647 4769 nove-

2715 4779 2809 4844 ris
2865 4787 3159 4844 extreme
3217 4779 3605 4859 improbum.
3778 4803 3933 4846 uum
3992 4784 4192 4849 istum
4249 4785 4320 4851 in
4376 4789 4645 4854 Domino

2714 4864 3067 4948 amplexer,
3115 4863 3296 4929 volui
3338 4871 3405 4927 te
3449 4876 3752 4948 rogatum
3796 4874 3873 4932 ut
3921 4869 4084 4935 sciat
4123 4891 4343 4936 meam
4387 4872 4555 4958 apud
4591 4881 4647 4937 te

2715 4971 2847 5015 non
2890 4970 3133 5015 vanam
3168 4949 3367 5014 fuisse
3403 4950 4052 5018 commendationem.
4119 4954 4452 5037 Quererer
4479 4979 4644 5042 prae-

2715 5046 2895 5100 terea
2938 5035 3018 5101 de
3078 5044 3143 5100 te
3186 5034 3359 5117 quod
3415 5045 3836 5120 posteaquam
3880 5045 3947 5103 te
3999 5040 4199 5107 invisi
4255 5041 4425 5110 nihil
4476 5062 4642 5111 exce-

2713 5121 2922 5204 perim
2969 5119 3050 5185 de
3094 5141 3307 5203 neque
3366 5118 3480 5184 abs
3539 5131 3622 5186 te.
3711 5121 3904 5201 Iube,
3966 5146 4170 5208 quum
4228 5148 4352 5211 per
4392 5149 4640 5212 occupa-

2713 5206 2923 5272 tiones
2967 5214 3116 5271 tuas
3152 5226 3281 5270 non
3320 5205 3527 5284 liceat,
3574 5226 3694 5289 per
3727 5208 4009 5291 aliquem
4054 5232 4162 5277 me
4196 5216 4487 5281 omnium
4517 5234 4639 5281 cer·

2715 5293 2945 5357 tiorem
3004 5292 3166 5357 fieri.
3270 5292 3532 5356 Literas
3591 5293 3671 5357 ad
3734 5294 4060 5362 Falesium
4126 5296 4277 5363 dedi
4344 5322 4456 5384 per
4503 5318 4634 5367 eum
