<?xml version="1.0" encoding="UTF-8"?>
<!DOCTYPE html PUBLIC "-//W3C//DTD XHTML 1.0 Transitional//EN"
    "http://www.w3.org/TR/xhtml1/DTD/xhtml1-transitional.dtd">
<html xmlns="http://www.w3.org/1999/xhtml" xml:lang="en" lang="en">
 <head>
  <title>
</title>
<meta http-equiv="Content-Type" content="text/html;charset=utf-8" />
  <meta name='ocr-system' content='tesseract 3.04.00' />
  <meta name='ocr-capabilities' content='ocr_page ocr_carea ocr_par ocr_line ocrx_word'/>
</head>
<body>
  <div class='ocr_page' id='page_1' title='image "./ioanniscalvinio10unkngoog_0077.png"; bbox 0 0 4825 6175; ppageno 0'>
   <div class='ocr_carea' id='block_1_1' title="bbox 218 396 330 458">
    <p class='ocr_par' dir='ltr' id='par_1_1' title="bbox 218 396 330 458">
     <span class='ocr_line' id='line_1_1' title="bbox 218 396 330 458; baseline 0.009 -1"><span class='ocrx_word' id='word_1_1' title='bbox 218 396 330 458; x_wconf 81' lang='lat'><strong>105</strong></span> 
     </span>
    </p>
   </div>
   <div class='ocr_carea' id='block_1_2' title="bbox 195 575 2163 4863">
    <p class='ocr_par' dir='ltr' id='par_1_2' title="bbox 195 575 2155 2360">
     <span class='ocr_line' id='line_1_2' title="bbox 216 575 2148 663; baseline -0.003 -17"><span class='ocrx_word' id='word_1_2' title='bbox 216 588 286 647; x_wconf 90' lang='lat' dir='ltr'><strong>ut</strong></span> <span class='ocrx_word' id='word_1_3' title='bbox 325 585 550 663; x_wconf 89' lang='lat' dir='ltr'><strong>postea</strong></span> <span class='ocrx_word' id='word_1_4' title='bbox 591 577 852 645; x_wconf 82' lang='lat' dir='ltr'><strong>silentio</strong></span> <span class='ocrx_word' id='word_1_5' title='bbox 897 577 1259 644; x_wconf 76' lang='lat' dir='ltr'><strong>doctrinam</strong></span> <span class='ocrx_word' id='word_1_6' title='bbox 1315 575 1499 643; x_wconf 88' lang='lat' dir='ltr'><strong>illam</strong></span> <span class='ocrx_word' id='word_1_7' title='bbox 1540 582 1855 660; x_wconf 88' lang='lat' dir='ltr'><strong>perpetuo</strong></span> <span class='ocrx_word' id='word_1_8' title='bbox 1897 597 2148 660; x_wconf 88' lang='lat' dir='ltr'><strong>preme-</strong></span> 
     </span>
     <span class='ocr_line' id='line_1_3' title="bbox 211 662 2150 748; baseline -0.004 -15"><span class='ocrx_word' id='word_1_9' title='bbox 211 675 325 744; x_wconf 89' lang='lat' dir='ltr'><strong>ret,</strong></span> <span class='ocrx_word' id='word_1_10' title='bbox 368 663 551 730; x_wconf 90' lang='lat' dir='ltr'><strong>nobis</strong></span> <span class='ocrx_word' id='word_1_11' title='bbox 587 686 759 743; x_wconf 81' lang='lat' dir='ltr'><strong>vem,</strong></span> <span class='ocrx_word' id='word_1_12' title='bbox 806 685 890 728; x_wconf 90' lang='lat' dir='ltr'><strong>ne</strong></span> <span class='ocrx_word' id='word_1_13' title='bbox 936 662 1016 729; x_wconf 92' lang='lat' dir='ltr'><strong>de</strong></span> <span class='ocrx_word' id='word_1_14' title='bbox 1059 663 1334 729; x_wconf 84' lang='lat' dir='ltr'><strong>victoria</strong></span> <span class='ocrx_word' id='word_1_15' title='bbox 1376 662 1833 748; x_wconf 79' lang='lat' dir='ltr'><strong>gloriaremur,</strong></span> <span class='ocrx_word' id='word_1_16' title='bbox 1877 682 1961 727; x_wconf 91' lang='lat' dir='ltr'><strong>ne</strong></span> <span class='ocrx_word' id='word_1_17' title='bbox 1997 662 2150 745; x_wconf 87' lang='lat' dir='ltr'><strong>quid</strong></span> 
     </span>
     <span class='ocr_line' id='line_1_4' title="bbox 211 746 2152 834; baseline -0.002 -17"><span class='ocrx_word' id='word_1_18' title='bbox 211 750 546 817; x_wconf 85' lang='lat' dir='ltr'><strong>turbarum</strong></span> <span class='ocrx_word' id='word_1_19' title='bbox 593 750 902 834; x_wconf 78' lang='lat' dir='ltr'><strong>deinceps</strong></span> <span class='ocrx_word' id='word_1_20' title='bbox 946 749 1361 815; x_wconf 78' lang='lat' dir='ltr'><strong>excitaretur.</strong></span> <span class='ocrx_word' id='word_1_21' title='bbox 1451 746 1528 814; x_wconf 81' lang='lat' dir='ltr'><strong>Si</strong></span> <span class='ocrx_word' id='word_1_22' title='bbox 1573 757 1792 812; x_wconf 88' lang='lat' dir='ltr'><strong>tamen</strong></span> <span class='ocrx_word' id='word_1_23' title='bbox 1835 748 1930 811; x_wconf 87' lang='lat' dir='ltr'><strong>ita</strong></span> <span class='ocrx_word' id='word_1_24' title='bbox 1973 758 2152 814; x_wconf 89' lang='lat' dir='ltr'><strong>certo</strong></span> 
     </span>
     <span class='ocr_line' id='line_1_5' title="bbox 209 832 2151 919; baseline -0.003 -16"><span class='ocrx_word' id='word_1_25' title='bbox 209 837 443 903; x_wconf 89' lang='lat' dir='ltr'><strong>habere</strong></span> <span class='ocrx_word' id='word_1_26' title='bbox 500 836 703 915; x_wconf 90' lang='lat' dir='ltr'><strong>nosti,</strong></span> <span class='ocrx_word' id='word_1_27' title='bbox 758 856 1027 919; x_wconf 90' lang='lat' dir='ltr'><strong>sequere</strong></span> <span class='ocrx_word' id='word_1_28' title='bbox 1082 845 1267 900; x_wconf 87' lang='lat' dir='ltr'><strong>tuam</strong></span> <span class='ocrx_word' id='word_1_29' title='bbox 1324 833 1748 900; x_wconf 88' lang='lat' dir='ltr'><strong>sententiam:</strong></span> <span class='ocrx_word' id='word_1_30' title='bbox 1805 832 1971 898; x_wconf 89' lang='lat' dir='ltr'><strong>mihi</strong></span> <span class='ocrx_word' id='word_1_31' title='bbox 2014 854 2151 898; x_wconf 91' lang='lat' dir='ltr'><strong>me-</strong></span> 
     </span>
     <span class='ocr_line' id='line_1_6' title="bbox 210 919 2148 1004; baseline -0.003 -16"><span class='ocrx_word' id='word_1_32' title='bbox 210 922 413 988; x_wconf 89' lang='lat' dir='ltr'><strong>moria</strong></span> <span class='ocrx_word' id='word_1_33' title='bbox 468 922 722 1004; x_wconf 90' lang='lat' dir='ltr'><strong>reliqua</strong></span> <span class='ocrx_word' id='word_1_34' title='bbox 771 919 1190 996; x_wconf 89' lang='lat' dir='ltr'><strong>exciderunt,</strong></span> <span class='ocrx_word' id='word_1_35' title='bbox 1247 927 1508 1004; x_wconf 89' lang='lat' dir='ltr'><strong>praeter</strong></span> <span class='ocrx_word' id='word_1_36' title='bbox 1565 919 1726 984; x_wconf 89' lang='lat' dir='ltr'><strong>haec</strong></span> <span class='ocrx_word' id='word_1_37' title='bbox 1767 939 1931 1002; x_wconf 90' lang='lat' dir='ltr'><strong>quae</strong></span> <span class='ocrx_word' id='word_1_38' title='bbox 1975 940 2148 985; x_wconf 91' lang='lat' dir='ltr'><strong>com-</strong></span> 
     </span>
     <span class='ocr_line' id='line_1_7' title="bbox 208 1003 2149 1089; baseline -0.003 -16"><span class='ocrx_word' id='word_1_39' title='bbox 208 1028 512 1074; x_wconf 92' lang='lat' dir='ltr'><strong>memoro.</strong></span> <span class='ocrx_word' id='word_1_40' title='bbox 560 1006 865 1089; x_wconf 81' lang='lat' dir='ltr'><strong>Quorum</strong></span> <span class='ocrx_word' id='word_1_41' title='bbox 912 1016 974 1071; x_wconf 88' lang='lat' dir='ltr'><strong>te</strong></span> <span class='ocrx_word' id='word_1_42' title='bbox 1018 1005 1251 1072; x_wconf 89' lang='lat' dir='ltr'><strong>lubens</strong></span> <span class='ocrx_word' id='word_1_43' title='bbox 1293 1006 1438 1071; x_wconf 90' lang='lat' dir='ltr'><strong>ideo</strong></span> <span class='ocrx_word' id='word_1_44' title='bbox 1480 1026 1735 1081; x_wconf 60' lang='lat' dir='ltr'><strong>monem</strong></span> <span class='ocrx_word' id='word_1_45' title='bbox 1778 1003 1952 1088; x_wconf 92' lang='lat' dir='ltr'><strong>quod</strong></span> <span class='ocrx_word' id='word_1_46' title='bbox 1996 1026 2149 1071; x_wconf 90' lang='lat' dir='ltr'><strong>con-</strong></span> 
     </span>
     <span class='ocr_line' id='line_1_8' title="bbox 207 1090 2153 1174; baseline -0.004 -14"><span class='ocrx_word' id='word_1_47' title='bbox 207 1094 533 1160; x_wconf 90' lang='lat' dir='ltr'><strong>sistorium</strong></span> <span class='ocrx_word' id='word_1_48' title='bbox 592 1095 665 1157; x_wconf 91' lang='lat' dir='ltr'><strong>in</strong></span> <span class='ocrx_word' id='word_1_49' title='bbox 721 1093 1172 1158; x_wconf 85' lang='lat' dir='ltr'><strong>testimonium</strong></span> <span class='ocrx_word' id='word_1_50' title='bbox 1230 1113 1423 1157; x_wconf 87' lang='lat' dir='ltr'><strong>vocas</strong></span> <span class='ocrx_word' id='word_1_51' title='bbox 1482 1090 1651 1174; x_wconf 90' lang='lat' dir='ltr'><strong>quod</strong></span> <span class='ocrx_word' id='word_1_52' title='bbox 1709 1090 1852 1155; x_wconf 86' lang='lat' dir='ltr'><strong>eius</strong></span> <span class='ocrx_word' id='word_1_53' title='bbox 1919 1090 2153 1155; x_wconf 91' lang='lat' dir='ltr'><strong>honori</strong></span> 
     </span>
     <span class='ocr_line' id='line_1_9' title="bbox 204 1175 2150 1264; baseline -0.002 -20"><span class='ocrx_word' id='word_1_54' title='bbox 204 1200 465 1264; x_wconf 89' lang='lat' dir='ltr'><strong>parcere</strong></span> <span class='ocrx_word' id='word_1_55' title='bbox 500 1178 724 1244; x_wconf 87' lang='lat' dir='ltr'><strong>voluit.</strong></span> <span class='ocrx_word' id='word_1_56' title='bbox 770 1177 879 1245; x_wconf 82' lang='lat' dir='ltr'><strong>Ad</strong></span> <span class='ocrx_word' id='word_1_57' title='bbox 915 1179 1077 1244; x_wconf 87' lang='lat' dir='ltr'><strong>haec</strong></span> <span class='ocrx_word' id='word_1_58' title='bbox 1110 1179 1175 1242; x_wconf 91' lang='lat' dir='ltr'><strong>in</strong></span> <span class='ocrx_word' id='word_1_59' title='bbox 1204 1176 1585 1244; x_wconf 82' lang='lat' dir='ltr'><strong>Genevensi</strong></span> <span class='ocrx_word' id='word_1_60' title='bbox 1605 1175 2045 1259; x_wconf 86' lang='lat' dir='ltr'><strong>disputatione</strong></span> <span class='ocrx_word' id='word_1_61' title='bbox 2069 1177 2150 1248; x_wconf 91' lang='lat'><strong>¹⁰)</strong></span> 
     </span>
     <span class='ocr_line' id='line_1_10' title="bbox 205 1260 2152 1346; baseline -0.003 -16"><span class='ocrx_word' id='word_1_62' title='bbox 205 1266 294 1330; x_wconf 85' lang='lat' dir='ltr'><strong>ita</strong></span> <span class='ocrx_word' id='word_1_63' title='bbox 327 1265 570 1330; x_wconf 88' lang='lat' dir='ltr'><strong>missae</strong></span> <span class='ocrx_word' id='word_1_64' title='bbox 607 1286 923 1330; x_wconf 90' lang='lat' dir='ltr'><strong>canonem</strong></span> <span class='ocrx_word' id='word_1_65' title='bbox 960 1265 1097 1330; x_wconf 88' lang='lat' dir='ltr'><strong>suis</strong></span> <span class='ocrx_word' id='word_1_66' title='bbox 1135 1260 1783 1346; x_wconf 78' lang='lat' dir='ltr'><strong>interpretationibus</strong></span> <span class='ocrx_word' id='word_1_67' title='bbox 1826 1261 2152 1338; x_wconf 88' lang='lat' dir='ltr'><strong>tuebatur,</strong></span> 
     </span>
     <span class='ocr_line' id='line_1_11' title="bbox 203 1346 2152 1435; baseline -0.003 -18"><span class='ocrx_word' id='word_1_68' title='bbox 203 1360 275 1417; x_wconf 90' lang='lat' dir='ltr'><strong>ut</strong></span> <span class='ocrx_word' id='word_1_69' title='bbox 329 1359 396 1417; x_wconf 91' lang='lat' dir='ltr'><strong>et</strong></span> <span class='ocrx_word' id='word_1_70' title='bbox 450 1350 824 1435; x_wconf 87' lang='lat' dir='ltr'><strong>papismum</strong></span> <span class='ocrx_word' id='word_1_71' title='bbox 884 1356 1213 1415; x_wconf 82' lang='lat' dir='ltr'><strong>everteret</strong></span> <span class='ocrx_word' id='word_1_72' title='bbox 1260 1355 1330 1414; x_wconf 87' lang='lat' dir='ltr'><strong>et</strong></span> <span class='ocrx_word' id='word_1_73' title='bbox 1386 1348 1468 1413; x_wconf 91' lang='lat' dir='ltr'><strong>ad</strong></span> <span class='ocrx_word' id='word_1_74' title='bbox 1526 1346 1877 1414; x_wconf 84' lang='lat' dir='ltr'><strong>veritatem</strong></span> <span class='ocrx_word' id='word_1_75' title='bbox 1930 1354 2152 1412; x_wconf 85' lang='lat' dir='ltr'><strong>tamen</strong></span> 
     </span>
     <span class='ocr_line' id='line_1_12' title="bbox 204 1432 2150 1503; baseline -0.003 -1"><span class='ocrx_word' id='word_1_76' title='bbox 204 1458 331 1502; x_wconf 91' lang='lat' dir='ltr'><strong>non</strong></span> <span class='ocrx_word' id='word_1_77' title='bbox 378 1436 745 1503; x_wconf 76' lang='lat' dir='ltr'><strong>accederet:</strong></span> <span class='ocrx_word' id='word_1_78' title='bbox 795 1433 1228 1501; x_wconf 81' lang='lat' dir='ltr'><strong>contendebat</strong></span> <span class='ocrx_word' id='word_1_79' title='bbox 1272 1448 1491 1499; x_wconf 84' lang='lat' dir='ltr'><strong>tamen</strong></span> <span class='ocrx_word' id='word_1_80' title='bbox 1536 1446 1791 1498; x_wconf 84' lang='lat' dir='ltr'><strong>veteres</strong></span> <span class='ocrx_word' id='word_1_81' title='bbox 1828 1433 1921 1498; x_wconf 90' lang='lat' dir='ltr'><strong>sic</strong></span> <span class='ocrx_word' id='word_1_82' title='bbox 1956 1432 2150 1497; x_wconf 89' lang='lat' dir='ltr'><strong>intel-</strong></span> 
     </span>
     <span class='ocr_line' id='line_1_13' title="bbox 201 1518 2148 1618; baseline -0.003 -30"><span class='ocrx_word' id='word_1_83' title='bbox 201 1522 456 1588; x_wconf 84' lang='lat' dir='ltr'><strong>lexisse.</strong></span> <span class='ocrx_word' id='word_1_84' title='bbox 544 1518 1379 1588; x_wconf 74' lang='lat' dir='ltr'><strong>Transsubstantiationem</strong></span> <span class='ocrx_word' id='word_1_85' title='bbox 1435 1519 1747 1618; x_wconf 86' lang='lat' dir='ltr'><strong>negabat,</strong></span> <span class='ocrx_word' id='word_1_86' title='bbox 1794 1526 1862 1583; x_wconf 89' lang='lat' dir='ltr'><strong>et</strong></span> <span class='ocrx_word' id='word_1_87' title='bbox 1903 1518 2148 1583; x_wconf 86' lang='lat' dir='ltr'><strong>sacrifi-</strong></span> 
     </span>
     <span class='ocr_line' id='line_1_14' title="bbox 203 1603 2151 1690; baseline -0.004 -16"><span class='ocrx_word' id='word_1_88' title='bbox 203 1609 368 1674; x_wconf 86' lang='lat' dir='ltr'><strong>cium</strong></span> <span class='ocrx_word' id='word_1_89' title='bbox 388 1659 404 1687; x_wconf 89' lang='lat'><strong>,</strong></span> <span class='ocrx_word' id='word_1_90' title='bbox 468 1608 584 1673; x_wconf 89' lang='lat' dir='ltr'><strong>sed</strong></span> <span class='ocrx_word' id='word_1_91' title='bbox 643 1606 1203 1690; x_wconf 80' lang='lat' dir='ltr'><strong>interpretabatur</strong></span> <span class='ocrx_word' id='word_1_92' title='bbox 1273 1605 1665 1671; x_wconf 80' lang='lat' dir='ltr'><strong>sacrificlum</strong></span> <span class='ocrx_word' id='word_1_93' title='bbox 1684 1656 1699 1681; x_wconf 89' lang='lat'>‚</span> <span class='ocrx_word' id='word_1_94' title='bbox 1768 1603 2151 1669; x_wconf 89' lang='lat' dir='ltr'><strong>memoriam</strong></span> 
     </span>
     <span class='ocr_line' id='line_1_15' title="bbox 202 1688 2153 1778; baseline -0.005 -17"><span class='ocrx_word' id='word_1_95' title='bbox 202 1694 532 1772; x_wconf 88' lang='lat' dir='ltr'><strong>sacrificii,</strong></span> <span class='ocrx_word' id='word_1_96' title='bbox 594 1714 669 1758; x_wconf 94' lang='lat' dir='ltr'><strong>eo</strong></span> <span class='ocrx_word' id='word_1_97' title='bbox 716 1704 903 1778; x_wconf 88' lang='lat' dir='ltr'><strong>tropo</strong></span> <span class='ocrx_word' id='word_1_98' title='bbox 946 1690 1336 1777; x_wconf 81' lang='lat' dir='ltr'><strong>(inquiebat)</strong></span> <span class='ocrx_word' id='word_1_99' title='bbox 1392 1711 1522 1773; x_wconf 91' lang='lat' dir='ltr'><strong>quo</strong></span> <span class='ocrx_word' id='word_1_100' title='bbox 1580 1712 1697 1756; x_wconf 89' lang='lat' dir='ltr'><strong>nos</strong></span> <span class='ocrx_word' id='word_1_101' title='bbox 1740 1689 1856 1755; x_wconf 89' lang='lat' dir='ltr'><strong>illa</strong></span> <span class='ocrx_word' id='word_1_102' title='bbox 1898 1688 2153 1754; x_wconf 80' lang='lat' dir='ltr'><strong>Christi</strong></span> 
     </span>
     <span class='ocr_line' id='line_1_16' title="bbox 201 1776 2154 1861; baseline -0.004 -15"><span class='ocrx_word' id='word_1_103' title='bbox 201 1779 434 1846; x_wconf 87' lang='lat' dir='ltr'><strong>verba:</strong></span> <span class='ocrx_word' id='word_1_104' title='bbox 482 1779 633 1845; x_wconf 88' lang='lat' dir='ltr'><strong>Hoc</strong></span> <span class='ocrx_word' id='word_1_105' title='bbox 676 1787 780 1843; x_wconf 90' lang='lat' dir='ltr'><strong>est</strong></span> <span class='ocrx_word' id='word_1_106' title='bbox 822 1800 1058 1861; x_wconf 88' lang='lat' dir='ltr'><strong>corpus</strong></span> <span class='ocrx_word' id='word_1_107' title='bbox 1101 1797 1323 1841; x_wconf 90' lang='lat' dir='ltr'><strong>meum</strong></span> <span class='ocrx_word' id='word_1_108' title='bbox 1368 1786 1487 1841; x_wconf 90' lang='lat' dir='ltr'><strong>etc.</strong></span> <span class='ocrx_word' id='word_1_109' title='bbox 1568 1776 1738 1842; x_wconf 88' lang='lat' dir='ltr'><strong>Utut</strong></span> <span class='ocrx_word' id='word_1_110' title='bbox 1779 1784 2003 1839; x_wconf 89' lang='lat' dir='ltr'><strong>tamen</strong></span> <span class='ocrx_word' id='word_1_111' title='bbox 2048 1795 2154 1839; x_wconf 89' lang='lat' dir='ltr'><strong>res</strong></span> 
     </span>
     <span class='ocr_line' id='line_1_17' title="bbox 198 1858 2151 1948; baseline -0.003 -18"><span class='ocrx_word' id='word_1_112' title='bbox 198 1865 533 1944; x_wconf 85' lang='lat' dir='ltr'><strong>habuerit,</strong></span> <span class='ocrx_word' id='word_1_113' title='bbox 589 1866 683 1929; x_wconf 87' lang='lat' dir='ltr'><strong>ita</strong></span> <span class='ocrx_word' id='word_1_114' title='bbox 736 1863 1114 1948; x_wconf 87' lang='lat' dir='ltr'><strong>disputabat</strong></span> <span class='ocrx_word' id='word_1_115' title='bbox 1169 1862 1509 1928; x_wconf 88' lang='lat' dir='ltr'><strong>nobiscum</strong></span> <span class='ocrx_word' id='word_1_116' title='bbox 1562 1873 1637 1927; x_wconf 90' lang='lat' dir='ltr'><strong>ut</strong></span> <span class='ocrx_word' id='word_1_117' title='bbox 1679 1860 1885 1927; x_wconf 87' lang='lat' dir='ltr'><strong>nollet</strong></span> <span class='ocrx_word' id='word_1_118' title='bbox 1940 1858 2151 1925; x_wconf 87' lang='lat' dir='ltr'><strong>hostis</strong></span> 
     </span>
     <span class='ocr_line' id='line_1_18' title="bbox 199 1946 2149 2040; baseline -0.004 -24"><span class='ocrx_word' id='word_1_119' title='bbox 199 1950 416 2018; x_wconf 89' lang='lat' dir='ltr'><strong>haberi</strong></span> <span class='ocrx_word' id='word_1_120' title='bbox 465 1951 796 2028; x_wconf 83' lang='lat' dir='ltr'><strong>veritatis,</strong></span> <span class='ocrx_word' id='word_1_121' title='bbox 855 1949 968 2016; x_wconf 90' lang='lat' dir='ltr'><strong>sed</strong></span> <span class='ocrx_word' id='word_1_122' title='bbox 1023 1958 1244 2040; x_wconf 72' lang='lat' dir='ltr'><strong>tamen</strong></span> <span class='ocrx_word' id='word_1_123' title='bbox 1291 1968 1531 2013; x_wconf 83' lang='lat' dir='ltr'><strong>nervos</strong></span> <span class='ocrx_word' id='word_1_124' title='bbox 1585 1968 1811 2013; x_wconf 89' lang='lat' dir='ltr'><strong>omnes</strong></span> <span class='ocrx_word' id='word_1_125' title='bbox 1847 1946 2149 2012; x_wconf 90' lang='lat' dir='ltr'><strong>intende-</strong></span> 
     </span>
     <span class='ocr_line' id='line_1_19' title="bbox 195 2031 2155 2117; baseline -0.004 -14"><span class='ocrx_word' id='word_1_126' title='bbox 195 2037 304 2103; x_wconf 85' lang='lat' dir='ltr'><strong>bat</strong></span> <span class='ocrx_word' id='word_1_127' title='bbox 336 2045 414 2102; x_wconf 89' lang='lat' dir='ltr'><strong>ut</strong></span> <span class='ocrx_word' id='word_1_128' title='bbox 448 2037 759 2113; x_wconf 86' lang='lat' dir='ltr'><strong>vinceret,</strong></span> <span class='ocrx_word' id='word_1_129' title='bbox 795 2058 871 2101; x_wconf 90' lang='lat' dir='ltr'><strong>ac</strong></span> <span class='ocrx_word' id='word_1_130' title='bbox 905 2057 1021 2101; x_wconf 90' lang='lat' dir='ltr'><strong>ora</strong></span> <span class='ocrx_word' id='word_1_131' title='bbox 1062 2033 1250 2099; x_wconf 91' lang='lat' dir='ltr'><strong>nobis</strong></span> <span class='ocrx_word' id='word_1_132' title='bbox 1285 2033 1672 2112; x_wconf 84' lang='lat' dir='ltr'><strong>obstrueret,</strong></span> <span class='ocrx_word' id='word_1_133' title='bbox 1715 2052 1841 2117; x_wconf 90' lang='lat' dir='ltr'><strong>quo</strong></span> <span class='ocrx_word' id='word_1_134' title='bbox 1884 2031 2155 2116; x_wconf 84' lang='lat' dir='ltr'><strong>gloriari</strong></span> 
     </span>
     <span class='ocr_line' id='line_1_20' title="bbox 197 2118 2149 2207; baseline -0.004 -18"><span class='ocrx_word' id='word_1_135' title='bbox 197 2131 411 2207; x_wconf 88' lang='lat' dir='ltr'><strong>posset</strong></span> <span class='ocrx_word' id='word_1_136' title='bbox 455 2120 540 2187; x_wconf 91' lang='lat' dir='ltr'><strong>de</strong></span> <span class='ocrx_word' id='word_1_137' title='bbox 582 2123 876 2188; x_wconf 85' lang='lat' dir='ltr'><strong>victoria.</strong></span> <span class='ocrx_word' id='word_1_138' title='bbox 954 2121 1128 2187; x_wconf 88' lang='lat' dir='ltr'><strong>Nam</strong></span> <span class='ocrx_word' id='word_1_139' title='bbox 1173 2140 1250 2184; x_wconf 92' lang='lat' dir='ltr'><strong>eo</strong></span> <span class='ocrx_word' id='word_1_140' title='bbox 1294 2129 1434 2184; x_wconf 90' lang='lat' dir='ltr'><strong>erat</strong></span> <span class='ocrx_word' id='word_1_141' title='bbox 1475 2118 1738 2204; x_wconf 88' lang='lat' dir='ltr'><strong>ingenio</strong></span> <span class='ocrx_word' id='word_1_142' title='bbox 1782 2130 1858 2182; x_wconf 89' lang='lat' dir='ltr'><strong>ut</strong></span> <span class='ocrx_word' id='word_1_143' title='bbox 1901 2118 2149 2202; x_wconf 87' lang='lat' dir='ltr'><strong>gloriae</strong></span> 
     </span>
     <span class='ocr_line' id='line_1_21' title="bbox 197 2203 2151 2288; baseline -0.003 -14"><span class='ocrx_word' id='word_1_144' title='bbox 197 2209 317 2274; x_wconf 92' lang='lat' dir='ltr'><strong>Dei</strong></span> <span class='ocrx_word' id='word_1_145' title='bbox 360 2216 428 2274; x_wconf 92' lang='lat' dir='ltr'><strong>et</strong></span> <span class='ocrx_word' id='word_1_146' title='bbox 466 2208 611 2273; x_wconf 88' lang='lat' dir='ltr'><strong>eius</strong></span> <span class='ocrx_word' id='word_1_147' title='bbox 646 2207 909 2273; x_wconf 83' lang='lat' dir='ltr'><strong>veritati</strong></span> <span class='ocrx_word' id='word_1_148' title='bbox 952 2205 1319 2272; x_wconf 88' lang='lat' dir='ltr'><strong>detractum</strong></span> <span class='ocrx_word' id='word_1_149' title='bbox 1362 2214 1650 2288; x_wconf 88' lang='lat' dir='ltr'><strong>cuperet,</strong></span> <span class='ocrx_word' id='word_1_150' title='bbox 1695 2213 1773 2269; x_wconf 92' lang='lat' dir='ltr'><strong>ut</strong></span> <span class='ocrx_word' id='word_1_151' title='bbox 1815 2224 1973 2270; x_wconf 89' lang='lat' dir='ltr'><strong>suae</strong></span> <span class='ocrx_word' id='word_1_152' title='bbox 2017 2203 2151 2288; x_wconf 88' lang='lat' dir='ltr'><strong>glo-</strong></span> 
     </span>
     <span class='ocr_line' id='line_1_22' title="bbox 195 2292 722 2360; baseline -0.006 0"><span class='ocrx_word' id='word_1_153' title='bbox 195 2295 321 2360; x_wconf 83' lang='lat' dir='ltr'><strong>riae</strong></span> <span class='ocrx_word' id='word_1_154' title='bbox 365 2292 722 2360; x_wconf 87' lang='lat' dir='ltr'><strong>accederet.</strong></span> 
     </span>
    </p>

    <p class='ocr_par' dir='ltr' id='par_1_3' title="bbox 196 2374 2156 3236">
     <span class='ocr_line' id='line_1_23' title="bbox 358 2374 2149 2462; baseline -0.004 -17"><span class='ocrx_word' id='word_1_155' title='bbox 358 2379 553 2445; x_wconf 86' lang='lat' dir='ltr'><strong>Haec</strong></span> <span class='ocrx_word' id='word_1_156' title='bbox 607 2387 767 2444; x_wconf 90' lang='lat' dir='ltr'><strong>sunt</strong></span> <span class='ocrx_word' id='word_1_157' title='bbox 824 2399 992 2462; x_wconf 86' lang='lat' dir='ltr'><strong>quae</strong></span> <span class='ocrx_word' id='word_1_158' title='bbox 1032 2374 1378 2443; x_wconf 89' lang='lat' dir='ltr'><strong>scribenda</strong></span> <span class='ocrx_word' id='word_1_159' title='bbox 1421 2376 1651 2453; x_wconf 89' lang='lat' dir='ltr'><strong>habui,</strong></span> <span class='ocrx_word' id='word_1_160' title='bbox 1705 2374 2004 2459; x_wconf 84' lang='lat' dir='ltr'><strong>quamvis</strong></span> <span class='ocrx_word' id='word_1_161' title='bbox 2048 2374 2149 2439; x_wconf 89' lang='lat' dir='ltr'><strong>in-</strong></span> 
     </span>
     <span class='ocr_line' id='line_1_24' title="bbox 198 2459 2149 2551; baseline -0.004 -19"><span class='ocrx_word' id='word_1_162' title='bbox 198 2462 393 2551; x_wconf 88' lang='lat' dir='ltr'><strong>digna</strong></span> <span class='ocrx_word' id='word_1_163' title='bbox 437 2463 677 2549; x_wconf 90' lang='lat' dir='ltr'><strong>quibus</strong></span> <span class='ocrx_word' id='word_1_164' title='bbox 721 2463 1014 2548; x_wconf 88' lang='lat' dir='ltr'><strong>legendis</strong></span> <span class='ocrx_word' id='word_1_165' title='bbox 1058 2462 1413 2546; x_wconf 87' lang='lat' dir='ltr'><strong>occuperis.</strong></span> <span class='ocrx_word' id='word_1_166' title='bbox 1503 2460 1583 2527; x_wconf 84' lang='lat' dir='ltr'><strong>Si</strong></span> <span class='ocrx_word' id='word_1_167' title='bbox 1625 2460 1791 2526; x_wconf 89' lang='lat' dir='ltr'><strong>nihil</strong></span> <span class='ocrx_word' id='word_1_168' title='bbox 1835 2470 1936 2525; x_wconf 88' lang='lat' dir='ltr'><strong>est</strong></span> <span class='ocrx_word' id='word_1_169' title='bbox 1976 2459 2149 2544; x_wconf 89' lang='lat' dir='ltr'><strong>quod</strong></span> 
     </span>
     <span class='ocr_line' id='line_1_25' title="bbox 196 2546 2153 2629; baseline -0.003 -13"><span class='ocrx_word' id='word_1_170' title='bbox 196 2557 256 2616; x_wconf 88' lang='lat' dir='ltr'><strong>te</strong></span> <span class='ocrx_word' id='word_1_171' title='bbox 298 2557 594 2629; x_wconf 82' lang='lat' dir='ltr'><strong>moveat,</strong></span> <span class='ocrx_word' id='word_1_172' title='bbox 655 2558 997 2615; x_wconf 86' lang='lat' dir='ltr'><strong>contemne</strong></span> <span class='ocrx_word' id='word_1_173' title='bbox 1048 2556 1224 2626; x_wconf 84' lang='lat' dir='ltr'><strong>tuto,</strong></span> <span class='ocrx_word' id='word_1_174' title='bbox 1269 2546 1384 2615; x_wconf 90' lang='lat' dir='ltr'><strong>sed</strong></span> <span class='ocrx_word' id='word_1_175' title='bbox 1436 2547 1590 2613; x_wconf 83' lang='lat' dir='ltr'><strong>vide</strong></span> <span class='ocrx_word' id='word_1_176' title='bbox 1646 2568 1730 2612; x_wconf 90' lang='lat' dir='ltr'><strong>ne</strong></span> <span class='ocrx_word' id='word_1_177' title='bbox 1790 2546 2068 2612; x_wconf 87' lang='lat' dir='ltr'><strong>desistas</strong></span> <span class='ocrx_word' id='word_1_178' title='bbox 2113 2567 2153 2611; x_wconf 91' lang='lat' dir='ltr'><strong>a</strong></span> 
     </span>
     <span class='ocr_line' id='line_1_26' title="bbox 201 2631 2147 2720; baseline -0.004 -16"><span class='ocrx_word' id='word_1_179' title='bbox 201 2647 417 2720; x_wconf 88' lang='lat' dir='ltr'><strong>coepto</strong></span> <span class='ocrx_word' id='word_1_180' title='bbox 458 2657 673 2720; x_wconf 89' lang='lat' dir='ltr'><strong>opere.</strong></span> <span class='ocrx_word' id='word_1_181' title='bbox 735 2634 1058 2717; x_wconf 81' lang='lat' dir='ltr'><strong>Quamvis</strong></span> <span class='ocrx_word' id='word_1_182' title='bbox 1093 2635 1268 2700; x_wconf 89' lang='lat' dir='ltr'><strong>enim</strong></span> <span class='ocrx_word' id='word_1_183' title='bbox 1313 2634 1446 2699; x_wconf 92' lang='lat' dir='ltr'><strong>scio</strong></span> <span class='ocrx_word' id='word_1_184' title='bbox 1490 2640 1557 2698; x_wconf 88' lang='lat' dir='ltr'><strong>te</strong></span> <span class='ocrx_word' id='word_1_185' title='bbox 1600 2631 1975 2698; x_wconf 88' lang='lat' dir='ltr'><strong>melioribus</strong></span> <span class='ocrx_word' id='word_1_186' title='bbox 2010 2640 2147 2697; x_wconf 89' lang='lat' dir='ltr'><strong>stu·-</strong></span> 
     </span>
     <span class='ocr_line' id='line_1_27' title="bbox 201 2720 2151 2808; baseline -0.003 -20"><span class='ocrx_word' id='word_1_187' title='bbox 201 2721 317 2788; x_wconf 89' lang='lat' dir='ltr'><strong>diis</strong></span> <span class='ocrx_word' id='word_1_188' title='bbox 372 2724 595 2808; x_wconf 86' lang='lat' dir='ltr'><strong>magis</strong></span> <span class='ocrx_word' id='word_1_189' title='bbox 652 2720 994 2799; x_wconf 88' lang='lat' dir='ltr'><strong>delectari,</strong></span> <span class='ocrx_word' id='word_1_190' title='bbox 1053 2742 1085 2785; x_wconf 89' lang='lat' dir='ltr'><strong>s</strong></span> <span class='ocrx_word' id='word_1_191' title='bbox 1131 2741 1240 2786; x_wconf 93' lang='lat' dir='ltr'><strong>ero</strong></span> <span class='ocrx_word' id='word_1_192' title='bbox 1297 2728 1521 2784; x_wconf 90' lang='lat' dir='ltr'><strong>tamen</strong></span> <span class='ocrx_word' id='word_1_193' title='bbox 1566 2728 1629 2783; x_wconf 89' lang='lat' dir='ltr'><strong>te</strong></span> <span class='ocrx_word' id='word_1_194' title='bbox 1671 2741 1802 2783; x_wconf 89' lang='lat' dir='ltr'><strong>non</strong></span> <span class='ocrx_word' id='word_1_195' title='bbox 1849 2739 2151 2801; x_wconf 89' lang='lat' dir='ltr'><strong>prorsum</strong></span> 
     </span>
     <span class='ocr_line' id='line_1_28' title="bbox 197 2803 2152 2891; baseline -0.003 -18"><span class='ocrx_word' id='word_1_196' title='bbox 197 2808 494 2875; x_wconf 87' lang='lat' dir='ltr'><strong>lusurum</strong></span> <span class='ocrx_word' id='word_1_197' title='bbox 531 2827 796 2891; x_wconf 85' lang='lat' dir='ltr'><strong>operam</strong></span> <span class='ocrx_word' id='word_1_198' title='bbox 831 2807 901 2871; x_wconf 89' lang='lat' dir='ltr'><strong>in</strong></span> <span class='ocrx_word' id='word_1_199' title='bbox 938 2806 1073 2872; x_wconf 84' lang='lat' dir='ltr'><strong>refe</strong></span> <span class='ocrx_word' id='word_1_200' title='bbox 1124 2804 1309 2871; x_wconf 89' lang='lat' dir='ltr'><strong>endis</strong></span> <span class='ocrx_word' id='word_1_201' title='bbox 1343 2804 1534 2870; x_wconf 88' lang='lat' dir='ltr'><strong>istius</strong></span> <span class='ocrx_word' id='word_1_202' title='bbox 1570 2804 1753 2870; x_wconf 87' lang='lat' dir='ltr'><strong>canis</strong></span> <span class='ocrx_word' id='word_1_203' title='bbox 1786 2803 2152 2869; x_wconf 82' lang='lat' dir='ltr'><strong>latratibus.</strong></span> 
     </span>
     <span class='ocr_line' id='line_1_29' title="bbox 200 2888 2156 2975; baseline -0.003 -16"><span class='ocrx_word' id='word_1_204' title='bbox 200 2892 385 2975; x_wconf 81' lang='lat' dir='ltr'><strong>Quod</strong></span> <span class='ocrx_word' id='word_1_205' title='bbox 429 2893 690 2960; x_wconf 80' lang='lat' dir='ltr'><strong>Farello</strong></span> <span class='ocrx_word' id='word_1_206' title='bbox 732 2893 1045 2959; x_wconf 89' lang='lat' dir='ltr'><strong>scelestus</strong></span> <span class='ocrx_word' id='word_1_207' title='bbox 1101 2891 1213 2956; x_wconf 86' lang='lat' dir='ltr'><strong>ille</strong></span> <span class='ocrx_word' id='word_1_208' title='bbox 1255 2889 1336 2956; x_wconf 93' lang='lat' dir='ltr'><strong>de</strong></span> <span class='ocrx_word' id='word_1_209' title='bbox 1380 2889 1634 2957; x_wconf 84' lang='lat' dir='ltr'><strong>sicariis</strong></span> <span class='ocrx_word' id='word_1_210' title='bbox 1676 2890 1924 2969; x_wconf 88' lang='lat' dir='ltr'><strong>obiicit,</strong></span> <span class='ocrx_word' id='word_1_211' title='bbox 1980 2888 2156 2955; x_wconf 89' lang='lat' dir='ltr'><strong>idem</strong></span> 
     </span>
     <span class='ocr_line' id='line_1_30' title="bbox 198 2975 2155 3063; baseline -0.003 -19"><span class='ocrx_word' id='word_1_212' title='bbox 198 2979 357 3044; x_wconf 89' lang='lat' dir='ltr'><strong>mihi</strong></span> <span class='ocrx_word' id='word_1_213' title='bbox 421 3000 680 3063; x_wconf 89' lang='lat' dir='ltr'><strong>quoque</strong></span> <span class='ocrx_word' id='word_1_214' title='bbox 745 2979 983 3044; x_wconf 89' lang='lat' dir='ltr'><strong>obiecit</strong></span> <span class='ocrx_word' id='word_1_215' title='bbox 1035 2978 1102 3041; x_wconf 93' lang='lat' dir='ltr'><strong>in</strong></span> <span class='ocrx_word' id='word_1_216' title='bbox 1164 2985 1396 3042; x_wconf 90' lang='lat' dir='ltr'><strong>senatu</strong></span> <span class='ocrx_word' id='word_1_217' title='bbox 1460 2975 1957 3052; x_wconf 87' lang='lat' dir='ltr'><strong>Lausannensi,</strong></span> <span class='ocrx_word' id='word_1_218' title='bbox 2018 2995 2155 3039; x_wconf 91' lang='lat' dir='ltr'><strong>non</strong></span> 
     </span>
     <span class='ocr_line' id='line_1_31' title="bbox 199 3059 2155 3150; baseline -0.004 -18"><span class='ocrx_word' id='word_1_219' title='bbox 199 3064 400 3132; x_wconf 83' lang='lat' dir='ltr'><strong>solum</strong></span> <span class='ocrx_word' id='word_1_220' title='bbox 436 3063 618 3150; x_wconf 89' lang='lat' dir='ltr'><strong>quod</strong></span> <span class='ocrx_word' id='word_1_221' title='bbox 660 3065 771 3149; x_wconf 88' lang='lat' dir='ltr'><strong>qui</strong></span> <span class='ocrx_word' id='word_1_222' title='bbox 815 3086 854 3130; x_wconf 88' lang='lat' dir='ltr'><strong>a</strong></span> <span class='ocrx_word' id='word_1_223' title='bbox 897 3064 1084 3131; x_wconf 89' lang='lat' dir='ltr'><strong>nobis</strong></span> <span class='ocrx_word' id='word_1_224' title='bbox 1129 3069 1382 3128; x_wconf 87' lang='lat' dir='ltr'><strong>starent</strong></span> <span class='ocrx_word' id='word_1_225' title='bbox 1423 3061 1491 3127; x_wconf 88' lang='lat' dir='ltr'><strong>id</strong></span> <span class='ocrx_word' id='word_1_226' title='bbox 1535 3061 1994 3140; x_wconf 85' lang='lat' dir='ltr'><strong>decrevissent,</strong></span> <span class='ocrx_word' id='word_1_227' title='bbox 2040 3059 2155 3126; x_wconf 88' lang='lat' dir='ltr'><strong>sed</strong></span> 
     </span>
     <span class='ocr_line' id='line_1_32' title="bbox 199 3145 2154 3236; baseline -0.004 -19"><span class='ocrx_word' id='word_1_228' title='bbox 199 3151 365 3236; x_wconf 90' lang='lat' dir='ltr'><strong>quod</strong></span> <span class='ocrx_word' id='word_1_229' title='bbox 408 3172 538 3236; x_wconf 87' lang='lat' dir='ltr'><strong>ego</strong></span> <span class='ocrx_word' id='word_1_230' title='bbox 582 3172 835 3234; x_wconf 89' lang='lat' dir='ltr'><strong>quoque</strong></span> <span class='ocrx_word' id='word_1_231' title='bbox 877 3149 1174 3217; x_wconf 86' lang='lat' dir='ltr'><strong>conscius</strong></span> <span class='ocrx_word' id='word_1_232' title='bbox 1230 3170 1441 3214; x_wconf 90' lang='lat' dir='ltr'><strong>essem</strong></span> <span class='ocrx_word' id='word_1_233' title='bbox 1487 3167 1609 3213; x_wconf 89' lang='lat' dir='ltr'><strong>nec</strong></span> <span class='ocrx_word' id='word_1_234' title='bbox 1653 3145 2154 3212; x_wconf 88' lang='lat' dir='ltr'><strong>admonuissem.</strong></span> 
     </span>
    </p>

    <p class='ocr_par' dir='ltr' id='par_1_4' title="bbox 199 3231 2161 4006">
     <span class='ocr_line' id='line_1_33' title="bbox 360 3231 2158 3321; baseline -0.005 -17"><span class='ocrx_word' id='word_1_235' title='bbox 360 3237 601 3305; x_wconf 88' lang='lat' dir='ltr'><strong>Unum</strong></span> <span class='ocrx_word' id='word_1_236' title='bbox 661 3244 960 3321; x_wconf 85' lang='lat' dir='ltr'><strong>superest</strong></span> <span class='ocrx_word' id='word_1_237' title='bbox 1014 3236 1086 3300; x_wconf 93' lang='lat' dir='ltr'><strong>in</strong></span> <span class='ocrx_word' id='word_1_238' title='bbox 1130 3256 1257 3318; x_wconf 91' lang='lat' dir='ltr'><strong>quo</strong></span> <span class='ocrx_word' id='word_1_239' title='bbox 1320 3242 1459 3319; x_wconf 38' lang='lat' dir='ltr'><strong>aut,</strong></span> <span class='ocrx_word' id='word_1_240' title='bbox 1489 3244 1562 3314; x_wconf 85' lang='lat' dir='ltr'><strong>tu</strong></span> <span class='ocrx_word' id='word_1_241' title='bbox 1616 3240 1734 3298; x_wconf 90' lang='lat' dir='ltr'><strong>aut</strong></span> <span class='ocrx_word' id='word_1_242' title='bbox 1787 3253 1908 3317; x_wconf 85' lang='lat' dir='ltr'><strong>ego</strong></span> <span class='ocrx_word' id='word_1_243' title='bbox 1963 3231 2158 3296; x_wconf 87' lang='lat' dir='ltr'><strong>fallor</strong></span> 
     </span>
     <span class='ocr_line' id='line_1_34' title="bbox 199 3318 2157 3406; baseline -0.003 -18"><span class='ocrx_word' id='word_1_244' title='bbox 199 3324 514 3389; x_wconf 90' lang='lat' dir='ltr'><strong>memoria</strong></span> <span class='ocrx_word' id='word_1_245' title='bbox 570 3322 739 3406; x_wconf 90' lang='lat' dir='ltr'><strong>quod</strong></span> <span class='ocrx_word' id='word_1_246' title='bbox 800 3322 1028 3388; x_wconf 90' lang='lat' dir='ltr'><strong>scribis</strong></span> <span class='ocrx_word' id='word_1_247' title='bbox 1073 3319 1155 3385; x_wconf 90' lang='lat' dir='ltr'><strong>de</strong></span> <span class='ocrx_word' id='word_1_248' title='bbox 1199 3321 1453 3385; x_wconf 83' lang='lat' dir='ltr'><strong>Catone</strong></span> <span class='ocrx_word' id='word_1_249' title='bbox 1518 3340 1706 3384; x_wconf 86' lang='lat' dir='ltr'><strong>caeso</strong></span> <span class='ocrx_word' id='word_1_250' title='bbox 1762 3328 1828 3384; x_wconf 93' lang='lat' dir='ltr'><strong>et</strong></span> <span class='ocrx_word' id='word_1_251' title='bbox 1870 3318 2011 3384; x_wconf 87' lang='lat' dir='ltr'><strong>eius</strong></span> <span class='ocrx_word' id='word_1_252' title='bbox 2052 3338 2157 3382; x_wconf 91' lang='lat' dir='ltr'><strong>re-</strong></span> 
     </span>
     <span class='ocr_line' id='line_1_35' title="bbox 202 3402 2156 3493; baseline -0.004 -18"><span class='ocrx_word' id='word_1_253' title='bbox 202 3429 453 3492; x_wconf 87' lang='lat' dir='ltr'><strong>sponso.</strong></span> <span class='ocrx_word' id='word_1_254' title='bbox 490 3408 575 3493; x_wconf 84' lang='lat'><strong>¹¹)</strong></span> <span class='ocrx_word' id='word_1_255' title='bbox 645 3408 795 3474; x_wconf 88' lang='lat' dir='ltr'><strong>Nisi</strong></span> <span class='ocrx_word' id='word_1_256' title='bbox 837 3407 1032 3473; x_wconf 86' lang='lat' dir='ltr'><strong>valde</strong></span> <span class='ocrx_word' id='word_1_257' title='bbox 1070 3406 1264 3472; x_wconf 87' lang='lat' dir='ltr'><strong>fallor</strong></span> <span class='ocrx_word' id='word_1_258' title='bbox 1305 3404 1375 3470; x_wconf 92' lang='lat' dir='ltr'><strong>id</strong></span> <span class='ocrx_word' id='word_1_259' title='bbox 1419 3403 1681 3471; x_wconf 80' lang='lat' dir='ltr'><strong>Socrati</strong></span> <span class='ocrx_word' id='word_1_260' title='bbox 1723 3405 1805 3470; x_wconf 91' lang='lat' dir='ltr'><strong>ab</strong></span> <span class='ocrx_word' id='word_1_261' title='bbox 1849 3404 1995 3468; x_wconf 91' lang='lat' dir='ltr'><strong>aliis</strong></span> <span class='ocrx_word' id='word_1_262' title='bbox 2039 3402 2156 3467; x_wconf 89' lang='lat' dir='ltr'><strong>tri-</strong></span> 
     </span>
     <span class='ocr_line' id='line_1_36' title="bbox 200 3493 2158 3577; baseline -0.004 -17"><span class='ocrx_word' id='word_1_263' title='bbox 200 3493 435 3560; x_wconf 89' lang='lat' dir='ltr'><strong>buitur.</strong></span> <span class='ocrx_word' id='word_1_264' title='bbox 519 3494 671 3560; x_wconf 89' lang='lat' dir='ltr'><strong>Non</strong></span> <span class='ocrx_word' id='word_1_265' title='bbox 717 3501 818 3559; x_wconf 90' lang='lat' dir='ltr'><strong>est</strong></span> <span class='ocrx_word' id='word_1_266' title='bbox 860 3513 1062 3577; x_wconf 86' lang='lat' dir='ltr'><strong>grave</strong></span> <span class='ocrx_word' id='word_1_267' title='bbox 1104 3501 1464 3577; x_wconf 91' lang='lat' dir='ltr'><strong>peccatum,</strong></span> <span class='ocrx_word' id='word_1_268' title='bbox 1508 3510 1868 3573; x_wconf 80' lang='lat' dir='ltr'><strong>vereorque</strong></span> <span class='ocrx_word' id='word_1_269' title='bbox 1907 3510 1992 3554; x_wconf 90' lang='lat' dir='ltr'><strong>ne</strong></span> <span class='ocrx_word' id='word_1_270' title='bbox 2037 3509 2073 3552; x_wconf 90' lang='lat' dir='ltr'><strong>e</strong></span> <span class='ocrx_word' id='word_1_271' title='bbox 2120 3507 2158 3552; x_wconf 95' lang='lat' dir='ltr'><strong>o</strong></span> 
     </span>
     <span class='ocr_line' id='line_1_37' title="bbox 202 3574 2157 3665; baseline -0.004 -20"><span class='ocrx_word' id='word_1_272' title='bbox 202 3580 387 3646; x_wconf 85' lang='lat' dir='ltr'><strong>fallar</strong></span> <span class='ocrx_word' id='word_1_273' title='bbox 441 3579 670 3665; x_wconf 87' lang='lat' dir='ltr'><strong>potius</strong></span> <span class='ocrx_word' id='word_1_274' title='bbox 712 3600 909 3663; x_wconf 89' lang='lat' dir='ltr'><strong>quam</strong></span> <span class='ocrx_word' id='word_1_275' title='bbox 954 3587 1029 3644; x_wconf 90' lang='lat' dir='ltr'><strong>tu</strong></span> <span class='ocrx_word' id='word_1_276' title='bbox 1046 3630 1063 3658; x_wconf 92' lang='lat'><strong>,</strong></span> <span class='ocrx_word' id='word_1_277' title='bbox 1118 3578 1421 3662; x_wconf 87' lang='lat' dir='ltr'><strong>quamvis</strong></span> <span class='ocrx_word' id='word_1_278' title='bbox 1482 3576 1655 3660; x_wconf 90' lang='lat' dir='ltr'><strong>apud</strong></span> <span class='ocrx_word' id='word_1_279' title='bbox 1696 3574 2032 3641; x_wconf 73' lang='lat' dir='ltr'><strong>Basiliam</strong></span> <span class='ocrx_word' id='word_1_280' title='bbox 2121 3594 2157 3639; x_wconf 94' lang='lat' dir='ltr'><strong>e</strong></span> 
     </span>
     <span class='ocr_line' id='line_1_38' title="bbox 205 3661 2158 3748; baseline -0.004 -16"><span class='ocrx_word' id='word_1_281' title='bbox 205 3663 472 3733; x_wconf 79' lang='lat' dir='ltr'><strong>Socrate</strong></span> <span class='ocrx_word' id='word_1_282' title='bbox 533 3665 702 3730; x_wconf 88' lang='lat' dir='ltr'><strong>mihi</strong></span> <span class='ocrx_word' id='word_1_283' title='bbox 759 3666 1074 3748; x_wconf 84' lang='lat' dir='ltr'><strong>scriptum</strong></span> <span class='ocrx_word' id='word_1_284' title='bbox 1128 3664 1466 3729; x_wconf 81' lang='lat' dir='ltr'><strong>videatur:</strong></span> <span class='ocrx_word' id='word_1_285' title='bbox 1525 3661 1697 3746; x_wconf 91' lang='lat' dir='ltr'><strong>quod</strong></span> <span class='ocrx_word' id='word_1_286' title='bbox 1755 3680 1892 3725; x_wconf 90' lang='lat' dir='ltr'><strong>non</strong></span> <span class='ocrx_word' id='word_1_287' title='bbox 1947 3661 2158 3725; x_wconf 87' lang='lat' dir='ltr'><strong>ausim</strong></span> 
     </span>
     <span class='ocr_line' id='line_1_39' title="bbox 207 3744 2161 3835; baseline -0.004 -18"><span class='ocrx_word' id='word_1_288' title='bbox 207 3758 422 3818; x_wconf 89' lang='lat' dir='ltr'><strong>tamen</strong></span> <span class='ocrx_word' id='word_1_289' title='bbox 491 3752 890 3835; x_wconf 87' lang='lat' dir='ltr'><strong>pertinacius</strong></span> <span class='ocrx_word' id='word_1_290' title='bbox 955 3748 1273 3816; x_wconf 88' lang='lat' dir='ltr'><strong>adserere.</strong></span> <span class='ocrx_word' id='word_1_291' title='bbox 1365 3747 1500 3815; x_wconf 82' lang='lat' dir='ltr'><strong>Sed</strong></span> <span class='ocrx_word' id='word_1_292' title='bbox 1554 3746 1710 3830; x_wconf 89' lang='lat' dir='ltr'><strong>quid</strong></span> <span class='ocrx_word' id='word_1_293' title='bbox 1767 3747 2015 3812; x_wconf 87' lang='lat' dir='ltr'><strong>frustra</strong></span> <span class='ocrx_word' id='word_1_294' title='bbox 2056 3744 2161 3810; x_wconf 91' lang='lat' dir='ltr'><strong>his</strong></span> 
     </span>
     <span class='ocr_line' id='line_1_40' title="bbox 207 3834 2160 3923; baseline -0.003 -22"><span class='ocrx_word' id='word_1_295' title='bbox 207 3840 391 3923; x_wconf 85' lang='lat' dir='ltr'><strong>nugis</strong></span> <span class='ocrx_word' id='word_1_296' title='bbox 435 3845 507 3902; x_wconf 89' lang='lat' dir='ltr'><strong>te</strong></span> <span class='ocrx_word' id='word_1_297' title='bbox 550 3857 843 3904; x_wconf 89' lang='lat' dir='ltr'><strong>remoror</strong></span> <span class='ocrx_word' id='word_1_298' title='bbox 887 3837 968 3902; x_wconf 88' lang='lat' dir='ltr'><strong>ab</strong></span> <span class='ocrx_word' id='word_1_299' title='bbox 1012 3834 1363 3902; x_wconf 81' lang='lat' dir='ltr'><strong>instituto?</strong></span> <span class='ocrx_word' id='word_1_300' title='bbox 1430 3835 1540 3899; x_wconf 88' lang='lat' dir='ltr'><strong>Da</strong></span> <span class='ocrx_word' id='word_1_301' title='bbox 1580 3853 1846 3916; x_wconf 88' lang='lat' dir='ltr'><strong>operam</strong></span> <span class='ocrx_word' id='word_1_302' title='bbox 1890 3843 1964 3897; x_wconf 90' lang='lat' dir='ltr'><strong>ut</strong></span> <span class='ocrx_word' id='word_1_303' title='bbox 2005 3851 2160 3896; x_wconf 85' lang='lat' dir='ltr'><strong>mox</strong></span> 
     </span>
     <span class='ocr_line' id='line_1_41' title="bbox 209 3920 1090 4006; baseline 0 -19"><span class='ocrx_word' id='word_1_304' title='bbox 209 3921 285 3987; x_wconf 88' lang='lat' dir='ltr'><strong>ad</strong></span> <span class='ocrx_word' id='word_1_305' title='bbox 325 3923 714 3989; x_wconf 89' lang='lat' dir='ltr'><strong>umbilicum</strong></span> <span class='ocrx_word' id='word_1_306' title='bbox 753 3920 1090 4006; x_wconf 85' lang='lat' dir='ltr'><strong>perducas.</strong></span> 
     </span>
    </p>

    <p class='ocr_par' dir='ltr' id='par_1_5' title="bbox 210 4000 2163 4863">
     <span class='ocr_line' id='line_1_42' title="bbox 370 4000 2161 4089; baseline -0.006 -14"><span class='ocrx_word' id='word_1_307' title='bbox 370 4010 575 4075; x_wconf 85' lang='lat' dir='ltr'><strong>Mitto</strong></span> <span class='ocrx_word' id='word_1_308' title='bbox 633 4008 715 4073; x_wconf 88' lang='lat' dir='ltr'><strong>ad</strong></span> <span class='ocrx_word' id='word_1_309' title='bbox 772 4018 835 4072; x_wconf 91' lang='lat' dir='ltr'><strong>te</strong></span> <span class='ocrx_word' id='word_1_310' title='bbox 893 4006 1229 4089; x_wconf 91' lang='lat' dir='ltr'><strong>exemplar</strong></span> <span class='ocrx_word' id='word_1_311' title='bbox 1290 4005 1632 4071; x_wconf 85' lang='lat' dir='ltr'><strong>literarum</strong></span> <span class='ocrx_word' id='word_1_312' title='bbox 1696 4002 1933 4087; x_wconf 89' lang='lat' dir='ltr'><strong>quibus</strong></span> <span class='ocrx_word' id='word_1_313' title='bbox 1996 4000 2161 4066; x_wconf 91' lang='lat' dir='ltr'><strong>mihi</strong></span> 
     </span>
     <span class='ocr_line' id='line_1_43' title="bbox 211 4090 2161 4171; baseline -0.003 -12"><span class='ocrx_word' id='word_1_314' title='bbox 211 4115 249 4159; x_wconf 87' lang='lat' dir='ltr'><strong>a</strong></span> <span class='ocrx_word' id='word_1_315' title='bbox 296 4094 699 4160; x_wconf 81' lang='lat' dir='ltr'><strong>Bernatibus</strong></span> <span class='ocrx_word' id='word_1_316' title='bbox 763 4091 1254 4160; x_wconf 89' lang='lat' dir='ltr'><strong>commendatus</strong></span> <span class='ocrx_word' id='word_1_317' title='bbox 1320 4100 1448 4170; x_wconf 88' lang='lat' dir='ltr'><strong>est,</strong></span> <span class='ocrx_word' id='word_1_318' title='bbox 1479 4092 1562 4171; x_wconf 75' lang='lat'><strong>¹2)</strong></span> <span class='ocrx_word' id='word_1_319' title='bbox 1626 4099 1705 4154; x_wconf 90' lang='lat' dir='ltr'><strong>ut</strong></span> <span class='ocrx_word' id='word_1_320' title='bbox 1768 4090 2012 4156; x_wconf 89' lang='lat' dir='ltr'><strong>certius</strong></span> <span class='ocrx_word' id='word_1_321' title='bbox 2079 4108 2161 4154; x_wconf 89' lang='lat' dir='ltr'><strong>ex</strong></span> 
     </span>
     <span class='ocr_line' id='line_1_44' title="bbox 211 4174 2163 4264; baseline -0.004 -19"><span class='ocrx_word' id='word_1_322' title='bbox 211 4180 443 4264; x_wconf 88' lang='lat' dir='ltr'><strong>scripto</strong></span> <span class='ocrx_word' id='word_1_323' title='bbox 503 4178 834 4245; x_wconf 87' lang='lat' dir='ltr'><strong>adscribas</strong></span> <span class='ocrx_word' id='word_1_324' title='bbox 889 4179 1059 4262; x_wconf 90' lang='lat' dir='ltr'><strong>quod</strong></span> <span class='ocrx_word' id='word_1_325' title='bbox 1116 4179 1336 4244; x_wconf 84' lang='lat' dir='ltr'><strong>visum</strong></span> <span class='ocrx_word' id='word_1_326' title='bbox 1391 4176 1610 4242; x_wconf 83' lang='lat' dir='ltr'><strong>fuerit.</strong></span> <span class='ocrx_word' id='word_1_327' title='bbox 1701 4174 2037 4239; x_wconf 84' lang='lat' dir='ltr'><strong>Misissem</strong></span> <span class='ocrx_word' id='word_1_328' title='bbox 2095 4183 2163 4237; x_wconf 89' lang='lat' dir='ltr'><strong>et</strong></span> 
     </span>
     <span class='ocr_line' id='line_1_45' title="bbox 210 4263 2159 4349; baseline -0.004 -19"><span class='ocrx_word' id='word_1_329' title='bbox 210 4264 420 4332; x_wconf 85' lang='lat' dir='ltr'><strong>bullae</strong></span> <span class='ocrx_word' id='word_1_330' title='bbox 464 4266 708 4349; x_wconf 89' lang='lat' dir='ltr'><strong>prioris</strong></span> <span class='ocrx_word' id='word_1_331' title='bbox 745 4264 1103 4347; x_wconf 87' lang='lat' dir='ltr'><strong>exemplar,</strong></span> <span class='ocrx_word' id='word_1_332' title='bbox 1143 4265 1271 4330; x_wconf 88' lang='lat' dir='ltr'><strong>nisi</strong></span> <span class='ocrx_word' id='word_1_333' title='bbox 1310 4263 1486 4347; x_wconf 91' lang='lat' dir='ltr'><strong>apud</strong></span> <span class='ocrx_word' id='word_1_334' title='bbox 1520 4272 1589 4328; x_wconf 90' lang='lat' dir='ltr'><strong>te</strong></span> <span class='ocrx_word' id='word_1_335' title='bbox 1624 4282 1767 4327; x_wconf 86' lang='lat' dir='ltr'><strong>esse</strong></span> <span class='ocrx_word' id='word_1_336' title='bbox 1800 4268 2159 4343; x_wconf 87' lang='lat' dir='ltr'><strong>putassem.</strong></span> 
     </span>
     <span class='ocr_line' id='line_1_46' title="bbox 216 4345 2162 4435; baseline -0.003 -22"><span class='ocrx_word' id='word_1_337' title='bbox 216 4350 481 4417; x_wconf 72' lang='lat' dir='ltr'><strong>Isabella</strong></span> <span class='ocrx_word' id='word_1_338' title='bbox 523 4351 645 4416; x_wconf 90' lang='lat' dir='ltr'><strong>tibi</strong></span> <span class='ocrx_word' id='word_1_339' title='bbox 687 4351 1008 4415; x_wconf 87' lang='lat' dir='ltr'><strong>maximas</strong></span> <span class='ocrx_word' id='word_1_340' title='bbox 1053 4353 1192 4435; x_wconf 88' lang='lat' dir='ltr'><strong>agit</strong></span> <span class='ocrx_word' id='word_1_341' title='bbox 1233 4351 1510 4434; x_wconf 84' lang='lat' dir='ltr'><strong>gratias,</strong></span> <span class='ocrx_word' id='word_1_342' title='bbox 1567 4368 1720 4412; x_wconf 86' lang='lat' dir='ltr'><strong>nam</strong></span> <span class='ocrx_word' id='word_1_343' title='bbox 1763 4345 1861 4410; x_wconf 89' lang='lat' dir='ltr'><strong>illi</strong></span> <span class='ocrx_word' id='word_1_344' title='bbox 1901 4345 1973 4409; x_wconf 89' lang='lat' dir='ltr'><strong>in</strong></span> <span class='ocrx_word' id='word_1_345' title='bbox 2016 4345 2162 4427; x_wconf 90' lang='lat' dir='ltr'><strong>ipso</strong></span> 
     </span>
     <span class='ocr_line' id='line_1_47' title="bbox 213 4429 2161 4521; baseline -0.004 -20"><span class='ocrx_word' id='word_1_346' title='bbox 213 4438 520 4521; x_wconf 90' lang='lat' dir='ltr'><strong>temporis</strong></span> <span class='ocrx_word' id='word_1_347' title='bbox 559 4436 834 4502; x_wconf 88' lang='lat' dir='ltr'><strong>articulo</strong></span> <span class='ocrx_word' id='word_1_348' title='bbox 869 4436 1141 4501; x_wconf 88' lang='lat' dir='ltr'><strong>missum</strong></span> <span class='ocrx_word' id='word_1_349' title='bbox 1179 4444 1280 4501; x_wconf 89' lang='lat' dir='ltr'><strong>est</strong></span> <span class='ocrx_word' id='word_1_350' title='bbox 1316 4433 1695 4500; x_wconf 88' lang='lat' dir='ltr'><strong>subsidium.</strong></span> <span class='ocrx_word' id='word_1_351' title='bbox 1758 4429 2161 4514; x_wconf 80' lang='lat' dir='ltr'><strong>Scripsimus</strong></span> 
     </span>
     <span class='ocr_line' id='line_1_48' title="bbox 215 4516 2157 4593; baseline -0.003 -8"><span class='ocrx_word' id='word_1_352' title='bbox 215 4522 349 4587; x_wconf 88' lang='lat' dir='ltr'><strong>eius</strong></span> <span class='ocrx_word' id='word_1_353' title='bbox 412 4523 678 4588; x_wconf 91' lang='lat' dir='ltr'><strong>nomine</strong></span> <span class='ocrx_word' id='word_1_354' title='bbox 744 4521 1313 4587; x_wconf 86' lang='lat' dir='ltr'><strong>commendatitias</strong></span> <span class='ocrx_word' id='word_1_355' title='bbox 1377 4521 1601 4585; x_wconf 89' lang='lat' dir='ltr'><strong>literas</strong></span> <span class='ocrx_word' id='word_1_356' title='bbox 1666 4516 1751 4583; x_wconf 92' lang='lat' dir='ltr'><strong>ad</strong></span> <span class='ocrx_word' id='word_1_357' title='bbox 1814 4516 2157 4593; x_wconf 89' lang='lat' dir='ltr'><strong>Bernates,</strong></span> 
     </span>
     <span class='ocr_line' id='line_1_49' title="bbox 216 4601 2158 4692; baseline -0.004 -20"><span class='ocrx_word' id='word_1_358' title='bbox 216 4608 321 4672; x_wconf 88' lang='lat' dir='ltr'><strong>sed</strong></span> <span class='ocrx_word' id='word_1_359' title='bbox 381 4609 617 4691; x_wconf 88' lang='lat' dir='ltr'><strong>quibus</strong></span> <span class='ocrx_word' id='word_1_360' title='bbox 674 4606 968 4673; x_wconf 91' lang='lat' dir='ltr'><strong>nondum</strong></span> <span class='ocrx_word' id='word_1_361' title='bbox 1023 4628 1413 4692; x_wconf 88' lang='lat' dir='ltr'><strong>responsum</strong></span> <span class='ocrx_word' id='word_1_362' title='bbox 1471 4613 1589 4671; x_wconf 92' lang='lat' dir='ltr'><strong>est.</strong></span> <span class='ocrx_word' id='word_1_363' title='bbox 1678 4601 1886 4667; x_wconf 91' lang='lat' dir='ltr'><strong>Doleo</strong></span> <span class='ocrx_word' id='word_1_364' title='bbox 1946 4602 2158 4666; x_wconf 86' lang='lat' dir='ltr'><strong>vicem</strong></span> 
     </span>
     <span class='ocr_line' id='line_1_50' title="bbox 222 4687 2161 4778; baseline -0.003 -21"><span class='ocrx_word' id='word_1_365' title='bbox 222 4692 486 4760; x_wconf 60' lang='lat' dir='ltr'><strong>Girardi</strong></span> <span class='ocrx_word' id='word_1_366' title='bbox 539 4693 969 4778; x_wconf 83' lang='lat' dir='ltr'><strong>typographi:</strong></span> <span class='ocrx_word' id='word_1_367' title='bbox 1033 4713 1187 4758; x_wconf 89' lang='lat' dir='ltr'><strong>nam</strong></span> <span class='ocrx_word' id='word_1_368' title='bbox 1245 4700 1564 4777; x_wconf 89' lang='lat' dir='ltr'><strong>quantum</strong></span> <span class='ocrx_word' id='word_1_369' title='bbox 1619 4710 1702 4755; x_wconf 91' lang='lat' dir='ltr'><strong>ex</strong></span> <span class='ocrx_word' id='word_1_370' title='bbox 1758 4688 1900 4753; x_wconf 91' lang='lat' dir='ltr'><strong>eius</strong></span> <span class='ocrx_word' id='word_1_371' title='bbox 1950 4687 2161 4752; x_wconf 89' lang='lat' dir='ltr'><strong>literis</strong></span> 
     </span>
     <span class='ocr_line' id='line_1_51' title="bbox 217 4773 2163 4863; baseline -0.004 -20"><span class='ocrx_word' id='word_1_372' title='bbox 217 4788 280 4843; x_wconf 88' lang='lat' dir='ltr'><strong>et</strong></span> <span class='ocrx_word' id='word_1_373' title='bbox 297 4800 510 4863; x_wconf 89' lang='lat' dir='ltr'><strong>nuper</strong></span> <span class='ocrx_word' id='word_1_374' title='bbox 529 4799 615 4844; x_wconf 90' lang='lat' dir='ltr'><strong>ex</strong></span> <span class='ocrx_word' id='word_1_375' title='bbox 650 4781 793 4845; x_wconf 88' lang='lat' dir='ltr'><strong>eius</strong></span> <span class='ocrx_word' id='word_1_376' title='bbox 826 4778 1146 4862; x_wconf 85' lang='lat' dir='ltr'><strong>colloquio</strong></span> <span class='ocrx_word' id='word_1_377' title='bbox 1181 4778 1497 4855; x_wconf 82' lang='lat' dir='ltr'><strong>intellexi,</strong></span> <span class='ocrx_word' id='word_1_378' title='bbox 1534 4777 1746 4843; x_wconf 87' lang='lat' dir='ltr'><strong>bonus</strong></span> <span class='ocrx_word' id='word_1_379' title='bbox 1781 4773 1885 4839; x_wconf 81' lang='lat' dir='ltr'><strong>vir</strong></span> <span class='ocrx_word' id='word_1_380' title='bbox 1919 4792 2163 4856; x_wconf 85' lang='lat' dir='ltr'><strong>magna</strong></span> 
     </span>
    </p>
   </div>
   <div class='ocr_carea' id='block_1_3' title="bbox 218 4952 615 4963">
    <p class='ocr_par' dir='ltr' id='par_1_6' title="bbox 218 4952 615 4963">
     <span class='ocr_line' id='line_1_52' title="bbox 218 4952 615 4963; baseline 0 1212"><span class='ocrx_word' id='word_1_381' title='bbox 218 4952 615 4963; x_wconf 95' lang='lat' dir='ltr'><strong> </strong></span> 
     </span>
    </p>
   </div>
   <div class='ocr_carea' id='block_1_4' title="bbox 218 5031 2164 5381">
    <p class='ocr_par' dir='ltr' id='par_1_7' title="bbox 218 5031 2159 5175">
     <span class='ocr_line' id='line_1_53' title="bbox 380 5031 2159 5103; baseline -0.002 -15"><span class='ocrx_word' id='word_1_382' title='bbox 380 5033 475 5103; x_wconf 88' lang='grc'><strong>10)</strong></span> <span class='ocrx_word' id='word_1_383' title='bbox 514 5034 704 5091; x_wconf 66' lang='lat' dir='ltr'><strong>Etiam</strong></span> <span class='ocrx_word' id='word_1_384' title='bbox 739 5036 871 5090; x_wconf 76' lang='lat' dir='ltr'><strong>haec</strong></span> <span class='ocrx_word' id='word_1_385' title='bbox 903 5035 965 5090; x_wconf 77' lang='lat' dir='ltr'><strong>in</strong></span> <span class='ocrx_word' id='word_1_386' title='bbox 1001 5035 1143 5090; x_wconf 76' lang='lat' dir='ltr'><strong>edito</strong></span> <span class='ocrx_word' id='word_1_387' title='bbox 1178 5035 1353 5091; x_wconf 72' lang='lat' dir='ltr'><strong>libello</strong></span> <span class='ocrx_word' id='word_1_388' title='bbox 1398 5038 1610 5089; x_wconf 77' lang='lat' dir='ltr'><strong>mutata</strong></span> <span class='ocrx_word' id='word_1_389' title='bbox 1644 5031 1914 5098; x_wconf 62' lang='lat' dir='ltr'><strong>viduetur,</strong></span> <span class='ocrx_word' id='word_1_390' title='bbox 1950 5031 2007 5085; x_wconf 73' lang='lat' dir='ltr'><strong>ci</strong></span> <span class='ocrx_word' id='word_1_391' title='bbox 2036 5044 2159 5085; x_wconf 72' lang='lat' dir='ltr'><strong>con-</strong></span> 
     </span>
     <span class='ocr_line' id='line_1_54' title="bbox 218 5102 1201 5175; baseline 0 -16"><span class='ocrx_word' id='word_1_392' title='bbox 218 5102 327 5167; x_wconf 73' lang='lat' dir='ltr'><strong>fen</strong></span> <span class='ocrx_word' id='word_1_393' title='bbox 529 5120 676 5159; x_wconf 73' lang='lat' dir='ltr'><strong>nunc</strong></span> <span class='ocrx_word' id='word_1_394' title='bbox 704 5122 759 5172; x_wconf 83' lang='lat' dir='ltr'><strong>p.</strong></span> <span class='ocrx_word' id='word_1_395' title='bbox 794 5102 900 5158; x_wconf 82' lang='lat'><strong>304</strong></span> <span class='ocrx_word' id='word_1_396' title='bbox 931 5104 1201 5175; x_wconf 63' lang='lat' dir='ltr'><strong>leguntur.</strong></span> 
     </span>
    </p>

    <p class='ocr_par' dir='ltr' id='par_1_8' title="bbox 223 5121 2164 5381">
     <span class='ocr_line' id='line_1_55' title="bbox 381 5121 2164 5240; baseline -0.002 -14"><span class='ocrx_word' id='word_1_397' title='bbox 381 5121 476 5239; x_wconf 64' lang='lat' dir='ltr'><strong>¹il)</strong></span> <span class='ocrx_word' id='word_1_398' title='bbox 516 5171 739 5228; x_wconf 75' lang='lat' dir='ltr'><strong>Catonis</strong></span> <span class='ocrx_word' id='word_1_399' title='bbox 772 5187 965 5227; x_wconf 67' lang='lat' dir='ltr'><strong>nonam</strong></span> <span class='ocrx_word' id='word_1_400' title='bbox 997 5190 1147 5228; x_wconf 74' lang='lat' dir='ltr'><strong>nunc</strong></span> <span class='ocrx_word' id='word_1_401' title='bbox 1178 5173 1241 5227; x_wconf 77' lang='lat' dir='ltr'><strong>in</strong></span> <span class='ocrx_word' id='word_1_402' title='bbox 1282 5168 1503 5227; x_wconf 67' lang='lat' dir='ltr'><strong>&amp;alvini</strong></span> <span class='ocrx_word' id='word_1_403' title='bbox 1533 5171 1737 5240; x_wconf 57' lang='lat' dir='ltr'><strong>scripto</strong></span> <span class='ocrx_word' id='word_1_404' title='bbox 1769 5169 1886 5224; x_wconf 72' lang='lat' dir='ltr'><strong>nisi</strong></span> <span class='ocrx_word' id='word_1_405' title='bbox 1912 5167 2164 5237; x_wconf 74' lang='lat' dir='ltr'><strong>fallimur</strong></span> 
     </span>
     <span class='ocr_line' id='line_1_56' title="bbox 223 5238 1866 5381; baseline -0.002 -86"><span class='ocrx_word' id='word_1_406' title='bbox 223 5238 1866 5381; x_wconf 41' lang='grc' dir='ltr'><strong>ποηηιὲιεξχόΐὸἓοὲὅςυηΐζςαίῑοσκελασηοπροήίπει.</strong></span> 
     </span>
    </p>
   </div>
   <div class='ocr_carea' id='block_1_5' title="bbox 2018 389 2408 458">
    <p class='ocr_par' dir='ltr' id='par_1_9' title="bbox 2018 389 2408 458">
     <span class='ocr_line' id='line_1_57' title="bbox 2018 389 2408 458; baseline 0.005 -5"><span class='ocrx_word' id='word_1_407' title='bbox 2018 393 2180 454; x_wconf 83' lang='lat'>1545</span> <span class='ocrx_word' id='word_1_408' title='bbox 2224 389 2408 458; x_wconf 85' lang='lat' dir='ltr'><strong>IUL.</strong></span> 
     </span>
    </p>
   </div>
   <div class='ocr_carea' id='block_1_6' title="bbox 2202 601 2220 5366">
    <p class='ocr_par' dir='ltr' id='par_1_10' title="bbox 2202 601 2220 5366">
     <span class='ocr_line' id='line_1_58' title="bbox 2202 601 2220 5366; baseline 0 0"><span class='ocrx_word' id='word_1_409' title='bbox 2202 601 2220 5366; x_wconf 95' lang='lat' dir='ltr'><strong> </strong></span> 
     </span>
    </p>
   </div>
   <div class='ocr_carea' id='block_1_7' title="bbox 4082 393 4200 455">
    <p class='ocr_par' dir='ltr' id='par_1_11' title="bbox 4082 393 4200 455">
     <span class='ocr_line' id='line_1_59' title="bbox 4082 393 4200 455; baseline 0 -1"><span class='ocrx_word' id='word_1_410' title='bbox 4082 393 4200 455; x_wconf 91' lang='grc'><strong>106</strong></span> 
     </span>
    </p>
   </div>
   <div class='ocr_carea' id='block_1_8' title="bbox 2252 576 4211 2186">
    <p class='ocr_par' dir='ltr' id='par_1_12' title="bbox 2252 576 4211 2186">
     <span class='ocr_line' id='line_1_60' title="bbox 2256 576 4205 663; baseline 0.001 -22"><span class='ocrx_word' id='word_1_411' title='bbox 2256 578 2581 662; x_wconf 90' lang='lat' dir='ltr'><strong>premitur</strong></span> <span class='ocrx_word' id='word_1_412' title='bbox 2622 577 2940 661; x_wconf 90' lang='lat' dir='ltr'><strong>pecuniae</strong></span> <span class='ocrx_word' id='word_1_413' title='bbox 2979 576 3259 661; x_wconf 90' lang='lat' dir='ltr'><strong>penuria</strong></span> <span class='ocrx_word' id='word_1_414' title='bbox 3300 596 3430 661; x_wconf 89' lang='lat' dir='ltr'><strong>quo</strong></span> <span class='ocrx_word' id='word_1_415' title='bbox 3474 576 3554 641; x_wconf 89' lang='lat' dir='ltr'><strong>fit</strong></span> <span class='ocrx_word' id='word_1_416' title='bbox 3588 584 3660 641; x_wconf 90' lang='lat' dir='ltr'><strong>ut</strong></span> <span class='ocrx_word' id='word_1_417' title='bbox 3691 597 3900 660; x_wconf 90' lang='lat' dir='ltr'><strong>paene</strong></span> <span class='ocrx_word' id='word_1_418' title='bbox 3934 585 4205 663; x_wconf 87' lang='lat' dir='ltr'><strong>cogatur</strong></span> 
     </span>
     <span class='ocr_line' id='line_1_61' title="bbox 2255 660 4206 747; baseline 0.001 -19"><span class='ocrx_word' id='word_1_419' title='bbox 2255 662 2515 747; x_wconf 90' lang='lat' dir='ltr'><strong>prelum</strong></span> <span class='ocrx_word' id='word_1_420' title='bbox 2557 660 2855 729; x_wconf 88' lang='lat' dir='ltr'><strong>deserere</strong></span> <span class='ocrx_word' id='word_1_421' title='bbox 2912 663 3045 728; x_wconf 89' lang='lat' dir='ltr'><strong>nisi</strong></span> <span class='ocrx_word' id='word_1_422' title='bbox 3088 662 3450 728; x_wconf 86' lang='lat' dir='ltr'><strong>adiuvetur.</strong></span> <span class='ocrx_word' id='word_1_423' title='bbox 3541 660 3615 728; x_wconf 80' lang='lat' dir='ltr'><strong>Si</strong></span> <span class='ocrx_word' id='word_1_424' title='bbox 3660 663 3944 729; x_wconf 84' lang='lat' dir='ltr'><strong>inveniri</strong></span> <span class='ocrx_word' id='word_1_425' title='bbox 3986 673 4206 746; x_wconf 88' lang='lat' dir='ltr'><strong>posset</strong></span> 
     </span>
     <span class='ocr_line' id='line_1_62' title="bbox 2257 747 4204 834; baseline 0.001 -21"><span class='ocrx_word' id='word_1_426' title='bbox 2257 748 2494 832; x_wconf 86' lang='lat' dir='ltr'><strong>aliquis</strong></span> <span class='ocrx_word' id='word_1_427' title='bbox 2530 750 2644 831; x_wconf 86' lang='lat' dir='ltr'><strong>qui</strong></span> <span class='ocrx_word' id='word_1_428' title='bbox 2692 747 3037 834; x_wconf 87' lang='lat' dir='ltr'><strong>pecuniam</strong></span> <span class='ocrx_word' id='word_1_429' title='bbox 3095 748 3558 831; x_wconf 87' lang='lat' dir='ltr'><strong>suppeditaret,</strong></span> <span class='ocrx_word' id='word_1_430' title='bbox 3603 748 3957 815; x_wconf 86' lang='lat' dir='ltr'><strong>excuderet</strong></span> <span class='ocrx_word' id='word_1_431' title='bbox 3990 748 4204 815; x_wconf 89' lang='lat' dir='ltr'><strong>denuo</strong></span> 
     </span>
     <span class='ocr_line' id='line_1_63' title="bbox 2255 834 4203 917; baseline 0.001 -18"><span class='ocrx_word' id='word_1_432' title='bbox 2255 834 2524 899; x_wconf 81' lang='lat' dir='ltr'><strong>Novum</strong></span> <span class='ocrx_word' id='word_1_433' title='bbox 2566 834 3062 900; x_wconf 74' lang='lat' dir='ltr'><strong>Testamentum</strong></span> <span class='ocrx_word' id='word_1_434' title='bbox 3081 886 3097 913; x_wconf 94' lang='lat'><strong>,</strong></span> <span class='ocrx_word' id='word_1_435' title='bbox 3156 855 3278 899; x_wconf 91' lang='lat' dir='ltr'><strong>nec</strong></span> <span class='ocrx_word' id='word_1_436' title='bbox 3333 836 3652 900; x_wconf 86' lang='lat' dir='ltr'><strong>iacturam</strong></span> <span class='ocrx_word' id='word_1_437' title='bbox 3694 835 3939 900; x_wconf 85' lang='lat' dir='ltr'><strong>faceret</strong></span> <span class='ocrx_word' id='word_1_438' title='bbox 3979 835 4091 917; x_wconf 90' lang='lat' dir='ltr'><strong>qui</strong></span> <span class='ocrx_word' id='word_1_439' title='bbox 4134 856 4203 900; x_wconf 92' lang='lat' dir='ltr'><strong>se</strong></span> 
     </span>
     <span class='ocr_line' id='line_1_64' title="bbox 2257 919 4208 1004; baseline 0.002 -20"><span class='ocrx_word' id='word_1_440' title='bbox 2257 919 2507 986; x_wconf 88' lang='lat' dir='ltr'><strong>socium</strong></span> <span class='ocrx_word' id='word_1_441' title='bbox 2567 919 2974 1004; x_wconf 86' lang='lat' dir='ltr'><strong>adiungeret.</strong></span> <span class='ocrx_word' id='word_1_442' title='bbox 3052 920 3231 985; x_wconf 87' lang='lat' dir='ltr'><strong>Eum</strong></span> <span class='ocrx_word' id='word_1_443' title='bbox 3294 919 3412 986; x_wconf 89' lang='lat' dir='ltr'><strong>tibi</strong></span> <span class='ocrx_word' id='word_1_444' title='bbox 3472 921 4000 986; x_wconf 88' lang='lat' dir='ltr'><strong>commendarem</strong></span> <span class='ocrx_word' id='word_1_445' title='bbox 4013 971 4029 999; x_wconf 89' lang='lat'><strong>,</strong></span> <span class='ocrx_word' id='word_1_446' title='bbox 4076 921 4208 988; x_wconf 87' lang='lat' dir='ltr'><strong>nisi</strong></span> 
     </span>
     <span class='ocr_line' id='line_1_65' title="bbox 2255 1003 4205 1094; baseline -0.001 -22"><span class='ocrx_word' id='word_1_447' title='bbox 2255 1015 2433 1072; x_wconf 88' lang='lat' dir='ltr'><strong>certo</strong></span> <span class='ocrx_word' id='word_1_448' title='bbox 2478 1006 2713 1071; x_wconf 90' lang='lat' dir='ltr'><strong>scirem</strong></span> <span class='ocrx_word' id='word_1_449' title='bbox 2760 1004 2876 1069; x_wconf 89' lang='lat' dir='ltr'><strong>tibi</strong></span> <span class='ocrx_word' id='word_1_450' title='bbox 2922 1027 3063 1071; x_wconf 89' lang='lat' dir='ltr'><strong>esse</strong></span> <span class='ocrx_word' id='word_1_451' title='bbox 3107 1026 3306 1088; x_wconf 89' lang='lat' dir='ltr'><strong>quam</strong></span> <span class='ocrx_word' id='word_1_452' title='bbox 3361 1003 4090 1072; x_wconf 88' lang='lat' dir='ltr'><strong>commendatissimum.</strong></span> <span class='ocrx_word' id='word_1_453' title='bbox 4121 1004 4205 1094; x_wconf 81' lang='lat'><strong>¹⁸)</strong></span> 
     </span>
     <span class='ocr_line' id='line_1_66' title="bbox 2254 1090 4207 1174; baseline 0.001 -17"><span class='ocrx_word' id='word_1_454' title='bbox 2254 1090 2563 1173; x_wconf 88' lang='lat' dir='ltr'><strong>Undique</strong></span> <span class='ocrx_word' id='word_1_455' title='bbox 2607 1091 2944 1174; x_wconf 88' lang='lat' dir='ltr'><strong>premitur.</strong></span> <span class='ocrx_word' id='word_1_456' title='bbox 3016 1091 3207 1156; x_wconf 88' lang='lat' dir='ltr'><strong>Libri</strong></span> <span class='ocrx_word' id='word_1_457' title='bbox 3251 1114 3425 1158; x_wconf 89' lang='lat' dir='ltr'><strong>nunc</strong></span> <span class='ocrx_word' id='word_1_458' title='bbox 3468 1113 3601 1156; x_wconf 91' lang='lat' dir='ltr'><strong>non</strong></span> <span class='ocrx_word' id='word_1_459' title='bbox 3645 1100 3804 1158; x_wconf 88' lang='lat' dir='ltr'><strong>sunt</strong></span> <span class='ocrx_word' id='word_1_460' title='bbox 3845 1092 4207 1158; x_wconf 87' lang='lat' dir='ltr'><strong>vendibiles</strong></span> 
     </span>
     <span class='ocr_line' id='line_1_67' title="bbox 2257 1175 4206 1260; baseline 0.001 -17"><span class='ocrx_word' id='word_1_461' title='bbox 2257 1175 2706 1243; x_wconf 82' lang='lat' dir='ltr'><strong>saevient-ibus</strong></span> <span class='ocrx_word' id='word_1_462' title='bbox 2765 1177 3369 1260; x_wconf 88' lang='lat' dir='ltr'><strong>persequutoribus,</strong></span> <span class='ocrx_word' id='word_1_463' title='bbox 3431 1191 3498 1242; x_wconf 92' lang='lat' dir='ltr'><strong>et</strong></span> <span class='ocrx_word' id='word_1_464' title='bbox 3540 1178 3653 1260; x_wconf 91' lang='lat' dir='ltr'><strong>qui</strong></span> <span class='ocrx_word' id='word_1_465' title='bbox 3696 1177 3776 1243; x_wconf 89' lang='lat' dir='ltr'><strong>ab</strong></span> <span class='ocrx_word' id='word_1_466' title='bbox 3821 1198 3897 1243; x_wconf 91' lang='lat' dir='ltr'><strong>eo</strong></span> <span class='ocrx_word' id='word_1_467' title='bbox 3939 1177 4206 1244; x_wconf 84' lang='lat' dir='ltr'><strong>venales</strong></span> 
     </span>
     <span class='ocr_line' id='line_1_68' title="bbox 2256 1260 4208 1348; baseline 0.001 -21"><span class='ocrx_word' id='word_1_468' title='bbox 2256 1271 2646 1346; x_wconf 89' lang='lat' dir='ltr'><strong>acceperant</strong></span> <span class='ocrx_word' id='word_1_469' title='bbox 2687 1262 2881 1327; x_wconf 89' lang='lat' dir='ltr'><strong>multi</strong></span> <span class='ocrx_word' id='word_1_470' title='bbox 2923 1263 3278 1348; x_wconf 90' lang='lat' dir='ltr'><strong>perierunt.</strong></span> <span class='ocrx_word' id='word_1_471' title='bbox 3368 1260 3442 1329; x_wconf 80' lang='lat' dir='ltr'><strong>Si</strong></span> <span class='ocrx_word' id='word_1_472' title='bbox 3488 1263 3618 1328; x_wconf 89' lang='lat' dir='ltr'><strong>alia</strong></span> <span class='ocrx_word' id='word_1_473' title='bbox 3661 1264 3929 1343; x_wconf 85' lang='lat' dir='ltr'><strong>desunt,</strong></span> <span class='ocrx_word' id='word_1_474' title='bbox 3972 1264 4208 1330; x_wconf 89' lang='lat' dir='ltr'><strong>saltem</strong></span> 
     </span>
     <span class='ocr_line' id='line_1_69' title="bbox 2254 1347 4206 1433; baseline 0.001 -20"><span class='ocrx_word' id='word_1_475' title='bbox 2254 1349 2401 1413; x_wconf 79' lang='lat' dir='ltr'><strong>viro</strong></span> <span class='ocrx_word' id='word_1_476' title='bbox 2449 1347 2615 1413; x_wconf 92' lang='lat' dir='ltr'><strong>bono</strong></span> <span class='ocrx_word' id='word_1_477' title='bbox 2659 1349 2874 1414; x_wconf 87' lang='lat' dir='ltr'><strong>aderis</strong></span> <span class='ocrx_word' id='word_1_478' title='bbox 2917 1349 3203 1415; x_wconf 90' lang='lat' dir='ltr'><strong>consilio.</strong></span> <span class='ocrx_word' id='word_1_479' title='bbox 3282 1349 3564 1414; x_wconf 71' lang='lat' dir='ltr'><strong>Remitto</strong></span> <span class='ocrx_word' id='word_1_480' title='bbox 3609 1350 3848 1433; x_wconf 81' lang='lat' dir='ltr'><strong>scripta</strong></span> <span class='ocrx_word' id='word_1_481' title='bbox 3894 1350 3964 1414; x_wconf 93' lang='lat' dir='ltr'><strong>in</strong></span> <span class='ocrx_word' id='word_1_482' title='bbox 4012 1348 4206 1415; x_wconf 81' lang='lat' dir='ltr'><strong>Garo-</strong></span> 
     </span>
     <span class='ocr_line' id='line_1_70' title="bbox 2254 1433 4204 1518; baseline 0 -18"><span class='ocrx_word' id='word_1_483' title='bbox 2254 1433 2403 1500; x_wconf 81' lang='lat' dir='ltr'><strong>zum.</strong></span> <span class='ocrx_word' id='word_1_484' title='bbox 2450 1433 2781 1516; x_wconf 79' lang='lat' dir='ltr'><strong>Epistulas</strong></span> <span class='ocrx_word' id='word_1_485' title='bbox 2816 1445 2974 1500; x_wconf 63' lang='lat' dir='ltr'><strong>vero</strong></span> <span class='ocrx_word' id='word_1_486' title='bbox 3009 1455 3293 1516; x_wconf 88' lang='lat' dir='ltr'><strong>quarum</strong></span> <span class='ocrx_word' id='word_1_487' title='bbox 3324 1435 3564 1500; x_wconf 89' lang='lat' dir='ltr'><strong>misisti</strong></span> <span class='ocrx_word' id='word_1_488' title='bbox 3597 1435 3935 1518; x_wconf 90' lang='lat' dir='ltr'><strong>exemplar</strong></span> <span class='ocrx_word' id='word_1_489' title='bbox 3976 1435 4204 1500; x_wconf 89' lang='lat' dir='ltr'><strong>remit-</strong></span> 
     </span>
     <span class='ocr_line' id='line_1_71' title="bbox 2255 1519 4206 1605; baseline 0.001 -22"><span class='ocrx_word' id='word_1_490' title='bbox 2255 1528 2391 1583; x_wconf 88' lang='lat' dir='ltr'><strong>tam</strong></span> <span class='ocrx_word' id='word_1_491' title='bbox 2447 1519 2558 1584; x_wconf 90' lang='lat' dir='ltr'><strong>ubi</strong></span> <span class='ocrx_word' id='word_1_492' title='bbox 2614 1519 2877 1585; x_wconf 90' lang='lat' dir='ltr'><strong>licuerit</strong></span> <span class='ocrx_word' id='word_1_493' title='bbox 2930 1542 3050 1604; x_wconf 89' lang='lat' dir='ltr'><strong>per</strong></span> <span class='ocrx_word' id='word_1_494' title='bbox 3106 1520 3310 1585; x_wconf 88' lang='lat' dir='ltr'><strong>otium</strong></span> <span class='ocrx_word' id='word_1_495' title='bbox 3356 1520 3572 1605; x_wconf 87' lang='lat' dir='ltr'><strong>legere</strong></span> <span class='ocrx_word' id='word_1_496' title='bbox 3616 1528 3685 1586; x_wconf 88' lang='lat' dir='ltr'><strong>et</strong></span> <span class='ocrx_word' id='word_1_497' title='bbox 3725 1521 4049 1586; x_wconf 85' lang='lat' dir='ltr'><strong>maturius</strong></span> <span class='ocrx_word' id='word_1_498' title='bbox 4089 1542 4206 1586; x_wconf 91' lang='lat' dir='ltr'><strong>ex-</strong></span> 
     </span>
     <span class='ocr_line' id='line_1_72' title="bbox 2253 1603 4206 1690; baseline 0.001 -20"><span class='ocrx_word' id='word_1_499' title='bbox 2253 1603 2572 1687; x_wconf 90' lang='lat' dir='ltr'><strong>pendere:</strong></span> <span class='ocrx_word' id='word_1_500' title='bbox 2634 1626 2787 1669; x_wconf 90' lang='lat' dir='ltr'><strong>nam</strong></span> <span class='ocrx_word' id='word_1_501' title='bbox 2834 1627 2945 1672; x_wconf 88' lang='lat' dir='ltr'><strong>eas</strong></span> <span class='ocrx_word' id='word_1_502' title='bbox 2988 1604 3316 1671; x_wconf 83' lang='lat' dir='ltr'><strong>duntaxat</strong></span> <span class='ocrx_word' id='word_1_503' title='bbox 3357 1605 3570 1672; x_wconf 90' lang='lat' dir='ltr'><strong>obiter</strong></span> <span class='ocrx_word' id='word_1_504' title='bbox 3609 1607 3920 1690; x_wconf 88' lang='lat' dir='ltr'><strong>percurri.</strong></span> <span class='ocrx_word' id='word_1_505' title='bbox 4009 1603 4206 1671; x_wconf 83' lang='lat' dir='ltr'><strong>Salu-</strong></span> 
     </span>
     <span class='ocr_line' id='line_1_73' title="bbox 2254 1691 4211 1775; baseline 0.001 -20"><span class='ocrx_word' id='word_1_506' title='bbox 2254 1704 2407 1756; x_wconf 88' lang='lat' dir='ltr'><strong>tans</strong></span> <span class='ocrx_word' id='word_1_507' title='bbox 2462 1697 2532 1756; x_wconf 92' lang='lat' dir='ltr'><strong>te</strong></span> <span class='ocrx_word' id='word_1_508' title='bbox 2589 1691 2799 1757; x_wconf 91' lang='lat' dir='ltr'><strong>nostri</strong></span> <span class='ocrx_word' id='word_1_509' title='bbox 2864 1712 3106 1757; x_wconf 89' lang='lat' dir='ltr'><strong>omnes.</strong></span> <span class='ocrx_word' id='word_1_510' title='bbox 3198 1691 3431 1757; x_wconf 81' lang='lat' dir='ltr'><strong>Saluta</strong></span> <span class='ocrx_word' id='word_1_511' title='bbox 3496 1693 3755 1771; x_wconf 85' lang='lat' dir='ltr'><strong>amicos,</strong></span> <span class='ocrx_word' id='word_1_512' title='bbox 3822 1693 4211 1775; x_wconf 88' lang='lat' dir='ltr'><strong>praesertim</strong></span> 
     </span>
     <span class='ocr_line' id='line_1_74' title="bbox 2253 1778 4207 1861; baseline 0.001 -20"><span class='ocrx_word' id='word_1_513' title='bbox 2253 1796 2529 1842; x_wconf 89' lang='lat' dir='ltr'><strong>uxorem</strong></span> <span class='ocrx_word' id='word_1_514' title='bbox 2574 1797 2720 1842; x_wconf 90' lang='lat' dir='ltr'><strong>meo</strong></span> <span class='ocrx_word' id='word_1_515' title='bbox 2766 1784 2836 1843; x_wconf 87' lang='lat' dir='ltr'><strong>et</strong></span> <span class='ocrx_word' id='word_1_516' title='bbox 2875 1799 3060 1842; x_wconf 88' lang='lat' dir='ltr'><strong>meae</strong></span> <span class='ocrx_word' id='word_1_517' title='bbox 3116 1778 3343 1843; x_wconf 88' lang='lat' dir='ltr'><strong>uxoris</strong></span> <span class='ocrx_word' id='word_1_518' title='bbox 3400 1778 3692 1856; x_wconf 91' lang='lat' dir='ltr'><strong>nomine,</strong></span> <span class='ocrx_word' id='word_1_519' title='bbox 3751 1797 3918 1861; x_wconf 88' lang='lat' dir='ltr'><strong>quae</strong></span> <span class='ocrx_word' id='word_1_520' title='bbox 3970 1797 4207 1861; x_wconf 89' lang='lat' dir='ltr'><strong>parum</strong></span> 
     </span>
     <span class='ocr_line' id='line_1_75' title="bbox 2252 1861 4206 1946; baseline -0.001 -18"><span class='ocrx_word' id='word_1_521' title='bbox 2252 1862 2435 1928; x_wconf 86' lang='lat' dir='ltr'><strong>valet</strong></span> <span class='ocrx_word' id='word_1_522' title='bbox 2476 1885 2559 1928; x_wconf 93' lang='lat' dir='ltr'><strong>ex</strong></span> <span class='ocrx_word' id='word_1_523' title='bbox 2606 1864 2806 1928; x_wconf 89' lang='lat' dir='ltr'><strong>animi</strong></span> <span class='ocrx_word' id='word_1_524' title='bbox 2853 1864 3200 1929; x_wconf 89' lang='lat' dir='ltr'><strong>sententia.</strong></span> <span class='ocrx_word' id='word_1_525' title='bbox 3291 1861 3544 1929; x_wconf 87' lang='lat' dir='ltr'><strong>Vereor</strong></span> <span class='ocrx_word' id='word_1_526' title='bbox 3585 1885 3667 1930; x_wconf 93' lang='lat' dir='ltr'><strong>ne</strong></span> <span class='ocrx_word' id='word_1_527' title='bbox 3710 1861 3973 1928; x_wconf 86' lang='lat' dir='ltr'><strong>tandem</strong></span> <span class='ocrx_word' id='word_1_528' title='bbox 4017 1884 4206 1946; x_wconf 89' lang='lat' dir='ltr'><strong>aper-</strong></span> 
     </span>
     <span class='ocr_line' id='line_1_76' title="bbox 2254 1947 4202 2097; baseline 0 -85"><span class='ocrx_word' id='word_1_529' title='bbox 2254 1947 2388 2097; x_wconf 58' lang='grc' dir='ltr'><strong>ίίἰὲιέ</strong></span> <span class='ocrx_word' id='word_1_530' title='bbox 2446 1949 2716 2015; x_wconf 90' lang='lat' dir='ltr'><strong>morbus</strong></span> <span class='ocrx_word' id='word_1_531' title='bbox 2773 1957 3095 2033; x_wconf 89' lang='lat' dir='ltr'><strong>erumpat.</strong></span> <span class='ocrx_word' id='word_1_532' title='bbox 3184 1948 3373 2014; x_wconf 88' lang='lat' dir='ltr'><strong>Vale.</strong></span> <span class='ocrx_word' id='word_1_533' title='bbox 3457 1949 3857 2015; x_wconf 87' lang='lat' dir='ltr'><strong>Lausannae</strong></span> <span class='ocrx_word' id='word_1_534' title='bbox 3908 1953 4001 2014; x_wconf 88' lang='lat'><strong>14.</strong></span> <span class='ocrx_word' id='word_1_535' title='bbox 4048 1947 4202 2013; x_wconf 89' lang='lat' dir='ltr'><strong>Iulii</strong></span> 
     </span>
     <span class='ocr_line' id='line_1_77' title="bbox 3385 2121 4034 2186; baseline 0 -1"><span class='ocrx_word' id='word_1_536' title='bbox 3385 2121 3568 2186; x_wconf 74' lang='lat' dir='ltr'><strong>&#39;l&#39;uus</strong></span> <span class='ocrx_word' id='word_1_537' title='bbox 3617 2122 3694 2186; x_wconf 92' lang='lat' dir='ltr'><strong>P.</strong></span> <span class='ocrx_word' id='word_1_538' title='bbox 3739 2121 4034 2186; x_wconf 86' lang='lat' dir='ltr'><strong>Viretus.</strong></span> 
     </span>
    </p>
   </div>
   <div class='ocr_carea' id='block_1_9' title="bbox 2682 2632 3776 2855">
    <p class='ocr_par' dir='ltr' id='par_1_13' title="bbox 2682 2632 3776 2855">
     <span class='ocr_line' id='line_1_78' title="bbox 3166 2632 3310 2703; baseline -0.028 1"><span class='ocrx_word' id='word_1_539' title='bbox 3166 2632 3310 2703; x_wconf 68' lang='lat'><strong>6⁶1.</strong></span> 
     </span>
     <span class='ocr_line' id='line_1_79' title="bbox 2682 2785 3776 2855; baseline -0.001 -2"><span class='ocrx_word' id='word_1_540' title='bbox 2682 2785 3268 2855; x_wconf 72' lang='lat' dir='ltr'>LIBERTETUS</span> <span class='ocrx_word' id='word_1_541' title='bbox 3312 2785 3776 2854; x_wconf 73' lang='lat' dir='ltr'><strong>PARELLO.</strong></span> 
     </span>
    </p>
   </div>
   <div class='ocr_carea' id='block_1_10' title="bbox 2250 2956 4207 3129">
    <p class='ocr_par' dir='ltr' id='par_1_14' title="bbox 2250 2956 4207 3129">
     <span class='ocr_line' id='line_1_80' title="bbox 2436 2956 4207 3041; baseline -0.001 -17"><span class='ocrx_word' id='word_1_542' title='bbox 2436 2956 2740 3024; x_wconf 65' lang='lat' dir='ltr'><strong>calvinus</strong></span> <span class='ocrx_word' id='word_1_543' title='bbox 2764 2956 3263 3041; x_wconf 75' lang='lat' dir='ltr'><strong>Gkamperellum</strong></span> <span class='ocrx_word' id='word_1_544' title='bbox 3295 2978 3518 3024; x_wconf 77' lang='lat' dir='ltr'><strong>novum</strong></span> <span class='ocrx_word' id='word_1_545' title='bbox 3548 2958 3910 3022; x_wconf 66' lang='lat' dir='ltr'><strong>ministrum</strong></span> <span class='ocrx_word' id='word_1_546' title='bbox 3929 2957 3999 3022; x_wconf 78' lang='lat' dir='ltr'><strong>in</strong></span> <span class='ocrx_word' id='word_1_547' title='bbox 4020 2976 4207 3022; x_wconf 78' lang='lat' dir='ltr'><strong>suam</strong></span> 
     </span>
     <span class='ocr_line' id='line_1_81' title="bbox 2250 3044 2929 3129; baseline 0.001 -19"><span class='ocrx_word' id='word_1_548' title='bbox 2250 3044 2625 3129; x_wconf 54' lang='lat' dir='ltr'><strong>parochiam</strong></span> <span class='ocrx_word' id='word_1_549' title='bbox 2667 3044 2929 3111; x_wconf 76' lang='lat' dir='ltr'><strong>deducit.</strong></span> 
     </span>
    </p>
   </div>
   <div class='ocr_carea' id='block_1_11' title="bbox 2259 3210 4206 3287">
    <p class='ocr_par' dir='ltr' id='par_1_15' title="bbox 2259 3210 4206 3287">
     <span class='ocr_line' id='line_1_82' title="bbox 2259 3210 4206 3287; baseline -0.003 -17"><span class='ocrx_word' id='word_1_550' title='bbox 2259 3216 2369 3285; x_wconf 82' lang='lat' dir='ltr'><strong>(Ex</strong></span> <span class='ocrx_word' id='word_1_551' title='bbox 2404 3217 2741 3287; x_wconf 83' lang='lat' dir='ltr'><strong>autographo</strong></span> <span class='ocrx_word' id='word_1_552' title='bbox 2774 3216 2917 3270; x_wconf 90' lang='lat' dir='ltr'><strong>Bibl.</strong></span> <span class='ocrx_word' id='word_1_553' title='bbox 2952 3222 3093 3285; x_wconf 81' lang='lat' dir='ltr'><strong>past.</strong></span> <span class='ocrx_word' id='word_1_554' title='bbox 3129 3214 3593 3269; x_wconf 83' lang='lat' dir='ltr'><strong>Neocomensium.</strong></span> <span class='ocrx_word' id='word_1_555' title='bbox 3630 3214 3770 3284; x_wconf 78' lang='lat' dir='ltr'><strong>Epp.</strong></span> <span class='ocrx_word' id='word_1_556' title='bbox 3811 3213 3977 3266; x_wconf 80' lang='lat' dir='ltr'><strong>Fabri</strong></span> <span class='ocrx_word' id='word_1_557' title='bbox 4009 3211 4079 3265; x_wconf 85' lang='lat' dir='ltr'><strong>N.</strong></span> <span class='ocrx_word' id='word_1_558' title='bbox 4096 3210 4206 3278; x_wconf 79' lang='lat'><strong>44.)</strong></span> 
     </span>
    </p>
   </div>
   <div class='ocr_carea' id='block_1_12' title="bbox 2432 3336 4041 3519">
    <p class='ocr_par' dir='ltr' id='par_1_16' title="bbox 2432 3336 4041 3519">
     <span class='ocr_line' id='line_1_83' title="bbox 2432 3336 3956 3438; baseline -0.004 -1"><span class='ocrx_word' id='word_1_559' title='bbox 2432 3369 2650 3437; x_wconf 80' lang='lat' dir='ltr'><strong>Fideli</strong></span> <span class='ocrx_word' id='word_1_560' title='bbox 2692 3370 2942 3438; x_wconf 81' lang='lat' dir='ltr'><strong>Christi</strong></span> <span class='ocrx_word' id='word_1_561' title='bbox 2989 3390 3181 3436; x_wconf 80' lang='lat' dir='ltr'><strong>servo</strong></span> <span class='ocrx_word' id='word_1_562' title='bbox 3226 3367 3562 3436; x_wconf 80' lang='lat' dir='ltr'><strong>Gulielmo</strong></span> <span class='ocrx_word' id='word_1_563' title='bbox 3605 3367 3871 3433; x_wconf 82' lang='lat' dir='ltr'><strong>Farello</strong></span> <span class='ocrx_word' id='word_1_564' title='bbox 3951 3336 3956 3341; x_wconf 89' lang='lat'><strong>.</strong></span> 
     </span>
     <span class='ocr_line' id='line_1_84' title="bbox 3715 3453 4041 3519; baseline -0.006 0"><span class='ocrx_word' id='word_1_565' title='bbox 3715 3453 4041 3519; x_wconf 87' lang='lat' dir='ltr'><strong>Neocomi.</strong></span> 
     </span>
    </p>
   </div>
   <div class='ocr_carea' id='block_1_13' title="bbox 2260 3589 4214 4175">
    <p class='ocr_par' dir='ltr' id='par_1_17' title="bbox 2260 3589 4214 4175">
     <span class='ocr_line' id='line_1_85' title="bbox 2436 3589 4214 3673; baseline -0.003 -12"><span class='ocrx_word' id='word_1_566' title='bbox 2436 3631 2519 3643; x_wconf 92' lang='lat'><strong>-—</strong></span> <span class='ocrx_word' id='word_1_567' title='bbox 2566 3631 2648 3643; x_wconf 94' lang='lat'><em>-</em></span> <span class='ocrx_word' id='word_1_568' title='bbox 2694 3628 2774 3640; x_wconf 90' lang='lat'>—</span> <span class='ocrx_word' id='word_1_569' title='bbox 2826 3632 2894 3642; x_wconf 90' lang='lat'><strong>—</strong></span> <span class='ocrx_word' id='word_1_570' title='bbox 2951 3589 3257 3661; x_wconf 74' lang='lat' dir='ltr'><strong>Calvinus</strong></span> <span class='ocrx_word' id='word_1_571' title='bbox 3311 3591 3417 3657; x_wconf 90' lang='lat' dir='ltr'><strong>die</strong></span> <span class='ocrx_word' id='word_1_572' title='bbox 3473 3590 3796 3658; x_wconf 89' lang='lat' dir='ltr'><strong>dominico</strong></span> <span class='ocrx_word' id='word_1_573' title='bbox 3823 3591 3869 3673; x_wconf 86' lang='lat'><strong>¹)</strong></span> <span class='ocrx_word' id='word_1_574' title='bbox 3926 3591 4035 3656; x_wconf 89' lang='lat' dir='ltr'><strong>hic</strong></span> <span class='ocrx_word' id='word_1_575' title='bbox 4088 3590 4214 3656; x_wconf 81' lang='lat' dir='ltr'><strong>fuit</strong></span> 
     </span>
     <span class='ocr_line' id='line_1_86' title="bbox 2260 3674 4209 3762; baseline -0.002 -17"><span class='ocrx_word' id='word_1_576' title='bbox 2260 3679 2535 3746; x_wconf 78' lang='lat' dir='ltr'><strong>fratrem</strong></span> <span class='ocrx_word' id='word_1_577' title='bbox 2582 3679 3073 3762; x_wconf 66' lang='lat' dir='ltr'><strong>Ghamperelhom</strong></span> <span class='ocrx_word' id='word_1_578' title='bbox 3114 3678 3533 3743; x_wconf 86' lang='lat' dir='ltr'><strong>Draillanum</strong></span> <span class='ocrx_word' id='word_1_579' title='bbox 3578 3674 3936 3743; x_wconf 89' lang='lat' dir='ltr'><strong>deducendi</strong></span> <span class='ocrx_word' id='word_1_580' title='bbox 3980 3678 4209 3761; x_wconf 86' lang='lat' dir='ltr'><strong>gratia,</strong></span> 
     </span>
     <span class='ocr_line' id='line_1_87' title="bbox 2262 3760 4212 3832; baseline -0.001 -2"><span class='ocrx_word' id='word_1_581' title='bbox 2262 3766 2378 3832; x_wconf 90' lang='lat' dir='ltr'><strong>ubi</strong></span> <span class='ocrx_word' id='word_1_582' title='bbox 2432 3767 2830 3832; x_wconf 87' lang='lat' dir='ltr'><strong>constitutus</strong></span> <span class='ocrx_word' id='word_1_583' title='bbox 2884 3773 2985 3830; x_wconf 90' lang='lat' dir='ltr'><strong>est</strong></span> <span class='ocrx_word' id='word_1_584' title='bbox 3041 3764 3357 3831; x_wconf 89' lang='lat' dir='ltr'><strong>minister.</strong></span> <span class='ocrx_word' id='word_1_585' title='bbox 3447 3763 3712 3829; x_wconf 86' lang='lat' dir='ltr'><strong>Literas</strong></span> <span class='ocrx_word' id='word_1_586' title='bbox 3769 3784 3804 3827; x_wconf 93' lang='lat' dir='ltr'><strong>e</strong></span> <span class='ocrx_word' id='word_1_587' title='bbox 3848 3760 4212 3828; x_wconf 79' lang='lat' dir='ltr'><strong>Germania</strong></span> 
     </span>
     <span class='ocr_line' id='line_1_88' title="bbox 2264 3848 4214 3935; baseline -0.002 -19"><span class='ocrx_word' id='word_1_588' title='bbox 2264 3853 2561 3934; x_wconf 90' lang='lat' dir='ltr'><strong>proxime</strong></span> <span class='ocrx_word' id='word_1_589' title='bbox 2603 3863 2984 3935; x_wconf 89' lang='lat' dir='ltr'><strong>recepturus</strong></span> <span class='ocrx_word' id='word_1_590' title='bbox 3028 3859 3146 3916; x_wconf 85' lang='lat' dir='ltr'><strong>est.</strong></span> <span class='ocrx_word' id='word_1_591' title='bbox 3231 3850 3383 3916; x_wconf 89' lang='lat' dir='ltr'><strong>Non</strong></span> <span class='ocrx_word' id='word_1_592' title='bbox 3426 3848 3650 3915; x_wconf 88' lang='lat' dir='ltr'><strong>dubito</strong></span> <span class='ocrx_word' id='word_1_593' title='bbox 3693 3848 3854 3932; x_wconf 89' lang='lat' dir='ltr'><strong>quin</strong></span> <span class='ocrx_word' id='word_1_594' title='bbox 3895 3868 4050 3913; x_wconf 87' lang='lat' dir='ltr'><strong>mox</strong></span> <span class='ocrx_word' id='word_1_595' title='bbox 4091 3848 4214 3914; x_wconf 87' lang='lat' dir='ltr'><strong>tibi</strong></span> 
     </span>
     <span class='ocr_line' id='line_1_89' title="bbox 2264 3934 4214 4021; baseline -0.002 -18"><span class='ocrx_word' id='word_1_596' title='bbox 2264 3937 2594 4021; x_wconf 88' lang='lat' dir='ltr'><strong>significet</strong></span> <span class='ocrx_word' id='word_1_597' title='bbox 2648 3937 2821 4021; x_wconf 94' lang='lat' dir='ltr'><strong>quod</strong></span> <span class='ocrx_word' id='word_1_598' title='bbox 2874 3936 2946 4001; x_wconf 90' lang='lat' dir='ltr'><strong>in</strong></span> <span class='ocrx_word' id='word_1_599' title='bbox 2992 3938 3085 4002; x_wconf 91' lang='lat' dir='ltr'><strong>eis</strong></span> <span class='ocrx_word' id='word_1_600' title='bbox 3128 3934 3585 4003; x_wconf 89' lang='lat' dir='ltr'><strong>continebitur.</strong></span> <span class='ocrx_word' id='word_1_601' title='bbox 3671 3935 3732 3999; x_wconf 87' lang='grc' dir='ltr'><strong>Ε</strong></span> <span class='ocrx_word' id='word_1_602' title='bbox 3780 3953 3818 3996; x_wconf 96' lang='lat' dir='ltr'><strong>o</strong></span> <span class='ocrx_word' id='word_1_603' title='bbox 3862 3954 4114 4017; x_wconf 89' lang='lat' dir='ltr'><strong>quoque</strong></span> <span class='ocrx_word' id='word_1_604' title='bbox 4157 3934 4214 3999; x_wconf 89' lang='lat' dir='ltr'><strong>si</strong></span> 
     </span>
     <span class='ocr_line' id='line_1_90' title="bbox 2265 4019 4214 4107; baseline 0 -20"><span class='ocrx_word' id='word_1_605' title='bbox 2265 4022 2421 4105; x_wconf 90' lang='lat' dir='ltr'><strong>quid</strong></span> <span class='ocrx_word' id='word_1_606' title='bbox 2461 4043 2846 4107; x_wconf 88' lang='lat' dir='ltr'><strong>prosperum</strong></span> <span class='ocrx_word' id='word_1_607' title='bbox 2889 4022 3279 4088; x_wconf 88' lang='lat' dir='ltr'><strong>intellexero</strong></span> <span class='ocrx_word' id='word_1_608' title='bbox 3321 4029 3554 4088; x_wconf 88' lang='lat' dir='ltr'><strong>nactus</strong></span> <span class='ocrx_word' id='word_1_609' title='bbox 3599 4020 3748 4086; x_wconf 87' lang='lat' dir='ltr'><strong>tabe</strong></span> <span class='ocrx_word' id='word_1_610' title='bbox 3800 4019 4013 4084; x_wconf 88' lang='lat' dir='ltr'><strong>arium</strong></span> <span class='ocrx_word' id='word_1_611' title='bbox 4056 4039 4214 4087; x_wconf 79' lang='lat' dir='ltr'><strong>mox</strong></span> 
     </span>
     <span class='ocr_line' id='line_1_91' title="bbox 2265 4107 3731 4175; baseline -0.003 0"><span class='ocrx_word' id='word_1_612' title='bbox 2265 4108 2564 4175; x_wconf 88' lang='lat' dir='ltr'><strong>scribam.</strong></span> <span class='ocrx_word' id='word_1_613' title='bbox 2605 4144 2684 4154; x_wconf 89' lang='lat'><strong>-·-·</strong></span> <span class='ocrx_word' id='word_1_614' title='bbox 2733 4143 2815 4153; x_wconf 89' lang='lat'><strong>—</strong></span> <span class='ocrx_word' id='word_1_615' title='bbox 2859 4144 2946 4155; x_wconf 89' lang='lat'>—</span> <span class='ocrx_word' id='word_1_616' title='bbox 2988 4108 3150 4174; x_wconf 78' lang='lat' dir='ltr'><strong>Tho.</strong></span> <span class='ocrx_word' id='word_1_617' title='bbox 3202 4113 3296 4172; x_wconf 88' lang='lat'><strong>15.</strong></span> <span class='ocrx_word' id='word_1_618' title='bbox 3340 4107 3499 4173; x_wconf 88' lang='lat' dir='ltr'><strong>Iulii</strong></span> <span class='ocrx_word' id='word_1_619' title='bbox 3551 4111 3731 4171; x_wconf 82' lang='lat'><strong>1545.</strong></span> 
     </span>
    </p>
   </div>
   <div class='ocr_carea' id='block_1_14' title="bbox 2881 4225 4042 4311">
    <p class='ocr_par' dir='ltr' id='par_1_18' title="bbox 2881 4225 4042 4311">
     <span class='ocr_line' id='line_1_92' title="bbox 2881 4225 4042 4311; baseline -0.004 -17"><span class='ocrx_word' id='word_1_620' title='bbox 2881 4228 3063 4294; x_wconf 76' lang='lat' dir='ltr'><strong>Tuus</strong></span> <span class='ocrx_word' id='word_1_621' title='bbox 3111 4226 3485 4311; x_wconf 80' lang='lat' dir='ltr'><strong>Christoph.</strong></span> <span class='ocrx_word' id='word_1_622' title='bbox 3532 4226 3751 4291; x_wconf 79' lang='lat' dir='ltr'><strong>Faber</strong></span> <span class='ocrx_word' id='word_1_623' title='bbox 3792 4225 4042 4291; x_wconf 87' lang='lat' dir='ltr'><strong>Libert.</strong></span> 
     </span>
    </p>
   </div>
   <div class='ocr_carea' id='block_1_15' title="bbox 2262 4369 2674 4381">
    <p class='ocr_par' dir='ltr' id='par_1_19' title="bbox 2262 4369 2674 4381">
     <span class='ocr_line' id='line_1_93' title="bbox 2262 4369 2674 4381; baseline 0 1794"><span class='ocrx_word' id='word_1_624' title='bbox 2262 4369 2674 4381; x_wconf 95' lang='lat' dir='ltr'><strong> </strong></span> 
     </span>
    </p>
   </div>
   <div class='ocr_carea' id='block_1_16' title="bbox 2256 4460 4216 4743">
    <p class='ocr_par' dir='ltr' id='par_1_20' title="bbox 2256 4460 4216 4743">
     <span class='ocr_line' id='line_1_94' title="bbox 2438 4460 4216 4535; baseline -0.002 -16"><span class='ocrx_word' id='word_1_625' title='bbox 2438 4465 2531 4530; x_wconf 84' lang='lat'><strong>13)</strong></span> <span class='ocrx_word' id='word_1_626' title='bbox 2569 4465 2824 4521; x_wconf 67' lang='lat' dir='ltr'><strong>Plurima</strong></span> <span class='ocrx_word' id='word_1_627' title='bbox 2861 4466 3081 4522; x_wconf 65' lang='lat' dir='ltr'><strong>Gabini</strong></span> <span class='ocrx_word' id='word_1_628' title='bbox 3123 4466 3334 4535; x_wconf 63' lang='lat' dir='ltr'><strong>scr-ima</strong></span> <span class='ocrx_word' id='word_1_629' title='bbox 3378 4480 3443 4518; x_wconf 68' lang='lat' dir='ltr'><strong>ex</strong></span> <span class='ocrx_word' id='word_1_630' title='bbox 3483 4461 3720 4518; x_wconf 65' lang='lat' dir='ltr'><strong>Gir-ordi</strong></span> <span class='ocrx_word' id='word_1_631' title='bbox 3757 4462 3912 4531; x_wconf 78' lang='lat' dir='ltr'><strong>prelo</strong></span> <span class='ocrx_word' id='word_1_632' title='bbox 3941 4460 4216 4530; x_wconf 73' lang='lat' dir='ltr'><strong>prodiisse</strong></span> 
     </span>
     <span class='ocr_line' id='line_1_95' title="bbox 2264 4529 4214 4605; baseline -0.004 -15"><span class='ocrx_word' id='word_1_633' title='bbox 2264 4552 2330 4590; x_wconf 72' lang='lat' dir='ltr'><strong>ea:</strong></span> <span class='ocrx_word' id='word_1_634' title='bbox 2371 4536 2775 4605; x_wconf 71' lang='lat' dir='ltr'><strong>Proleyomem‘c</strong></span> <span class='ocrx_word' id='word_1_635' title='bbox 2808 4535 3016 4590; x_wconf 65' lang='lat' dir='ltr'><strong>nomia</strong></span> <span class='ocrx_word' id='word_1_636' title='bbox 3046 4535 3255 4603; x_wconf 65' lang='lat' dir='ltr'><strong>passim</strong></span> <span class='ocrx_word' id='word_1_637' title='bbox 3290 4533 3548 4587; x_wconf 47' lang='lat' dir='ltr'><strong>didicisti.</strong></span> <span class='ocrx_word' id='word_1_638' title='bbox 3619 4531 3743 4585; x_wconf 86' lang='lat' dir='ltr'><strong>Hoc</strong></span> <span class='ocrx_word' id='word_1_639' title='bbox 3775 4532 3898 4600; x_wconf 70' lang='lat' dir='ltr'><strong>ipso</strong></span> <span class='ocrx_word' id='word_1_640' title='bbox 3933 4546 4079 4584; x_wconf 70' lang='lat' dir='ltr'><strong>anno</strong></span> <span class='ocrx_word' id='word_1_641' title='bbox 4117 4529 4214 4583; x_wconf 74' lang='lat' dir='ltr'><strong>In·</strong></span> 
     </span>
     <span class='ocr_line' id='line_1_96' title="bbox 2261 4599 4210 4676; baseline -0.003 -19"><span class='ocrx_word' id='word_1_642' title='bbox 2261 4606 2472 4659; x_wconf 74' lang='lat' dir='ltr'><strong>stitutio</strong></span> <span class='ocrx_word' id='word_1_643' title='bbox 2503 4604 2706 4676; x_wconf 74' lang='lat' dir='ltr'><strong>qalliea</strong></span> <span class='ocrx_word' id='word_1_644' title='bbox 2741 4604 2890 4658; x_wconf 77' lang='lat' dir='ltr'><strong>edita</strong></span> <span class='ocrx_word' id='word_1_645' title='bbox 2923 4602 3060 4671; x_wconf 73' lang='lat' dir='ltr'><strong>fuit,</strong></span> <span class='ocrx_word' id='word_1_646' title='bbox 3093 4602 3313 4671; x_wconf 64' lang='lat' dir='ltr'><strong>praeter</strong></span> <span class='ocrx_word' id='word_1_647' title='bbox 3346 4602 3478 4656; x_wconf 77' lang='lat' dir='ltr'><strong>alia.</strong></span> <span class='ocrx_word' id='word_1_648' title='bbox 3550 4599 3772 4656; x_wconf 82' lang='lat' dir='ltr'><strong>Novum</strong></span> <span class='ocrx_word' id='word_1_649' title='bbox 3818 4599 4210 4654; x_wconf 70' lang='lat' dir='ltr'><strong>Testamentum</strong></span> 
     </span>
     <span class='ocr_line' id='line_1_97' title="bbox 2256 4666 4212 4743; baseline -0.005 -15"><span class='ocrx_word' id='word_1_650' title='bbox 2256 4675 2515 4743; x_wconf 64' lang='lat' dir='ltr'><strong>gallicum</strong></span> <span class='ocrx_word' id='word_1_651' title='bbox 2551 4690 2588 4727; x_wconf 84' lang='lat' dir='ltr'><strong>a</strong></span> <span class='ocrx_word' id='word_1_652' title='bbox 2629 4672 2858 4729; x_wconf 71' lang='lat' dir='ltr'><strong>Calvino</strong></span> <span class='ocrx_word' id='word_1_653' title='bbox 2901 4673 3233 4742; x_wconf 72' lang='lat' dir='ltr'><strong>recoqnitum</strong></span> <span class='ocrx_word' id='word_1_654' title='bbox 3280 4671 3356 4725; x_wconf 75' lang='lat' dir='ltr'><strong>ad</strong></span> <span class='ocrx_word' id='word_1_655' title='bbox 3401 4687 3453 4724; x_wconf 79' lang='lat' dir='ltr'><strong>a.</strong></span> <span class='ocrx_word' id='word_1_656' title='bbox 3496 4668 3629 4723; x_wconf 75' lang='lat'>1543</span> <span class='ocrx_word' id='word_1_657' title='bbox 3677 4668 3874 4724; x_wconf 72' lang='lat' dir='ltr'><strong>laudat</strong></span> <span class='ocrx_word' id='word_1_658' title='bbox 3910 4666 4212 4734; x_wconf 70' lang='lat' dir='ltr'><strong>Gaauieur,</strong></span> 
     </span>
    </p>
   </div>
   <div class='ocr_carea' id='block_1_17' title="bbox 2263 4739 2910 4879">
    <p class='ocr_par' dir='ltr' id='par_1_21' title="bbox 2263 4739 2910 4879">
     <span class='ocr_line' id='line_1_98' title="bbox 2263 4739 2910 4879; baseline -0.003 -12"><span class='ocrx_word' id='word_1_659' title='bbox 2263 4749 2458 4866; x_wconf 45' lang='lat' dir='ltr'><strong>iffi*</strong></span> <span class='ocrx_word' id='word_1_660' title='bbox 2461 4742 2700 4879; x_wconf 54' lang='lat' dir='ltr'><strong>&#39;noiif&#39;&#39;</strong></span> <span class='ocrx_word' id='word_1_661' title='bbox 2683 4781 2719 4863; x_wconf 80' lang='lat'><strong>1&#39;</strong></span> <span class='ocrx_word' id='word_1_662' title='bbox 2789 4779 2803 4822; x_wconf 82' lang='grc'><strong>·’</strong></span> <span class='ocrx_word' id='word_1_663' title='bbox 2826 4739 2910 4795; x_wconf 65' lang='lat'><strong>13‘</strong></span> 
     </span>
    </p>
   </div>
  </div>
 </body>
</html>
