4825 6175
605 430 736 492 595

1519 613 1674 685 ⁹49.

1115 766 1599 835 SULZERUS
1646 764 2082 833 CALVINO.

792 940 1090 1007 Pericula
1154 938 1615 1005 Genevensibas
1662 937 2058 1005 imminentia
2096 936 2260 1018 foris
2303 941 2359 1002 et
2403 936 2573 1002 domi

607 1031 762 1094 bono
783 1027 920 1095 Deo
963 1027 1219 1107 auspice
1260 1046 1550 1091 aversum
1581 1025 1673 1090 iri
1704 1028 1932 1107 sperat.
2001 1021 2362 1088 Masculam
2383 1023 2573 1103 prin-

610 1113 1346 1267 mammam
1402 1111 1880 1177 declarationem
1937 1109 2014 1174 de
2070 1107 2260 1174 libero
2317 1106 2571 1174 concilio

936 1368 1050 1433 (Ex
1085 1367 1423 1438 autographo
1460 1366 1587 1420 Ood.
1625 1365 1829 1423 Gener.
1870 1363 1991 1436 113,
2026 1364 2119 1419 fol.
2153 1362 2264 1433 64.)

788 1536 1168 1605 Clarissimo
1247 1537 1391 1602 viro
1462 1536 1544 1601 D.
1612 1534 1847 1601 Ioanni
1923 1533 2199 1603 Oalvino
2262 1535 2573 1602 ecclesiae

614 1623 1025 1691 Genevensis
1068 1623 1349 1689 antistiti
1393 1620 1897 1705 vigilantissimo
1942 1620 2205 1686 domino
2249 1621 2572 1689 colendis·

612 1711 778 1776 simo
824 1718 891 1775 et
933 1710 1268 1776 carissimo
1307 1708 1500 1773 fratri
1542 1727 1661 1773 suo
2416 1734 2425 1740 ·

1940 1814 2074 1877 gan
2115 1792 2311 1859 Gens.

786 1931 858 1997 S.
944 1930 1250 1997 Pericula
1303 1939 1564 1995 vestrae
1617 1930 1874 1996 civitati
1929 1929 2345 1994 imminentia
2369 1930 2420 2006 ¹)
2464 1949 2571 1995 ac-

612 2018 772 2101 cepi,
818 2026 894 2082 ut
935 2037 1069 2082 non
1112 2017 1255 2081 sine
1299 2014 1536 2091 dolore,
1582 2016 1737 2099 quia
1770 2037 1855 2079 ex
1900 2014 2119 2080 animo
2164 2014 2349 2081 vobis
2393 2034 2572 2079 com-

613 2106 842 2189 patior,
888 2103 984 2168 ita
1018 2123 1140 2168 nec
1183 2103 1325 2167 siue
1367 2101 1841 2180 consolatione,
1899 2101 2071 2185 quod
2129 2120 2384 2183 sperem
2430 2099 2570 2165 Do·

611 2191 868 2256 minum
918 2189 1118 2253 etiam
1162 2185 1514 2253 demeritas
1569 2208 1813 2270 poenas
1869 2209 1998 2253 non
2053 2188 2457 2252 inflicturum
2503 2194 2573 2251 et

611 2295 966 2359 parsurum
1011 2272 1402 2339 haereditati
1445 2293 1618 2351 suae,
1677 2274 1748 2338 in
1793 2293 1925 2356 qua
1968 2272 2369 2338 domicilium
2414 2291 2570 2337 con-

614 2362 830 2427 stituit
872 2359 1181 2426 ecelesiae
1235 2367 1301 2424 et
1358 2358 1663 2442 religiose
1717 2380 1956 2424 nomen
2016 2358 2158 2424 eius
2205 2359 2568 2424 invocatur.

614 2446 758 2524 sin,
804 2445 977 2530 quod
1022 2445 1245 2523 nolim,
1290 2445 1786 2529 castigationem
1820 2466 1860 2510 a
1894 2465 2015 2509 sua
2050 2444 2243 2509 domo
2278 2443 2570 2509 exordiri

614 2532 947 2599 decretum
991 2531 1095 2609 sit,
1141 2551 1518 2596 mensuram
1547 2539 1768 2596 tamen
1811 2537 2058 2595 statuet
2100 2542 2167 2594 et
2190 2530 2567 2608 terminum,

612 2639 697 2683 ne
739 2618 916 2682 ultra
957 2637 1153 2701 quam
1198 2637 1354 2682 suae
1406 2616 1653 2699 gloriae
1697 2624 1765 2681 et
1807 2617 2159 2682 electorum
2206 2614 2406 2682 saluti
2450 2636 2568 2680 ex-

611 2702 833 2787 pediat
936 2703 1176 2768 rassari
1233 2702 1442 2768 hostis
1483 2709 1695 2786 queat.
1798 2703 1970 2766 Tum
2028 2700 2184 2785 quid
2245 2701 2393 2765 aliis
2451 2722 2569 2766 ex-=

612 2798 883 2873 spectan
927 2809 1043 2853 um
1087 2789 1191 2862 sit,
1237 2787 1426 2852 facile
1469 2787 1914 2853 aestimabunt
1956 2786 2203 2853 cordati
2247 2785 2484 2852 iudicio
2529 2806 2570 2850 a

611 2874 804 2941 domo
846 2875 975 2940 Dei
1015 2874 1384 2956 incipiente.
1453 2871 1650 2954 Quod
1699 2873 1948 2940 vicinos
1991 2874 2243 2951 attinet,
2289 2893 2425 2938 non
2459 2893 2567 2937 ar·

611 2961 817 3026 bitror
883 2958 1318 3025 desertionem
1395 2958 1701 3024 meditari
1768 2960 1878 3043 qui
1944 2980 2135 3025 suum
2203 2957 2564 3042 periculum

611 3044 760 3113 cum
803 3054 1025 3112 vestro
1070 3047 1490 3112 coniunctum
1533 3066 1676 3112 esse
1721 3053 1998 3124 norunt,
2059 3054 2129 3111 et
2185 3045 2443 3112 ratione
2486 3043 2564 3109 li-

611 3135 741 3198 cita
797 3132 980 3197 nulla
1034 3132 1316 3197 foederis
1382 3131 1822 3215 diruptionem
1880 3131 2098 3196 moliri
2166 3150 2373 3214 posse.
2463 3133 2566 3196 Ac

610 3218 1021 3286 commodum
1065 3217 1375 3284 accidisse
1433 3216 1714 3283 arbitror
1768 3229 1841 3283 ut
1895 3217 2019 3284 hoc
2069 3217 2212 3300 ipso
2273 3231 2567 3299 tempore

612 3306 824 3370 nostri
867 3303 950 3370 ad
996 3324 1112 3368 vos
1168 3302 1368 3386 legati
1410 3315 1793 3387 pergerent,
1854 3324 2129 3386 quorum
2181 3304 2568 3369 interventu

613 3392 815 3456 animi
859 3391 1165 3472 utrinque
1209 3389 1528 3455 contineri
1579 3389 1650 3453 in
1695 3389 2029 3455 societatis
2089 3388 2341 3472 legibus
2384 3399 2567 3470 pote-

612 3488 789 3550 runt,
834 3487 901 3541 et
944 3475 1237 3559 mitigari
1279 3475 1532 3552 saltem,
1593 3475 1650 3541 si
1691 3496 1820 3540 non
1866 3495 1983 3557 per
2024 3476 2244 3539 omnia
2287 3473 2431 3538 tolli
2474 3473 2568 3537 of-

612 3562 852 3627 fensae.
960 3561 1095 3626 Pro
1155 3561 1629 3626 communicato
1694 3559 1905 3626 edicto
1961 3559 2196 3645 gallico
2214 3560 2272 3642 ²)
2330 3568 2398 3624 et
2464 3557 2570 3626 vel

613 3649 889 3713 strictim
934 3646 1260 3730 descripto
1304 3647 1443 3711 eius
1489 3646 1677 3730 regni
1733 3654 1911 3713 statu
1969 3645 2141 3729 quod
2186 3645 2568 3730 religionem

613 3734 868 3810 attinet,
914 3732 1196 3816 gratiam
1241 3732 1466 3797 habeo.
1556 3731 1804 3815 Magna
1845 3740 2108 3796 tentant
2150 3730 2569 3811 monarchae,

614 3830 682 3884 et
723 3831 1044 3900 quantum
1089 3817 1362 3902 adparet
1398 3838 1528 3882 non
1572 3818 1839 3883 turbare
1876 3817 2088 3882 solum
2120 3815 2233 3881 sed
2270 3815 2569 3882 funditus

614 3903 995 3970 exscindere
1059 3924 1338 3988 reguum
1403 3901 1655 3968 Christi
1715 3903 2035 3969 nituntur.
2148 3901 2283 3968 Sed
2336 3915 2569 3986 potens

614 4005 715 4055 est
757 3990 1103 4064 Dominus,
1154 3988 1270 4072 qui
1326 3997 1394 4053 et
1445 3987 1625 4053 videt
1681 3987 1957 4054 furiosos
2012 3996 2288 4055 conatus
2348 3996 2420 4053 et
2463 3987 2571 4054 vel

615 4074 752 4142 solo
797 4074 996 4140 verbo
1041 4084 1407 4157 compescet
1457 4092 1642 4138 mare
1698 4074 1821 4140 hoc
1875 4073 2232 4157 quamlibet
2283 4075 2570 4140 fremens

614 4170 682 4227 et
725 4161 1006 4225 exitium
1046 4160 1377 4224 minitans.
1468 4158 1736 4224 Interea
1770 4159 1942 4241 quod
1987 4168 2291 4225 nostrum
2336 4173 2457 4238 est,
2504 4169 2572 4225 et

617 4246 895 4332 publicis
940 4258 1008 4311 et
1050 4246 1329 4327 privatis
1364 4244 1667 4327 precibus
1711 4245 2246 4311 commendamus
2281 4244 2570 4312 Domino

617 4331 1039 4399 afflictionem
1105 4332 1419 4408 fratrum,
1497 4329 1675 4396 idem
1749 4331 1921 4395 serio
1987 4331 2293 4415 deinceps
2371 4333 2572 4397 etiam

618 4420 847 4486 acturi.

788 4502 895 4567 De
949 4500 1222 4567 concilio
1289 4500 1720 4567 restaurando
1771 4521 1983 4584 nuper
2048 4502 2406 4568 masculam
2467 4524 2572 4568 re-

1459 4790 1682 4846 oricula
1724 4791 1812 4846 hic
1857 4790 1909 4845 lo
1949 4798 2114 4845 natur
2151 4793 2419 4847 coniicere
2452 4792 2575 4848 lieet

1473 4861 1734 4914 dirime.
1811 4860 1903 4912 Ad
2001 4860 2149 4930 quod
2183 4862 2344 4915 etiam
2380 4877 2415 4914 a
2450 4877 2575 4930 φερε

650 4793 797 4847 ΜΒ.
833 4792 894 4856 1)
924 4791 1016 4846 De
1123 4792 1375 4846 '‘bu-mam

617 4876 995 5012 εᾶαῑῖἑῖιὲαέἶί
1033 4857 1376 4983 mffil’oazsst’
1387 4927 1740 5011 Hennenses.
1831 4929 2057 5011 ‚V‘Jdetm'
2103 4936 2283 5008 tamen
2330 4931 2573 5011 guarine

618 4998 697 5053 ad
727 5003 1021 5080 maumas
1040 5013 1226 5052 eorum
1260 4998 1572 5052 discordias
1605 5004 1654 5052 et
1682 4996 2044 5052 Gazmmanae
2068 5004 2256 5067 partis
2277 4998 2571 5054 discrimen

792 5081 896 5202 αὖ
920 5133 1111 5187 Mense
1126 5134 1317 5202 Aprili
1345 5133 1579 5189 edictum
1602 5134 1749 5202 nqis
1779 5135 2182 5203 promulgatum
2216 5136 2407 5201 fuerat
2439 5152 2565 5192 con-

613 5211 708 5259 ua
740 5202 1209 5272 blasphematores.
1279 5203 1374 5257 An
1409 5203 1477 5256 de
1511 5205 1611 5257 hoe
1644 5208 1799 5270 aqut,
1836 5210 1898 5255 ta
1931 5204 2136 5256 videas,
2216 5203 2369 5258 Gerre
2404 5205 2473 5259 de
2505 5220 2567 5259 eo

613 5271 764 5343 qaod
796 5271 850 5326 d.
888 5271 969 5324 11.
1007 5269 1142 5327 Dec.
1175 5271 1384 5338 factum
1420 5278 1514 5333 est,
1563 5288 1631 5323 ue
1662 5271 1799 5341 quid
1831 5271 1899 5325 de
1933 5277 2209 5339 scriptura
2246 5289 2409 5327 sacra
2445 5274 2571 5328 ede-·

613 5347 770 5396 retur
804 5341 923 5396 eine
948 5341 1224 5409 permissu
1263 5339 1554 5404 Sor-bonae,
1590 5340 1679 5395 hic
1714 5355 1826 5395 non
1859 5348 2173 5410 coquamus.

2157 419 2689 490 nms‘romu
2708 398 2711 407 ’
2732 423 3071 486 949—952

4497 424 4604 487 506

2679 610 3100 693 sponsionem
3161 609 3492 695 principes
3544 619 3614 676 et
3668 608 3932 676 ordines
3986 614 4428 693 protestantes
4482 611 4608 677 Au-

2678 707 2912 781 gustae
2956 695 3293 761 dederunt.
3314 697 3371 772 ⁸)
3462 694 3920 762 consensuros
3961 716 4052 775 se,
4110 691 4303 760 modo
4344 695 4608 780 primum

2677 780 3102 847 Tridentinae
3144 780 3383 866 synodi
3436 781 3696 848 decreta
3753 801 3874 867 pro
3930 780 4190 847 abolitis
4242 781 4608 851 habeantur.

2679 864 3051 943 Concilium
3091 868 3163 933 in
3206 866 3595 949 Germania,
3648 867 3846 951 idque
3887 865 4193 934 Caesaris
4235 889 4371 934 uon
4411 871 4612 954 ponfi-

2675 953 2819 1020 ficis
2860 953 3119 1020 romani
3176 953 3529 1020 autoritate
3569 953 3909 1034 indictum,
3965 952 4349 1020 celebretur.
4434 955 4613 1040 Epis-

2675 1038 2821 1122 copi
2863 1037 3325 1124 praesulesque
3366 1039 3501 1106 rasi
3538 1047 3608 1104 et
3639 1040 3825 1106 uncti
3859 1039 4304 1117 iureiurando,
4348 1061 4479 1124 quo

2675 1145 2798 1208 pae
2854 1124 3151 1191 adstricti
3208 1134 3382 1205 sunt,
3441 1125 3886 1193 absolvantur.
3944 1125 4206 1192 Nostris
4255 1063 4613 1194 hominia

2675 1231 2753 1276 eo
2797 1209 2901 1276 del
3028 1210 3175 1278 ndis
3219 1231 3353 1278 non
3398 1211 3658 1278 dicendi
3692 1212 3924 1291 solum,
3969 1211 4086 1279 sed
4128 1219 4199 1278 et
4231 1232 4353 1297 per
4393 1213 4614 1280 suffia-

2675 1297 2783 1381 gia
2825 1296 3165 1363 decidendi
3219 1305 3512 1381 potestas
3568 1298 3702 1364 fiat.
3803 1297 3992 1382 Papa
4046 1317 4202 1381 pars
4254 1317 4392 1365 non
4432 1297 4613 1367 iudex

2674 1391 3032 1448 censeatur.
3122 1380 3506 1468 Scripturae
3549 1402 3684 1449 non
3718 1383 4012 1449 humana
4054 1383 4374 1451 autoritas
4414 1383 4487 1451 in
4520 1384 4615 1450 de-

2673 1468 3058 1534 liberatione
3101 1468 3360 1552 pondus
3425 1469 3729 1535 habeant.
3841 1467 4228 1536 Sententiae
4269 1470 4435 1536 item
4496 1491 4615 1537 non

2673 1574 2949 1620 numero
2993 1554 3263 1621 valeant
3302 1553 3419 1621 sed
3462 1555 3749 1638 puritate
3792 1564 3861 1620 et
3899 1554 4198 1635 veritate,
4246 1556 4359 1622 ubi
4401 1554 4487 1622 ad
4524 1556 4617 1642 ly·

2674 1637 2857 1706 dium
2904 1641 3246 1725 utriusque
3302 1642 3677 1708 testamenti
3723 1642 4137 1708 examinatae
4193 1642 4465 1709 fuerint.
4547 1642 4615 1710 si

2672 1745 2794 1808 per
2836 1728 3054 1792 omnia
3088 1726 3429 1793 conveniri
3471 1734 3773 1810 nequeat,
3819 1735 3898 1792 ut
3936 1726 4452 1796 Pataviensibus
4484 1749 4618 1813 pac-

2674 1811 2760 1878 tis
2805 1820 2873 1877 et
2915 1812 3196 1879 decretis
3237 1812 3685 1897 imperialibus
3732 1862 4318 1880 ..........

3238 1950 3277 2032 (
3269 1945 3531 2015 Caetera
3571 1949 4058 2033 desiderantur.)

3447 2242 3845 2251 m-

3581 2461 3736 2534 95⁰.

3163 2614 3494 2683 MYOON
3502 2615 3656 2685 ms
3699 2617 4136 2685 GALVINO.

2844 2783 3049 2851 Mittit
3096 2787 3156 2853 ei
3211 2786 3427 2853 literas
3484 2786 3725 2855 Buceri
3779 2791 4010 2873 quibus
4061 2791 4164 2858 hie
4206 2792 4285 2858 ab
4326 2793 4621 2859 alterutro

2664 2871 3121 2955 praefationem
3154 2874 3313 2955 petit
3354 2874 3425 2939 in
3467 2894 3589 2941 sua
3623 2875 3789 2941 Acta
3832 2876 4317 2946 Ratisboneneia
4359 2878 4621 2945 seriben-

2670 2956 2834 3036 dam,
2881 2958 3045 3040 quod
3104 2959 3380 3042 officium
3435 2961 3574 3043 ipse
3613 2961 3979 3048 deprecatus
4027 2962 4284 3030 Calvino
4329 2965 4616 3049 impertit

2897 3131 3009 3197 (Ex
3046 3132 3382 3202 autographo
3417 3133 3563 3188 Bibl.
3597 3133 3799 3189 Genev.
3836 3134 3967 3190 Ood.
4006 3135 4124 3202 110,
4159 3136 4253 3191 fol.
4290 3135 4405 3203 11.)

2842 3318 2927 3386 D.
2972 3320 3064 3386 Io.
3111 3319 3390 3387 Oalvino
3434 3323 3738 3389 ministro
3771 3323 4025 3391 Christi
4068 3324 4242 3408 apud
4277 3325 4620 3392 Genevam

2671 3405 2920 3489 optimo
2965 3419 3033 3471 et
3077 3403 3449 3472 doctissimo
3508 3408 3770 3475 domiuo
3813 3431 3889 3476 ac
3932 3409 4122 3477 fratri
4166 3410 4615 3479 colendissimo

2671 3491 2740 3555 in
2785 3490 3052 3557 Christo
3096 3512 3230 3557 suo.
3261 3498 3308 3566 ¹)

2846 3625 2916 3695 S.
2983 3628 3193 3694 Vides
3252 3630 3319 3695 in
3377 3629 3587 3697 literis
3628 3633 3714 3698 D.
3774 3631 4018 3699 Bucem’
4072 3634 4242 3699 mihi
4294 3635 4618 3720 inscriptis

2671 3713 2984 3797 quidnam
3038 3716 3096 3779 is
3143 3725 3325 3799 petat
3378 3718 3459 3783 ab
3503 3717 3841 3785 alterutro.
3864 3721 3892 3760 ²
4007 3720 4333 3804 Equidem
4380 3743 4490 3789 me
4530 3721 4618 3787 fa-

2676 3798 2798 3865 cile
2841 3820 3157 3866 excusare
3285 3823 3499 3882 ssum,
3558 3804 3730 3888 quod
3774 3811 3941 3888 petit
3979 3825 4122 3872 rem
4164 3806 4426 3874 viribus
4468 3808 4619 3873 meis

2671 3886 3011 3968 imparem.
3112 3886 3200 3953 Li
3283 3910 3318 3953 r
3384 3889 3561 3954 enim
3633 3889 3705 3953 in
3773 3911 3970 3974 quem
4036 3891 4475 3975 praefandum
4525 3901 4617 3960 est

2796 3970 2906 4036 via
2967 3980 3237 4053 tractat,
3318 3993 3555 4058 nempe
3628 3975 3945 4058 primaria
4008 3978 4346 4063 religionis
4411 3998 4615 4045 verae.

2672 3991 3120 4138 ffiamobrem
3182 4080 3447 4126 necesse
3517 4060 3781 4127 videtur
3836 4071 3913 4127 ut
3964 4072 4033 4128 et
4090 4064 4162 4127 in
4225 4065 4618 4148 praefatione

2878 4312 2937 4380 3)
2973 4314 3125 4369 Hinc
3168 4315 3473 4396 frequenti
3517 4317 3682 4372 Mus
3735 4320 3996 4375 natalffi'a
4043 4323 4390 4392 aliquota-us
4442 4323 4615 4379 αδοπτ

2668 4397 2978 4452 possumus.
3055 4382 3355 4439 Gonmlmm
3400 4402 3469 4441 so.
3522 4386 3735 4443 Martio
3780 4388 4094 4445 Bononia·-
4136 4390 4471 4447 translatus·
4502 4393 4538 4446 i.
4573 4406 4611 4445 ο.

2674 4455 3038 4520 interruptum
3084 4453 3169 4507 vel
3211 4455 3396 4521 potius
3440 4456 3704 4523 sepultum·
3741 4458 3874 4524 fuit.
3951 4456 4112 4527 Quod
4145 4459 4460 4529 Imperator
4504 4460 4609 4515 vn·-

2675 4521 2826 4574 dentt'
2856 4524 3167 4575 restaurari·
3208 4524 3459 4590 cupiebat
3500 4529 3553 4576 et
3594 4526 3655 4577 in
3703 4528 3937 4582 comitiis
3982 4529 4329 4598 Auyuaetasis
4371 4546 4440 4585 ιιι.
4494 4528 4609 4599 Sep-

2675 4590 2874 4644 tembre
2926 4590 3131 4644 habitis
3174 4605 3333 4645 suam
3379 4593 3705 4647 volunmoem
3750 4594 3817 4650 do
3870 4597 4033 4652 rebus
4073 4599 4360 4666 relioiom‘s
4403 4600 4607 4655 tandem

2674 4657 2975 4727 aliquando
3022 4658 3345 4740 dirimmdis
3391 4660 3707 4717 deauravit
3778 4663 4055 4720 Hectores
4094 4669 4400 4737 &melici
4429 4674 4608 4725 convo

2670 4727 3023 4795 pomulorum
3057 4745 3145 4780 ein
3234 4744 3377 4782 mem
3410 4730 3531 4800 frey
3561 4731 3911 4788 christenlieh
3943 4735 4226 4789 concilium
4252 4736 4352 4790 auf
4365 4736 4606 4790 walchem

2675 4795 2774 4849 der
2790 4796 2962 4866 Papst
2996 4795 3147 4851 nicht
3163 4744 3490 4851 {emendent
3522 4815 3617 4869 sey
3651 4801 3763 4855 und
3797 4802 3887 4856 die
3910 4801 4299 4859 Protestanten
4334 4805 4437 4859 mit
4469 4803 4603 4858 rath·

2675 4865 2927 4934 schlagen
2966 4864 3076 4918 und
3112 4865 3405 4919 schliessen
3429 4866 3609 4921 helsen
3628 4868 3860 4937 duritem
3898 4870 3987 4925 die
4006 4874 4225 4927 Artikel
4241 4874 4375 4927 aber
4408 4890 4603 4928 mesu·

2675 4935 2806 4986 mirt
2852 4933 3070 4987 vui-den
3118 4933 3274 4987 darin
3323 4934 3420 4987 das
3467 4934 3805 4991 Trientische
3852 4937 4150 4994 Concilium
4195 4943 4449 4997 alibereit
4478 4943 4602 4998 sollo

2674 5001 3021 5056 determinirt
3053 5003 3231 5057 haben
3264 5009 3357 5056 etc.
3411 5002 3636 5068 (Barth.
3673 5006 3982 5063 Sasu-owen
4010 5010 4194 5067 Leben
4227 5012 4340 5067 Ιισ.
4374 5028 4425 5066 v.
4456 5011 4600 5068 Καὶ·

2670 5070 2798 5125 m'ke
2837 5070 3087 5135 Greit'sw.
3127 5069 3263 5124 1824
3295 5070 3384 5125 ΙΙ.
3424 5070 3524 5126 118
3552 5075 3613 5142 ff.
3688 5073 3926 5131 Gieeeler
3958 5077 4091 5133 Ka.
4132 5079 4255 5134 111.
4291 5079 4340 5134 1.
4378 5079 4432 5135 S.
4465 5079 4598 5145 342)

2707 5139 2854 5193 960.
2892 5140 2951 5206 1)
2988 5139 3197 5194 Ibidem
3231 5140 3349 5212 alja
3383 5157 3579 5196 manu.-
3612 5142 3930 5199 Reddaumr
3960 5150 4109 5201 intra
4141 5148 4362 5204 biduum
4396 5149 4459 5203 D.
4493 5149 4598 5205 0⁸1-

2669 5209 2797 5264 vino
2832 5210 2912 5262 sic
2944 5209 3167 5263 iubente
3201 5208 3452 5278 Myconio
3487 5210 3549 5264 T.
3584 5212 3649 5265 Β.

2664 5347 2744 5401 ἡ..
2873 5277 2935 5360 53)
2972 5277 3152 5332 Plura
3186 5279 3247 5331 ia
3279 5280 3622 5348 seq-emtione
3654 5280 3821 5336 haias
3867 5287 4071 5339 mensis
4113 5287 4354 5354 epistolis
4395 5287 4594 5342 n'llom

2720 5361 3091 5401 tumen-orum.
