4825 6175
192 426 290 488 101

191 629 395 676 sumus
437 608 510 671 in
552 608 796 691 scripto
842 613 1087 673 nostro.
1167 606 1445 672 Initium
1487 606 1607 673 tibi
1648 607 1860 674 mitto.
1933 605 2128 689 Quod

193 694 239 761 si
269 694 591 777 placuerit
642 715 800 759 mox
857 692 940 758 ad
994 695 1197 759 finem
1240 692 1627 777 perductum
1671 691 1913 760 audies.
2002 693 2128 758 Sin

188 780 408 859 minus,
452 800 586 845 non
630 780 914 845 multum
956 779 1304 845 fecerimus
1344 779 1653 845 iacturae.
1745 779 1883 846 Sed
1926 779 2127 846 velim

189 885 324 932 mox
368 875 557 931 tuum
598 865 911 931 iudicium
959 865 1145 931 nobis
1189 865 1518 950 significes
1535 916 1551 943 ,
1609 864 1724 932 sed
1777 866 1913 931 tale
1956 863 2129 948 quod

189 973 290 1017 nos
349 951 434 1016 ad
487 947 896 1035 pergendum
950 951 1213 1016 animet.
1305 949 1383 1018 Si
1427 951 1584 1034 quid
1640 950 2127 1018 animadvertas

190 1038 569 1105 correctione
626 1038 690 1102 di
789 1057 901 1101 um
953 1035 1160 1102 libere
1204 1036 1499 1102 admone.
1589 1039 1734 1121 Ego
1780 1045 1859 1102 ut
1901 1044 2127 1120 potero

190 1124 512 1209 corrigam.
584 1124 702 1189 Isa
771 1124 894 1189 llae
925 1124 1200 1188 mittunt
1232 1124 1441 1188 nostri
1477 1133 1860 1190 coronatum
1896 1143 2122 1188 unum.

189 1206 252 1276 Si
289 1209 447 1293 quid
486 1208 585 1273 illi
626 1210 699 1274 in
740 1217 1075 1293 posterum
1121 1210 1457 1294 rogaveris
1503 1229 1635 1275 non
1692 1210 2046 1294 negabunt.
2067 1210 2125 1287 2)

1092 1329 1373 1395 Ioannes
1419 1327 1738 1396 Calvinus
1781 1337 1952 1395 tuus.

942 1590 1351 1598 ——a-—ffl

1080 1791 1232 1861 1359.

640 1944 1140 2015 POLLANUS
1183 1943 1649 2010 FABELLO.

334 2120 448 2185 De
502 2117 689 2184 rebus
730 2113 1111 2180 Metensibus
1156 2118 1213 2180 et
1254 2113 1521 2179 comitiis
1562 2111 2123 2184 wormaciensibus

173 2206 353 2290 plura
390 2203 648 2302 babebit
686 2222 764 2267 ex
804 2199 1149 2266 tabellaria
2078 2267 2081 2272 ¹

178 2376 274 2443 (Ex
306 2372 652 2444 autographo
685 2372 830 2426 Bibl.
854 2376 1147 2494 §ustorum
1201 2368 1671 2423 Neocomensium.
1743 2368 1944 2423 Fascio.
1981 2369 2122 2439 Epp.

619 2441 820 2496 divers.
912 2482 924 2495 .
961 2438 1010 2494 8.
1048 2468 1114 2478 —
1152 2437 1366 2492 Simler.
1403 2437 1528 2492 Vol.
1566 2433 1673 2504 57.)

178 2598 587 2665 Nobilissimo
624 2593 879 2660 Christi
922 2613 1111 2659 servo
1155 2592 1224 2656 in
1270 2611 1462 2675 opere
1498 2589 1822 2673 evangelii
1856 2588 1942 2655 D.
1978 2587 2122 2656 Gu-

328 2684 558 2750 lielmo
580 2679 844 2746 Farello
881 2678 1190 2744 ecclesiae
1224 2676 1692 2742 Neocomensis
1727 2673 2123 2741 moderatori

330 2768 719 2836 fidelissimo
761 2765 934 2849 patri
977 2765 1048 2829 in
1094 2762 1360 2829 Christo
1405 2760 1828 2828 observando.

332 2889 403 2957 S.
451 2890 535 2956 P.
582 2887 733 2952 Non
776 2905 959 2949 eram
1001 2882 1085 2948 ad
1128 2891 1194 2948 te
1241 2882 1626 2965 scripturus,
1670 2879 2125 2947 colendissimo

178 2979 240 3042 in
281 2975 556 3043 Christo
599 2980 808 3056 pater,
854 2970 985 3035 nisi
1029 2990 1136 3034 me
1177 2967 1381 3033 frater
1424 2966 1532 3033 hic
1575 2966 1962 3049 impulisset.
2052 2967 2123 3034 Is

174 3064 336 3129 enim
380 3059 630 3146 poterit
669 3055 1073 3123 commodius
1116 3074 1286 3139 quae
1329 3053 1435 3118 his
1471 3050 1699 3118 diebus
1734 3052 1935 3118 Metis
1971 3075 2124 3120 con-

172 3151 461 3235 tigerunt
486 3146 539 3231 ¹)
576 3145 839 3210 referre.
882 3143 1113 3226 Itaque
1148 3140 1256 3205 his
1292 3138 1698 3223 supersedeo.
1745 3138 1890 3203 Iam
1925 3160 2124 3205 even-

171 3245 301 3300 tum
346 3232 795 3309 comitiorum,
813 3228 873 3313 ²)
918 3250 994 3294 ac
1036 3225 1258 3311 potius
1302 3225 1605 3290 effectum
1648 3224 1993 3290 literarum
2037 3247 2122 3290 ex

364 3489 429 3556 2)
482 3486 715 3555 Tempus
749 3486 989 3553 scriptae
1023 3483 1281 3551 epistolae
1315 3496 1382 3539 ex
1417 3496 1478 3534 eo
1513 3480 1830 3548 conionum,
1864 3481 2014 3550 quod
2037 3482 2124 3537 Vi-

172 3565 309 3615 νοέω
355 3557 410 3613 d.
449 3554 537 3610 14.
571 3555 712 3609 Iulii
755 3553 832 3608 ad
878 3568 997 3607 eam
1040 3549 1347 3619 respondit,
1398 3548 1564 3604 libelli
1604 3555 1783 3603 autem
1830 3566 1867 3603 a
1908 3549 2127 3605 Fan-ello

170 3629 320 3683 missi
350 3628 512 3682 cirea
544 3624 781 3679 medium
806 3622 1033 3676 Iunium
1060 3620 1174 3675 iam
1203 3619 1476 3673 Genevam
1509 3619 1823 3686 pervenisse
1853 3619 2125 3674 videntur.

176 3695 346 3752 Beda.
365 3693 458 3749 23.
480 3694 646 3748 Iunii
659 3692 875 3747 Vireius
905 3690 1050 3745 hane
1081 3693 1326 3744 nostram
1359 3686 1602 3741 nondum
1636 3686 1839 3755 legerat
1861 3686 1956 3754 (N.
1975 3687 2126 3753 655).

171 3764 287 3821 Iani
323 3780 384 3821 eo
421 3778 583 3818 amo
618 3762 737 3816 dies
770 3759 1034 3815 dominici
1075 3757 1388 3813 inciderunt
1420 3757 1485 3809 in
1516 3753 1602 3808 28.
1624 3755 1786 3809 Iunii
1817 3762 1869 3811 et
1900 3756 1950 3810 5.
1971 3758 2124 3812 Iulii.

172 3830 320 3903 Erqo
365 3849 515 3903 quae
561 3831 650 3886 hic
694 3834 921 3896 narrat,
969 3828 1206 3881 maxime
1251 3841 1418 3895 quum
1467 3823 1614 3878 dicat
1659 3840 1716 3879 se
1748 3827 1860 3879 iam
1906 3827 2128 3881 initium

170 3901 327 3959 libelli
358 3901 669 3971 scripsisse,
706 3898 842 3953 satis
876 3896 1205 3965 confidenter
1233 3895 1419 3963 prima
1447 3894 1647 3947 mensis
1669 3893 1871 3948 decade
1893 3897 2130 3950 evenisse

251 3987 418 4027 eunus.

203 4041 338 4095 659.
376 4040 436 4104 1)
482 4037 780 4093 Nescimus
823 4050 899 4089 an
945 4032 1161 4088 enudat
1203 4030 1281 4085 ad
1326 4045 1393 4085 ea
1435 4045 1576 4099 quae
1619 4034 1819 4085 narrat
1856 4028 2131 4082 Mem-isse

163 4124 217 4178 p.
254 4108 349 4163 98:
398 4109 518 4163 Les
553 4104 882 4161 Lutheriens
929 4103 1023 4172 qui
1069 4101 1305 4155 estoient
1338 4107 1517 4153 restez
1552 4098 1687 4155 dans
1721 4098 1869 4152 Metz
1904 4098 2132 4150 alloieut

171 4195 201 4230 a
228 4178 454 4246 l‘Eglise
493 4182 558 4229 et
590 4192 650 4229 se
684 4172 997 4228 trouvoient
1042 4188 1148 4224 eux
1194 4184 1396 4222 messes
1442 4168 1512 4220 de
1597 4167 1828 4237 amisse,
1864 4184 1970 4219 aux
2004 4182 2129 4235 pro-

170 4248 401 4301 cessions
430 4251 493 4298 et
516 4243 554 4297 ὁ,
576 4249 758 4298 tontes
776 4243 858 4298 les
882 4249 1064 4294 autres
1101 4236 1432 4291 ceremonies
1468 4237 1537 4289 de
1582 4254 1615 4288 a
1636 4237 1884 4317 Religion
1921 4250 2130 4288 comme

168 4314 241 4369 les
275 4315 632 4383 catholiques
667 4327 916 4377 mesmes,
964 4308 1218 4377 desquels
1265 4323 1337 4360 on
1372 4322 1441 4359 nc
1477 4306 1557 4358 les
1591 4310 1819 4374 pouvoit
1852 4303 2130 4357 discernor

168 4384 357 4451 qu’aux
393 4384 575 4437 festes
596 4382 665 4435 de
683 4381 942 4449 Pasques‚
979 4394 1142 4447 parce
1219 4374 1410 4429 u’alors
1444 4374 1513 4427 ils
1546 4390 1606 4427 se
1642 4373 2029 4428 soustraioient
2062 4372 2130 4425 de

167 4451 219 4505 ls
246 4455 464 4507 saincte
498 4451 658 4505 table
694 4455 752 4503 et
784 4449 1038 4502 faisoient
1070 4448 1177 4499 ban
1218 4461 1248 4498 e
1282 4442 1316 4496 a
1349 4448 1477 4513 part
1512 4480 1729 4496 .....
1770 4439 2034 4510 Πέοέςιαε
2068 4441 2132 4493 fit

165 4520 300 4575 deux
346 4521 419 4575 de
464 4520 635 4575 eches
681 4534 832 4571 assez
878 4532 1096 4571 sereres
1143 4514 1177 4568 a
1221 4529 1356 4567 ceux
1391 4512 1460 4565 de
1504 4511 1560 4565 la
1604 4510 1805 4564 Iustice
1851 4509 1921 4563 de
1967 4509 2129 4578 Meta,

164 4588 297 4644 l’une
332 4591 405 4644 de
488 4589 547 4641 ic
587 4598 652 4641 e'n
689 4587 841 4641 datto
878 4586 952 4638 du
986 4582 1056 4637 25
1072 4584 1200 4652 May
1221 4579 1358 4634 1545
1396 4588 1453 4633 et
1485 4579 1677 4633 l'autre
1714 4579 1782 4632 de
1818 4579 2132 4631 Desneuvre

165 4673 226 4711 en
260 4659 417 4712 datte
456 4657 538 4711 du
578 4655 666 4710 25.
702 4655 850 4721 Iuin,
895 4670 996 4724 par
1028 4651 1317 4720 lesquelles
1352 4650 1393 4701 il
1428 4650 1509 4703 les
1544 4648 1821 4703 exhortoit
1855 4652 1915 4700 eb
1944 4652 2132 4700 neant-
2150 4677 2165 4690 --

162 4728 337 4781 moins
395 4728 527 4782 leur
595 4724 883 4780 ordonnoit
939 4739 1045 4791 que
1103 4720 1322 4774 suivant
1375 4719 1496 4771 leur
1551 4723 1793 4772 serment
1835 4716 1991 4786 qu’ils
2036 4717 2093 4770 lu

165 4797 384 4850 svoient
437 4794 642 4866 preste
688 4810 755 4849 en
801 4794 855 4847 la
899 4790 1180 4860 reception
1225 4789 1294 4842 de
1342 4789 1490 4841 leurs
1526 4787 1725 4843 offioes·
1741 4787 1811 4840 ils
1846 4793 2066 4839 eussent
2093 4802 2134 4866 a

164 4865 303 4919 tenir
339 4867 467 4920 leur
506 4864 678 4928 main,
710 4878 941 4942 mesmes
977 4877 1078 4930 par
1112 4857 1465 4911 chastiments
1499 4872 1717 4937 sereres
1753 4860 1810 4909 et
1844 4854 2131 4923 exemplu-

163 4923 2134 5072 {5⁸affirffiffigssssgsssbefflffissssgu&Jeetrissiffifflffi0⁵⁸⁰a¹¹¹³31¹22¹532

162 5079 371 5124 eri-ants
405 5073 640 5124 fussent
671 5084 920 5123 ramenez
956 5066 989 5120 a
1020 5065 1221 5119 l’union
1259 5064 1327 5116 de
1362 5063 1597 5132 l'Eglise.
1632 5090 1698 5101 ——
1736 5060 1869 5116 Non
1903 5059 2129 5115 audien·

162 5138 264 5192 dus
296 5157 427 5208 erqo
448 5136 806 5193 Bartholdus
838 5138 938 5207 qui
965 5135 1209 5203 perhibet
1242 5132 1578 5186 cardinalem
1615 5132 1897 5198 Ioannem,
1932 5129 2136 5184 delitiis

162 5209 315 5264 unice
368 5208 888 5327 dedimm3qreyem
931 5220 1131 5273 parum
1176 5216 1397 5258 curasse
1434 5199 1839 5269 (Deutsehland
1884 5197 2004 5305 und
2049 5198 2137 5253 die

164 5275 621 5416 Hwengtfeguclzb
658 5280 756 5400 su)b
788 5345 951 5411 finem
986 5341 1152 5395 huius
1184 5339 1385 5393 mensis
1420 5338 1652 5392 dimissa
1687 5337 1926 5403 suerum.

1982 424 2145 487 1545
2188 419 2375 488 IUL.

4068 426 4190 486 102

2231 608 2514 675 comitiis
2555 630 2595 674 a
2632 609 2901 695 legatis,
2919 610 2975 696 ⁸)
3021 607 3369 690 Saxonico,
3416 610 3712 690 Hessiae,
3759 612 4192 696 Argentinao,

2230 695 2669 775 Francofurti‚
2717 704 2786 761 et
2818 703 3087 762 senatus
3110 696 3624 763 wormatiensis
3667 696 3750 762 ad
3785 698 4192 765 Metensium

2232 790 2533 846 senatum
2557 781 3052 865 praestolamur,
3075 789 3218 847 tum
3242 782 3645 866 exploraturi
3667 783 3921 849 animos
3936 783 4190 851 Christi

2230 866 2546 946 fidelium,
2614 888 2774 950 quos
2835 867 2939 934 his
2994 867 3222 933 diebus
3287 869 3601 933 excitavit
3656 879 3724 935 et
3778 871 4192 936 confirmavit

2233 952 2446 1036 magis
2490 973 2686 1035 quam
2740 974 3033 1036 unquam
3086 963 3234 1036 post
3288 962 3476 1019 tuum
3532 952 3887 1020 discessum
3936 954 4192 1021 Christi

2233 1039 2507 1121 spiritus
2518 1089 2538 1120 ‚
2590 1047 2737 1104 tum
2780 1039 2865 1104 ad
2910 1047 2975 1104 te
3018 1038 3331 1122 quidquid
3387 1041 3682 1106 evenerit
3737 1042 4077 1123 scripturi,
4122 1050 4192 1107 et

2233 1123 2319 1189 ad
2357 1122 2510 1204 Gal„
2555 1131 2634 1189 ut
2674 1125 2742 1190 in
2790 1146 3132 1191 commune
3178 1124 3331 1208 quid
3371 1125 3744 1191 faciendum
3788 1127 3913 1191 erit
3954 1148 4190 1192 consu-

2231 1209 2404 1288 latis,
2451 1217 2520 1276 et
2550 1211 2683 1275 imo
2720 1210 2918 1276 etiam
2953 1211 3327 1293 praesentia
3360 1220 3586 1276 vestra
3618 1213 3875 1278 iuvetis.
3917 1211 4192 1278 Interim

2232 1315 2345 1360 oro
2367 1346 2384 1374 ,
2442 1296 2498 1361 si
2558 1296 2685 1361 erit
2740 1306 3216 1379 opportunum,
3278 1296 3359 1362 ad
3414 1318 3522 1363 me
3580 1298 3824 1363 scribas
3882 1297 4039 1380 quid
4081 1297 4190 1363 hic

2230 1379 2469 1463 probes
2513 1389 2629 1447 aut
2672 1402 2913 1465 spereS‚
2959 1381 3198 1465 quidve
3233 1382 3477 1448 habeas
3512 1383 3781 1449 consilii.
3841 1383 4015 1448 Nam
4050 1404 4189 1448 om-

2230 1468 2388 1532 nino
2432 1488 2637 1551 quum
2685 1488 2896 1548 nuper
2928 1467 3044 1533 illo
3080 1469 3326 1534 abirem
3362 1468 3529 1534 nihil
3565 1469 3788 1535 minus
3823 1467 4186 1552 sperabam,

2230 1574 2306 1618 ac
2351 1574 2428 1618 eo
2472 1552 2556 1617 ad
2599 1553 2862 1635 privata
2914 1554 3233 1637 quaedam
3288 1576 3373 1619 ne
3424 1555 3557 1620 otia
3610 1554 3962 1634 evocabar,
4023 1575 4190 1637 quae

2229 1639 2499 1704 omnino
2538 1639 2876 1723 negligere
2910 1661 3074 1723 opus
3096 1640 3235 1705 fuit.
3284 1576 3422 1706 Sag
3442 1640 3605 1707 haec
3629 1662 3712 1705 ex
3739 1639 4108 1724 Raymondo
4128 1643 4186 1712 ⁴)

2228 1731 2455 1789 nostro
2499 1724 2675 1790 malo
2716 1743 3069 1810 cognoscas
3113 1762 3710 1774 —————
3774 1727 4189 1810 Argentinae

2237 1813 2335 1874 10.
2379 1809 2538 1876 Iulii
2586 1815 2769 1875 1545.

2852 1896 2926 1961 Τ.
2973 1919 3034 1982 p.
3082 1895 3599 1963 studiosissimus
3637 1898 3708 1962 in
3756 1897 4025 1964 Christo

2975 1998 2979 2002 ⁴
3037 1981 3452 2050 Valerandus
3495 1983 3833 2050 Pollanus.

3138 2486 3293 2559 660.

2761 2641 3167 2709 VIRE'I'US
3213 2641 3649 2708 CALVINO.

2405 2810 2628 2877 Facete
2661 2811 2826 2877 ridet
2857 2812 2994 2877 eius
3028 2830 3336 2893 nuperum
3369 2831 3508 2876 oum
3533 2812 3859 2892 pulicibus
3879 2836 4185 2899 puynam,

2217 2900 2502 2983 peiorem
2544 2896 2861 2963 bestiolam
2908 2897 3202 2963 Cae-olum
3245 2899 3622 2980 ayqressuri.
3674 2899 3839 2964 Tum
3881 2901 4183 2969 nonnulla

2227 2987 2302 3051 in
2342 2983 2584 3050 schedis
2625 3002 2833 3049 secum
2875 2983 3346 3048 communicatis
3378 2983 3454 3048 de
3488 2982 3682 3049 huius
3723 2988 3964 3069 neyotio
3994 2989 4180 3053 easti-

2224 3075 2350 3156 9at.
2431 3069 2702 3136 Girardi
2744 3068 3114 3154 typographi
3153 3068 3507 3136 discrimen.

2229 3244 2341 3311 (Ex
2377 3240 2717 3312 autographo
2752 3238 2885 3294 Ood.
2923 3238 3125 3293 Genev.
3149 3237 3294 3309 111⁸,
3345 3239 3539 3295 f01.63.
3559 3270 3625 3279 -—
3644 3241 3971 3295 Recentiora
4004 3259 4183 3298 exem-

2229 3313 2407 3383 plaria
2439 3311 2681 3380 reperies
2716 3308 2844 3363 ibid.
2881 3306 3011 3362 Cod.
3051 3305 3177 3374 116,
3226 3308 3316 3361 fol.
3354 3307 3451 3371 90;
3496 3309 3706 3363 Bernae
3749 3310 3807 3363 in
3844 3311 4008 3365 Arch.
4043 3312 4182 3383 Epp.

2660 3376 2787 3432 Vn.
2821 3374 2940 3444 670,
2978 3381 3036 3430 et
3069 3376 3215 3445 apud
3250 3377 3448 3430 Simler
3496 3377 3615 3432 Vol.
3651 3376 3762 3445 57.)

2400 3531 2572 3599 Fido
2628 3531 2940 3598 ecclesiae
2985 3530 3395 3597 Genevensis
3452 3532 3700 3613 pastori
3752 3532 3986 3599 Ioanni
4030 3531 4184 3601 Cal-

2227 3620 2386 3690 vino
2430 3618 2622 3685 fratri
2666 3625 2734 3683 et
2773 3616 2981 3683 amico
3024 3637 3223 3714 quam
3268 3616 3607 3767 carissime}

3610 3722 3874 3768 enevae.

2404 3823 2476 3890 S.
2543 3822 2757 3888 Miror
2811 3842 2971 3886 sane
3024 3820 3198 3903 quod
3252 3828 3352 3885 tot
3408 3821 3722 3904 prodigiis
3778 3823 4184 3904 perterritus,

2233 3933 2398 3996 quae
2458 3909 2577 3974 tibi
2635 3908 2961 3991 scripturo
3021 3907 3477 3990 contigerunt,
3538 3928 3672 3971 non
3731 3908 3820 3972 sis
3866 3908 3947 3974 ab
3991 3929 4186 3991 opere

2232 4004 2577 4063 revocatus
2595 4046 2611 4075 ‚
2679 3991 2851 4076 quod
2914 3991 3229 4059 adversus
3296 3990 3589 4059 Carolum
3665 3991 4105 4059 meditabaris.
4135 3996 4185 4078 1)

2235 4082 2372 4149 Sed
2414 4080 2583 4146 nihil
2625 4078 2939 4157 moveris,
2988 4086 3061 4142 ut
3104 4077 3325 4158 video,
3371 4077 3815 4162 prodigiorum
3858 4100 3933 4146 ac
3976 4087 4186 4146 osten·
4302 4160 4306 4164 ι

2232 4176 2456 4237 torum
2522 4165 2858 4250 religione.
2947 4163 3171 4229 Instar
3250 4172 3475 4230 tamen
3538 4163 3985 4247 prodigiorum
4053 4173 4188 4230 tam

2234 4255 2443 4319 multa
2484 4252 2719 4318 merito
2759 4249 2989 4315 haberi
3040 4257 3374 4332 poterant,
3434 4249 3658 4316 amissi
3718 4251 4192 4329 commentarii,

2232 4342 2498 4406 infirma
2540 4334 2867 4415 valetudo,
2882 4336 2938 4413 ²)
2984 4341 3321 4401 certamen
3364 4355 3513 4400 cum
3557 4334 3884 4418 pulicibus
3927 4343 4194 4402 nocturr

2237 4448 2434 4505 num,
2494 4423 2670 4508 iugis
2724 4419 2962 4499 imber,
3023 4440 3188 4504 quae
3245 4419 3500 4485 nullum
3546 4420 3663 4485 tibi
3708 4428 3906 4487 noctu
3951 4421 4192 4504 diuque

2234 4511 2477 4595 quietis
2525 4510 2742 4575 locum
2799 4506 3049 4573 darent.
3139 4505 3409 4590 Cogita,
3470 4506 3529 4573 si
3585 4505 3908 4589 pulicibus
3963 4507 4194 4572 cedere

2235 4605 2496 4663 coactus
2540 4596 2650 4676 sis,
2695 4591 2954 4677 qualem
2999 4613 3075 4658 ac
3117 4612 3314 4675 quam
3358 4603 3657 4658 strenam
3700 4591 3976 4656 militem
4022 4600 4091 4657 tu
4127 4600 4194 4658 tc

2444 4852 2503 4917 3)
2540 4851 2682 4904 inter
2717 4863 2852 4918 quos
2887 4846 2974 4902 Io.
3014 4847 3293 4903 sturmius
3325 4861 3558 4914 maynas
3590 4850 3779 4913 partes
3812 4846 4020 4914 aqebat.

2442 4918 2505 4985 4)
2545 4918 2779 4972 Fallesii
2813 4919 3196 4972 concionatore
3234 4917 3307 4971 N.
3344 4914 3463 4981 624,
3497 4921 3608 4968 not.
3641 4914 3692 4967 ὃ.

2260 4990 2411 5044 680.
2451 4988 2509 5055 1)
2553 4984 2869 5056 Respondet
2900 4985 2978 5038 ad
3013 4987 3088 5041 N.
3124 4983 3243 5039 658.
3322 4984 3603 5038 Caeterum
3638 4983 3834 5035 harum
3868 4988 3920 5036 et
3945 4984 4194 5050 plurium

2330 5060 2574 5113 nentium
2618 5054 2970 5125 epistolarum
3012 5056 3278 5109 rationem
3322 5053 3612 5107 habuimus
3645 5052 3707 5104 in
3745 5050 3995 5121 Prdeqq.
4042 5052 4189 5107 Tem.

2252 5127 2301 5183 V
2339 5128 2386 5193 1,
2414 5143 2474 5195 p.
2511 5125 2581 5179 30
2615 5140 2755 5195 seqq.
2790 5124 2890 5179 ubi
2921 5123 2988 5177 de
3020 5123 3195 5179 libello
3238 5129 3429 5177 eontra
3470 5120 3725 5175 Car-olum
3772 5122 3979 5189 scripto
4008 5121 4196 5188 fusius

2238 5210 2506 5327 ⁶⁹'m“⁸'2›
2548 5261 2717 5317 coatus
2749 5262 2910 5316 etnam·
2944 5262 3006 5315 in
3041 5258 3442 5315 commentariis
3475 5262 3698 5311 senam
3732 5256 3809 5311 aa
3842 5257 3898 5311 d.
3933 5254 4016 5310 31.
4046 5257 4193 5327 Auq.

2237 5336 2436 5390 mentio
2468 5333 2547 5400 fit.

3715 5407 3776 5462 7*
