4825 6175
664 439 789 500 675

661 623 978 709 loquendi
1012 625 1242 703 forma,
1286 645 1412 707 quo
1447 632 1712 689 ornaret
1745 623 2211 689 ministerium:
2257 622 2612 701 ministros,

551 721 557 730 '
666 731 787 778 suo
831 710 1022 775 modo
1067 718 1134 775 et
1175 711 1494 775 ministris
1540 709 1822 794 proprie,
1866 708 2234 793 spiritualia
2276 708 2450 775 dona
2492 711 2614 773 im·

663 798 896 881 partiri
940 818 1014 862 ac
1058 798 1460 862 confirmare.

846 888 895 945 1.
944 880 1094 947 Cor.
1144 886 1179 945 3
1228 880 1496 947 dicitur:
1543 880 1920 964 Coeperarii
1960 901 2191 947 sumus
2234 879 2381 946 Dei.
2464 879 2613 945 Non

664 978 820 1033 sunt
863 976 1080 1032 autem
1116 967 1476 1050 cooperarii
1510 967 1636 1033 nisi
1673 966 1914 1049 aliquid
1936 966 2121 1032 Deus
2164 987 2280 1049 per
2317 988 2426 1032 eos
2462 987 2615 1048 ope-

663 1062 865 1132 retur,
912 1054 1084 1119 sicut
1125 1074 1242 1136 per
1285 1053 1636 1137 agricolam
1670 1053 1739 1117 in
1784 1051 2045 1118 cultura
2087 1073 2398 1135 agrorum
2441 1058 2509 1116 et
2540 1052 2612 1115 in

661 1141 928 1224 frugum
972 1147 1312 1222 proventu.
2209 1166 2215 1171 ·

845 1231 894 1290 l.
944 1226 1090 1291 Cor.
1140 1233 1177 1288 4
1225 1223 1706 1307 dispensatores
1748 1223 2212 1308 mysteriorum
2259 1230 2449 1289 vocat
2488 1224 2611 1287 mi·

662 1312 923 1377 nistros.
1034 1309 1168 1391 Qui
1250 1320 1466 1376 autem
1535 1310 1872 1393 dispensat
1952 1308 2199 1391 aliquid
2263 1308 2613 1374 distribuat

662 1418 927 1463 necesse
963 1405 1077 1462 est.
1147 1397 1221 1461 M
1270 1397 1542 1461 sterium
1577 1395 1740 1461 illud
1776 1395 2193 1478 evangelium
2230 1402 2346 1460 est.
2391 1394 2614 1460 Evan-

661 1483 907 1567 gelium
952 1504 1169 1547 nonne
1257 1503 1457 1546 onum
1502 1490 1603 1547 est
1642 1481 2030 1566 spirituale?

832 1568 1022 1633 Rom.
1079 1573 1151 1631 15
1198 1577 1265 1632 et
1318 1573 1340 1631 l
1418 1568 1558 1632 Cor.
1607 1572 1643 1632 9
1702 1566 2014 1632 tribuitur
2069 1567 2388 1633 ministris
2432 1587 2608 1633 com·

660 1655 1017 1719 municatio
1041 1674 1260 1718 rerum
1285 1654 1744 1736 spiritualium.
1794 1650 1872 1718 Si
1894 1652 2264 1736 spiritualia
2286 1674 2408 1718 sua
2430 1673 2606 1718 com-

657 1741 1096 1816 municarunt,
1142 1739 1381 1806 debent
1424 1747 1490 1804 et
1532 1739 1603 1804 hi
1641 1739 2017 1804 ministrare
2060 1738 2367 1803 carnalia.

834 1831 889 1889 2.
939 1825 1087 1890 Cor.
1137 1828 1173 1888 3
1217 1837 1409 1891 vocat
1467 1846 1539 1889 se
1574 1824 1822 1890 Paulus
1865 1825 2241 1889 ministrum
2283 1845 2416 1889 non
2459 1823 2606 1887 lite-

658 1932 771 1975 rae
836 1910 952 1975 sed
1015 1912 1315 1992 spiritus,
1384 1911 1596 1976 active
1661 1931 1794 1974 non
1859 1910 2146 1991 passive,
2215 1910 2398 1992 quasi
2465 1910 2607 1991 ipse

660 1997 964 2079 spiritum
1018 1996 1210 2066 illum
1264 1997 1594 2061 ministret
1648 2009 1715 2059 et
1767 1995 2074 2077 spiritum
2127 1996 2389 2077 quidem
2434 1995 2607 2061 Novi

659 2082 1064 2147 Testamenti
1134 2103 1327 2164 quem
1398 2081 1655 2164 spiritui
1713 2080 1878 2164 legis
1934 2082 2220 2164 opponit.
2321 2081 2453 2147 Hic
2508 2088 2610 2146 est

659 2167 873 2251 stylus
917 2167 1108 2233 Pauli
1152 2169 1264 2250 qui
1307 2166 1430 2232 sibi
1474 2167 1738 2231 videtur
1782 2187 2090 2250 arrogare
2148 2175 2368 2248 partes
2413 2167 2606 2249 spiri-

659 2261 766 2318 tus
811 2255 1041 2329 sancti,
1087 2255 1271 2336 quasi
1314 2254 1475 2337 ipse,
1524 2252 1711 2317 velut
1756 2272 1873 2317 suo
1917 2252 2163 2329 habitu,
2208 2252 2606 2335 quibuscun-

663 2360 787 2422 que
847 2339 1004 2405 velit
1072 2341 1373 2422 spiritum
1441 2339 1808 2421 impartiat,
1881 2359 2082 2420 quum
2141 2338 2269 2403 alia
2326 2339 2415 2406 sit
2467 2339 2607 2404 eius

658 2446 862 2490 mens.
953 2426 1123 2489 Nam
1177 2426 1324 2508 quis
1377 2425 1678 2508 spiritum
1738 2423 2034 2489 conferre
2088 2430 2304 2506 potest
2345 2435 2608 2507 praeter

657 2510 875 2576 Deum
918 2511 1166 2593 ipsum,
1226 2511 1410 2576 cuius
1465 2520 1564 2574 est
1607 2508 1919 2592 spiritus?
2011 2512 2326 2575 Attamen
2372 2509 2607 2576 tribuit

657 2597 1040 2674 ministerio,
1086 2596 1256 2679 quod
1314 2617 1433 2680 per
1489 2618 1637 2661 eum
1695 2596 2000 2677 spiritum
2059 2596 2293 2662 efficax
2338 2604 2441 2661 est
2483 2597 2605 2660 mi-

655 2683 1017 2747 nisterium.

837 2772 886 2832 1.
935 2767 1101 2831 Tim.
1151 2775 1208 2831 4.
1300 2765 1376 2832 Si
1423 2768 1583 2833 haec
1638 2768 1869 2833 feceris
1928 2775 1993 2831 te
2052 2767 2267 2848 ipsum
2309 2766 2605 2833 servabis

656 2860 776 2918 etc.
868 2851 1246 2919 Servatoris
1294 2854 1612 2932 officium,
1667 2851 1841 2937 quod
1899 2852 2103 2918 solius
2147 2850 2277 2916 Dei
2323 2861 2440 2926 est,
2486 2854 2604 2918 ho-

655 2939 820 3002 mini
865 2941 1316 3016 communicat,
1376 2940 1544 3021 quod
1595 2940 1778 3003 Deus
1820 2944 2115 3005 servator
2156 2959 2275 3021 per
2318 2939 2607 3005 ministe-

655 3025 826 3089 rium
872 3024 955 3090 ad
998 3025 1275 3091 salutem
1320 3024 1601 3092 adducit.

829 3110 1052 3176 Lucae
1098 3115 1196 3175 22.
1287 3112 1387 3176 'l'u
1431 3131 1788 3177 conversus
1846 3112 2161 3177 confirma
2201 3112 2440 3178 fi-atres
2485 3119 2601 3177 etc.

655 3196 741 3261 In
785 3198 970 3263 Actis
1015 3217 1153 3280 cap.
1207 3202 1313 3262 15:
1362 3195 1854 3262 confirmarunt
1897 3199 2135 3262 fratres
2179 3205 2246 3262 et
2280 3197 2601 3264 ecclesias.

655 3283 949 3348 Ministri
996 3304 1151 3367 ergo
1196 3284 1603 3348 confirmant.

830 3367 1015 3434 Haec
1079 3369 1366 3433 ministri
1423 3368 1675 3452 aliquot
1737 3368 2236 3433 Lausannensis
2301 3369 2607 3434 eeclesiae

655 3462 1138 3537 proposuerunt
1178 3456 1438 3520 senatui
1468 3453 1794 3519 Beruensi
1836 3453 1909 3516 in
1930 3453 2176 3518 Martio
2222 3474 2393 3519 anno
2423 3458 2604 3520 1548.

1429 3764 1838 3773 ———

1537 3999 1732 4071 1006.

777 4133 1248 4222 GALVINUS
1292 4152 1774 4221 MINIS'PRIS
1820 4155 2495 4225 BERNENSIBUS.

789 4319 798 4332 '
831 4324 1238 4391 Discordiam
1283 4327 1443 4390 inter
1474 4347 1573 4391 eos
1608 4333 1882 4392 exortam
1919 4332 1975 4393 et
2009 4328 2211 4394 indies
2245 4328 2453 4413 mayis
2482 4331 2610 4412 fer-

655 4416 894 4477 ventem
933 4412 1148 4477 sedare
1176 4432 1519 4493 pacemque
1560 4432 1913 4494 componere
1956 4419 2227 4480 conatur.
2269 4417 2274 4430 ’

662 4581 986 4651 (Exemplar
1032 4583 1426 4646 authenticum,
1484 4585 1530 4634 si
1580 4599 1770 4636 revera
1819 4602 2057 4654 unquam
2105 4587 2340 4640 Bernam
2386 4589 2611 4641 missum

659 4652 842 4716 fuerit,
880 4668 985 4704 non
1023 4657 1216 4705 exstat.
1283 4653 1666 4720 Fragmentum
1714 4657 1927 4706 tantum
1979 4653 2187 4707 Calvini
2234 4673 2396 4709 manu
2443 4658 2612 4726 scrip-

661 4727 804 4787 tum,
853 4727 910 4774 et
957 4720 1082 4773 hinc
1132 4720 1257 4772 inde
1318 4722 1662 4774 emendatum
1707 4726 1763 4774 et
1809 4723 2075 4775 variatum
2122 4725 2321 4793 legitur
2373 4725 2427 4778 in
2478 4726 2609 4779 Ood.

664 4789 866 4843 Genev.
905 4787 1072 4857 107³,
1110 4789 1199 4842 fol.
1238 4788 1340 4842 313
1377 4806 1495 4843 cnm
1532 4790 1887 4858 inscriptione
1923 4793 2250 4847 recentiore:
2293 4793 2401 4862 Ep.
2439 4801 2518 4849 est
2552 4801 2614 4849 ut

659 4865 796 4927 puto
818 4857 896 4912 ad
921 4857 1194 4922 Iodocum,
1235 4857 1514 4914 Saturum
1550 4867 1598 4911 ec
1618 4859 1852 4913 Beatum
1887 4861 2170 4918 ministros
2203 4863 2357 4916 urbis
2377 4863 2610 4917 Rev-nae.

664 4926 916 4981 Occurrit
952 4927 1115 4980 etiam
1165 4928 1220 4978 in
1258 4927 1388 4982 Ood.
1425 4930 1639 4980 Turret.
1693 4926 1816 4993 108,
1865 4928 1953 4982 fol.
1991 4928 2092 4982 171
2139 4930 2194 4984 in
2231 4932 2398 4987 Arch.
2447 4933 2611 4986 Bern.

951 4995 1089 5063 Epp.
1130 4995 1255 5048 VII.
1294 5013 1344 5064 p.
1383 4995 1482 5048 156
1520 5003 1577 5049 ct
1612 5014 1696 5065 ap.
1735 4996 2014 5051 Simlerum
2053 4999 2177 5052 Vol.
2213 4999 2324 5062 66.)

841 5166 1075 5231 Gratia
1133 5167 1314 5232 vobis
1380 5176 1444 5232 et
1512 5188 1641 5250 pax
1709 5189 1748 5232 a
1800 5169 1941 5236 Deo
2009 5179 2192 5254 patre
2259 5178 2480 5236 nostro
2547 5181 2613 5237 et

669 5249 953 5316 Domino
1018 5253 1167 5318 Iesu
1223 5252 1509 5324 Christe.
1599 5255 1869 5320 Fratres
1932 5256 2097 5320 mihi
2162 5257 2479 5323 carissimi
2546 5267 2613 5323 et

664 5338 1051 5403 honorandi.
1153 5340 1417 5405 Tenetis
1493 5342 1808 5405 memoria
1884 5351 1957 5407 ut
2035 5363 2261 5409 mense
2317 5343 2610 5409 Februa·

2153 432 2678 501 EPIS'POLAE
2744 437 3160 499 1005—1006
4524 435 4626 498 676

2716 624 2814 688 rio
2838 628 2888 700 ¹)
2925 642 3128 706 quum
3170 621 3337 688 istae
3378 622 3749 700 transirem,
3795 621 4130 688 vobiscum
4166 623 4399 687 fuerim
4431 622 4631 705 loquu-

2717 715 2843 774 tus.
2912 709 3017 773 Ita
3059 727 3220 773 vero
3259 716 3417 772 tunc
3460 706 3730 774 discessi
3765 730 3804 773 a
3836 708 4022 774 vobis
4064 716 4141 773 ut
4173 707 4380 773 tristis
4420 708 4635 774 mirum

2717 794 2788 858 in
2844 794 3106 860 modum
3165 794 3247 859 ob
3306 800 3556 859 vestras
3616 792 3967 859 discordias
4020 801 4086 859 et
4137 795 4378 858 anxius
4419 795 4636 876 gratias

2718 888 2941 946 tamen
2986 900 3247 964 agerem
3293 879 3596 958 Domine,
3642 880 3810 962 quod
3858 881 3985 946 huc
4028 880 4259 945 saltem
4306 880 4501 944 eratis
4539 880 4637 944 ad·

2720 964 2927 1042 ducti,
2986 976 3060 1030 ut
3115 985 3235 1029 vos
3288 966 3427 1030 fore
3502 974 3763 1048 paratos
3825 965 4129 1031 diceretis
4197 964 4282 1029 ad
4341 963 4640 1048 placidam

2717 1052 3189 1131 tractationem,
3249 1072 3416 1134 quae
3459 1051 3625 1115 mihi
3668 1052 3919 1134 optima
3968 1050 4509 1117 reconciliationis
4548 1052 4641 1114 via

2717 1158 2859 1203 esse
2902 1137 3269 1204 videbatur.
3359 1135 3464 1202 Ab
3523 1157 3599 1202 eo
3659 1148 3949 1220 tempore
4006 1157 4141 1201 non
4187 1138 4511 1202 immerito
4548 1158 4643 1203 me

2717 1224 2842 1288 ista
2886 1222 3247 1288 sollicitudo
3292 1231 3516 1289 noctes
3559 1229 3627 1288 et
3669 1223 3806 1289 dies
3849 1224 4193 1301 cruciavit,
4263 1244 4348 1288 ne
4390 1223 4640 1301 interea,

2716 1306 2873 1373 dum
2920 1330 3025 1374 res
3081 1307 3532 1386 differebatur,
3593 1308 3838 1373 malum
3895 1329 3971 1373 eo
4024 1330 4232 1391 usque
4289 1318 4644 1392 erumperet

2714 1401 2793 1458 ut
2836 1416 2965 1459 non
3008 1402 3182 1459 esset
3225 1395 3504 1479 amplius
3540 1394 3720 1460 locus
3756 1394 4059 1459 remedio.
4128 1393 4444 1459 Videram
4486 1395 4645 1459 enim

2713 1479 2982 1545 exordia
3028 1501 3192 1562 quae
3233 1501 3340 1545 me
3386 1480 3530 1563 plus
3576 1481 3808 1545 timere
3844 1480 4162 1564 cogebant
4205 1500 4403 1564 quam
4447 1477 4645 1545 dicere

2710 1564 3038 1630 auderem.
3108 1565 3342 1648 Itaque
3387 1585 3579 1648 saepe
3622 1566 3745 1630 fuit
3778 1567 3847 1631 in
3891 1567 4109 1630 animo
4154 1567 4430 1632 amicam
4468 1566 4647 1630 istam

2709 1651 3260 1733 colloquutionem
3326 1652 3565 1715 iterum
3632 1651 3844 1717 literis
3910 1671 4173 1735 urgere,
4240 1671 4440 1735 quam
4497 1650 4645 1715 mihi

2711 1737 3016 1819 utrinque
3075 1736 3274 1801 eratis
3333 1737 3622 1819 polliciti.
3726 1736 3860 1803 Sed
3906 1736 4179 1802 verebar
4235 1758 4320 1804 ne
4373 1757 4522 1801 mea
4562 1756 4646 1802 se-

2709 1821 2948 1887 dulitas
2972 1821 3133 1887 vitio
3178 1821 3343 1886 mihi
3384 1830 3753 1888 verteretur
3793 1844 3832 1888 a
3874 1823 4286 1907 quibusdam,
4334 1823 4522 1906 quasi
4555 1844 4647 1887 sa-

2710 1906 2992 1991 tagendo
3041 1908 3218 1972 ultra
3256 1929 3361 1973 me
3406 1911 3770 1992 ingererem
3821 1930 4014 1991 quam
4060 1907 4346 1976 decebat.
4435 1907 4645 1989 Quan-

2711 2014 2906 2076 quam
2962 2003 3137 2059 certe
3195 2014 3329 2057 non
3387 1994 3755 2060 debuerunt
3809 1995 3976 2059 mihi
4034 1996 4292 2060 obstare
4350 2014 4646 2077 perversa

2710 2079 3054 2143 hominum
3097 2078 3336 2144 iudicia
3381 2081 3539 2161 quin
3583 2081 3868 2146 officium
3913 2081 4228 2147 facerem:
4274 2081 4645 2165 praesertim

2710 2165 2825 2229 ubi
2863 2165 3140 2247 urgebat
3183 2172 3317 2229 tam
3362 2167 3583 2248 gravis
3637 2167 4003 2232 necessitas.
4096 2165 4458 2231 Audieram
4518 2187 4645 2231 ves·

2713 2257 2847 2314 tras
2891 2252 3346 2332 querimonias,
3394 2272 3597 2333 quum
3641 2260 3918 2334 utraque
3952 2274 4105 2335 pars
4142 2253 4513 2335 deploraret
4544 2253 4645 2315 mi-

2709 2337 3057 2401 serrimum
3102 2336 3411 2401 ecclesiae
3454 2346 3713 2402 vestrae
3746 2346 4007 2403 statum.
4076 2337 4207 2402 Hei
4252 2337 4419 2402 mihi
4465 2357 4646 2419 quam

2711 2420 2949 2486 durum
2986 2431 3088 2486 est
3130 2421 3252 2487 hoe
3289 2443 3525 2488 nomen
3560 2424 3734 2487 inter
3758 2423 4021 2490 Christi·
4046 2424 4398 2489 ministros.
4469 2421 4647 2503 Quod

2710 2514 2934 2572 tamen
2990 2508 3133 2591 ipsa
3191 2508 3287 2572 rei
3346 2510 3591 2573 veritas
3648 2508 3811 2573 mihi
3865 2519 4225 2592 extorquet.
4330 2509 4508 2573 Nam
4547 2508 4646 2574 ubi

2711 2591 2942 2658 ardent
3006 2593 3382 2676 quotidiana
3445 2595 3836 2671 certamina,
3948 2595 4060 2659 uid
4127 2594 4305 2660 aliud
4373 2594 4645 2661 dicerem

2709 2700 2903 2761 quam
2966 2678 3273 2745 adversas
3317 2679 3453 2745 illic
3498 2700 3639 2745 esse
3683 2692 3938 2763 partes.
4053 2682 4258 2763 Atqui
4316 2682 4532 2764 magis
4581 2700 4644 2745 ac

2710 2766 2921 2849 magis
2956 2764 3413 2830 exacerbatam
3472 2766 3672 2832 fuisse
3724 2766 4204 2832 contentionem
4259 2764 4458 2831 audio
4497 2785 4645 2850 quae

2709 2852 2841 2915 iam
2888 2858 3044 2916 tunc
3088 2851 3235 2932 plus
3280 2852 3441 2917 satis
3484 2852 3765 2936 vigebat.
3854 2853 3947 2917 Et
3990 2853 4234 2917 malum
4270 2853 4500 2935 procul
4543 2851 4646 2916 du·

2707 2937 2815 3002 bio
2866 2936 2936 3000 in
2997 2935 3134 3001 dies
3192 2936 3426 3021 gliscet
3481 2946 3550 3001 et
3606 2947 3881 3016 crescet,
3937 2938 4068 3003 nisi
4126 2939 4311 3003 brevi
4374 2938 4642 3003 tollatur.

2709 3021 2962 3086 Verum
3008 3021 3159 3106 quia
3199 3030 3358 3087 tunc
3400 3022 3559 3089 alios
3605 3024 3750 3089 aliis
3795 3031 4132 3107 suspectos
4177 3045 4318 3090 esse
4361 3024 4641 3109 cognovi,

2708 3129 2917 3173 unum
2959 3109 3182 3187 timeo,
3221 3130 3305 3173 ne
3342 3108 3658 3192 quidquid
3695 3110 3778 3176 ab
3813 3130 3946 3176 una
3966 3119 4153 3194 parte
4176 3111 4429 3176 dictum
4462 3110 4643 3175 fuerit

2708 3215 2866 3259 mox
2931 3195 3013 3260 ab
3079 3194 3287 3260 altera
3349 3202 3728 3279 respuatur,
3795 3196 3928 3263 nisi
3983 3197 4165 3276 huic,
4194 3196 4485 3280 periculo
4542 3217 4644 3279 per

2711 3280 2873 3346 alios
2895 3301 3233 3346 occursum
3270 3281 3482 3346 fuerit.
3532 3282 3710 3366 Ergo
3746 3290 3893 3364 post
3934 3283 4195 3367 longam
4232 3283 4646 3348 cessationem

2712 3502 2898 3556 1006.
2934 3501 2993 3567 1)
3030 3501 3184 3557 Haec
3215 3501 3462 3557 indicare
3498 3502 3751 3558 videntur
3792 3520 3860 3558 m.
3899 3503 4267 3558 Februarium
4303 3506 4415 3558 iam
4453 3504 4644 3559 diutiss

2713 3573 2955 3640 elapsum
2985 3571 3174 3635 fuisse.
3252 3571 3409 3625 Adde
3453 3571 3600 3641 quod
3643 3573 3801 3638 infra
3848 3572 3984 3627 dicit
4030 3571 4097 3627 de
4139 3575 4305 3642 lonya
4339 3574 4641 3639 cessatione,

2712 3641 2750 3692 i.
2787 3655 2832 3692 e.
2868 3639 3153 3694 intervallo
3185 3641 3330 3693 inter
3362 3640 3502 3694 alud
3533 3641 3856 3710 colloquium
3890 3647 3941 3696 et
3976 3641 4120 3696 hanc
4166 3643 4433 3710 amptum
4468 3643 4642 3711 episto-

2714 3709 2839 3762 lam.
2912 3707 3107 3777 Itaque
3141 3708 3218 3762 ad
3252 3725 3319 3761 m.
3360 3708 3601 3781 Aprilem
3636 3710 3933 3775 referimus.
4014 3707 4162 3778 Quid
4193 3711 4341 3780 quod
4373 3712 4526 3766 lectis
4568 3711 4641 3765 Vs·-

2713 3780 2819 3830 ταῖς·
2862 3782 2914 3830 et
2951 3775 3169 3830 Calvini
3212 3778 3451 3844 epistolis
3499 3777 3550 3831 d.
3602 3775 3684 3831 18.
3730 3784 3779 3833 et
3822 3776 3905 3832 23.
3941 3780 4078 3847 Apr.
4124 3779 4272 3834 datis
4316 3785 4378 3833 tu
4422 3781 4642 3842 fortasse

2708 3846 2897 3913 potius
2930 3844 3008 3898 ad
3036 3845 3195 3911 finem
3229 3848 3431 3900 mensis
3465 3846 3857 3901 detrudendum
3889 3848 4147 3916 opineris,
4186 3849 4282 3903 ubi
4313 3847 4378 3902 de
4413 3861 4642 3904 saeuam

2714 3914 3014 3982 desperans
3037 3915 3309 3969 absolvere
3330 3915 3444 3969 seri
3478 3916 3676 3968 tionem
3698 3917 3946 3971 noluerit.
3991 3914 4151 3985 Quod
4172 3917 4330 3972 habet
4358 3917 4547 3987 Hem-y
4566 3915 4640 3970 11.

2711 3981 2817 4036 462
2848 3999 2960 4037 rem
2994 3998 3106 4037 non
3139 3983 3369 4051 expedit.
3436 3930 3650 4037 {ninus
3682 3985 3925 4050 conferes
3960 3985 4259 4052 Hallerum,
4307 3989 4370 4039 in
4409 3986 4569 4040 Dior.
4596 4000 4644 4053 p.

2716 4052 2782 4106 79
2799 4068 2875 4121 sq.
2895 4053 2975 4106 ita
2998 4053 3342 4106 scribentem.-
3375 4053 3558 4105 Etiam
3594 4053 3730 4107 hanc
3765 4054 4044 4107 ecclesiam
4080 4057 4503 4108 sacramentaria
4535 4071 4641 4108 exa·

2715 4122 2984 4190 gitaverat
3002 4122 3371 4174 controversia
3410 4162 3421 4173 .
3460 4157 3471 4171 .
3514 4162 3525 4173 .
3583 4122 3718 4175 Visa
3752 4122 3854 4175 fuit
3890 4123 4211 4191 quibusdam
4234 4125 4500 4178 ministris
4532 4139 4640 4177 cou-

2715 4189 2903 4244 cordia
2920 4189 3372 4260 Wittebergensis
3409 4191 3771 4259 acceptabilis,
3810 4192 3930 4244 aliis
3956 4208 4087 4245 vero
4124 4194 4216 4261 qni
4255 4193 4514 4247 videbant
4548 4207 4638 4261 quo

2716 4275 2781 4311 ea
2815 4257 3068 4311 tenderet
3101 4258 3459 4312 intolerabilis
3497 4267 3630 4313 erat.
3688 4259 3829 4313 Hinc
3862 4261 4139 4314 dissociati
4175 4267 4303 4314 sunt
4338 4264 4501 4316 animi
4537 4276 4639 4330 pas·

2715 4329 2818 4381 sim
2856 4343 2954 4395 per
2988 4328 3178 4380 urbem
3222 4335 3278 4380 et
3313 4344 3520 4398 agrum.
3590 4328 3700 4381 Res
3747 4344 3927 4383 coram
3972 4331 4292 4398 magistratu
4340 4347 4503 4400 saepe
4537 4335 4639 4383 acts

2716 4403 2772 4449 et
2807 4397 3104 4465 composita
3149 4396 3245 4449 sed
3282 4397 3449 4466 sopiri
3485 4397 3746 4466 nequivit,
3796 4405 3858 4451 ut
3892 4400 4072 4467 potius
4109 4399 4354 4467 qnotidie
4398 4416 4497 4470 pro
4530 4416 4584 4452 su

2714 4472 2871 4535 gestu
2907 4464 3141 4518 ministri
3177 4465 3243 4517 de
3288 4464 3389 4519 hac
3437 4483 3494 4519 re
3530 4468 3939 4532 altercarentur,
3978 4474 4034 4520 et
4067 4473 4285 4521 senatus
4324 4476 4545 4537 totaque
4576 4483 4634 4519 ci·

2717 4534 2856 4587 vitas
2894 4535 2971 4585 ita
3005 4533 3343 4587 scinderetur
3392 4541 3453 4587 ut
3498 4535 3787 4603 aliqnando
3836 4552 4025 4602 parum
4062 4537 4277 4589 abesset
4315 4539 4447 4606 quin
4482 4538 4536 4590 in
4566 4552 4633 4588 se·

2718 4608 2849 4656 natu
2892 4609 3081 4656 contra
3126 4618 3183 4655 se
3231 4610 3417 4657 mutuo
3465 4603 3764 4657 manifestis
3809 4605 3972 4657 armis
4021 4605 4464 4660 insurrexissent.
4531 4603 4635 4658 Fuit

2717 4673 2861 4724 inter
2895 4672 3001 4724 alia
3036 4672 3346 4725 institutum
3395 4690 3427 4724 a
3473 4680 3666 4726 senatu
3712 4679 3773 4725 ut
3817 4689 4001 4727 omnes
4037 4675 4274 4727 ministri
4310 4671 4635 4729 iureiurando

2717 4741 3089 4808 obligarentur
3122 4741 3190 4792 ad
3224 4741 3525 4794 doctrinam
3569 4742 3625 4794 in
3662 4742 3799 4810 disp.
3834 4742 4099 4796 Beruensi
4134 4751 4427 4813 receptam,
4463 4760 4525 4797 ne
4558 4740 4634 4809 qui

2718 4817 2907 4862 contra
2941 4810 3079 4861 hanc
3112 4809 3373 4863 innovare
3424 4811 3552 4878 quid
3596 4828 3718 4863 uam
3766 4815 4063 4864 tentarent.
4131 4811 4250 4865 Hoc
4285 4829 4452 4881 quum
4487 4807 4630 4877 aliqui

2718 4894 2826 4931 non
2860 4893 3080 4930 servare
3114 4877 3432 4931 viderentur
3466 4885 3557 4931 tan
3600 4896 3684 4933 em
3720 4895 3808 4932 res
3826 4895 3889 4932 eo
3926 4880 4146 4932 devenit
4180 4889 4238 4933 nt
4275 4883 4444 4950 aliqui
4478 4878 4632 4933 dimit-

2716 4952 2963 5000 terentur
2998 4961 3032 5000 a
3066 4946 3388 5009 ministeri0‚
3423 4946 3476 4999 S.
3515 4947 3766 5001 Salaerus
3801 4953 3858 5000 et
3892 4948 3950 5001 B.
3982 4949 4287 5018 Gerungins
4323 4951 4417 5017 qui
4452 4950 4533 5002 hic
4552 4951 4631 4999 Ar-

2717 5016 2991 5080 gentinam
3026 5016 3167 5068 alter
3195 5015 3465 5068 Basileam
3500 5017 3779 5071 concessit.
3852 5018 4172 5071 Accesserat
4206 5020 4374 5072 etiam
4408 5019 4475 5071 ad
4508 5021 4631 5069 vete·

2718 5101 2833 5138 rem
2870 5085 3273 5138 contentionem
3307 5083 3602 5152 disputatio
3639 5085 3903 5153 quaedam
3938 5086 4254 5141 Lausannae
4291 5104 4323 5139 a
4358 5087 4523 5140 doctis
4554 5085 4629 5137 ha·

2715 5154 2833 5206 bita
2868 5153 2937 5206 de
2972 5158 3241 5222 potestate
3276 5153 3562 5207 ministerii
3598 5154 3943 5208 ecclesiastici
3961 5160 4018 5207 et
4054 5155 4196 5223 quod
4230 5157 4478 5210 minister
4510 5156 4629 5206 esset

2716 5238 2878 5291 super
2914 5238 3116 5290 omnes,
3154 5227 3210 5274 et
3245 5221 3387 5275 infra
3430 5239 3614 5276 omnes
3663 5222 3853 5291 reliqui
3903 5223 4161 5278 homines.
4236 5225 4380 5290 Quas
4414 5220 4627 5294 proposi·

2714 5293 2892 5345 tiones
2930 5308 3094 5359 quum
3130 5291 3295 5359 aliqui
3331 5291 3490 5345 huius
3525 5291 3780 5346 ecelesiae
3816 5292 4050 5347 ministri
4085 5295 4467 5362 approbarent,
4498 5303 4627 5344 seua·

2717 5369 2805 5413 tus
2840 5366 3138 5414 commotus
3176 5376 3268 5412 eos
3302 5359 3523 5414 dimisit.
