4825 6175
606 413 690 478 99
2140 401 2669 472 EPISTOLAE
2715 407 2838 470 657
2851 443 2937 455 --
2951 408 3077 471 660

596 596 708 662 his
752 594 1014 679 quidem
1056 594 1262 661 initiis
1305 595 1627 680 'figuram
1685 593 1958 660 laborat.
2048 591 2291 659 Vester
2333 598 2558 658 autem

596 681 890 749 Pericles
925 689 1170 764 quanta
1204 680 1594 764 intemperie
1626 679 1711 745 ad
1744 677 2228 744 fulminandum
2249 677 2552 762 rapitur?

598 768 987 852 praesertim
1032 787 1237 850 quum
1281 767 1422 832 eius
1465 787 1663 833 causa
1704 766 1909 831 nihilo
1952 765 2041 830 sit
2081 763 2330 829 melior.
2391 765 2481 829 Et
2498 766 2556 841 5)

598 852 754 937 quid
794 854 868 918 in
910 853 1089 919 hunc
1134 851 1399 916 modum
1450 849 1915 918 tumultuando
1970 850 2257 934 proficit,
2312 849 2443 915 nisi
2484 857 2560 913 ut

597 947 777 1005 totus
835 936 1121 1003 mundus
1178 959 1331 1002 eum
1381 938 1599 1002 furere
1656 935 1941 1002 iudicet?
2029 936 2144 1001 Me
2188 941 2400 1013 certe,
2446 936 2556 1018 qui

597 1046 753 1091 eum
804 1045 888 1088 ex
948 1024 1167 1089 animo
1221 1043 1529 1102 veneror,
1586 1022 2017 1090 vehementer
2072 1022 2279 1105 ipsius
2333 1020 2551 1104 pudet.

601 1107 737 1177 Sed
804 1110 926 1175 hoc
990 1110 1350 1191 pessimum
1415 1108 1591 1192 quod
1658 1129 1852 1174 nemo
1915 1107 2000 1173 ad
2063 1106 2555 1191 reprimendam

594 1196 797 1262 talem
866 1195 1286 1260 insolentiam
1361 1217 1490 1260 non
1546 1193 1738 1259 modo
1795 1215 1864 1259 se
1922 1214 2246 1277 opponere
2295 1192 2410 1259 sed
2469 1213 2556 1256 ne

599 1282 947 1347 mussitare
970 1279 1232 1363 quidem
1257 1281 1474 1345 audet.
1518 1280 1812 1345 Multum
1848 1279 1947 1344 illi
1972 1277 2282 1344 debemus
2304 1299 2552 1356 omnes,

592 1368 820 1432 fateor.
900 1367 1039 1431 Nec
1075 1387 1196 1449 ego
1230 1366 1486 1432 invitus
1522 1367 1751 1451 patiar,
1797 1374 1875 1430 ut
1907 1384 2166 1431 summa
2201 1365 2555 1429 autoritate

594 1452 868 1536 polleat,
922 1451 1117 1517 modo
1175 1450 1300 1517 sibi
1343 1453 1471 1535 ipsi
1513 1451 1842 1518 moderari
1884 1451 2066 1518 sciat.
2159 1448 2555 1534 Quanquam

595 1540 669 1602 in
713 1537 987 1604 ecclesia
1028 1558 1291 1621 semper
1332 1536 1693 1603 videndum
1736 1543 1854 1614 est,
1896 1556 2229 1619 quousque
2270 1536 2554 1601 homini-

594 1624 720 1699 bus
750 1622 1146 1690 deferamus.
1204 1624 1450 1689 Actum
1484 1624 1661 1689 enim
1697 1630 1812 1699 est,
1855 1622 1969 1688 ubi
2003 1643 2172 1687 unus
2206 1621 2555 1705 quisquam

592 1709 748 1792 plus
799 1716 1020 1792 potest
1073 1707 1342 1792 reliquis
1410 1708 1742 1774 omnibus:
1813 1708 2201 1792 praesertim
2258 1707 2369 1772 ubi
2428 1708 2554 1773 hoc

598 1795 817 1878 ipsum
853 1815 988 1859 non
1024 1792 1282 1860 dubitat
1314 1795 1601 1878 experiri
1635 1805 1953 1877 quantum
1988 1794 2211 1878 possit.
2259 1793 2556 1858 Intanta

595 1878 862 1964 quidem
905 1879 1346 1962 dissipatione,
1391 1887 1708 1963 quantam
1750 1898 1927 1945 nunc
1970 1879 2330 1957 cernimus,
2377 1878 2551 1944 diffi-

599 1966 725 2031 cile
768 1974 869 2031 est
910 1988 1015 2030 res
1059 1965 1355 2030 turbatas
1397 1986 1801 2049 componere.
1859 1965 2114 2030 Verum
2158 1965 2216 2030 si
2259 1964 2330 2029 in
2365 1965 2553 2030 nobis

593 2051 895 2116 omnibus
968 2060 1143 2117 esset
1197 2053 1254 2117 is
1310 2052 1571 2116 animus
1641 2052 1754 2135 qui
1809 2072 1952 2118 esse
2009 2050 2232 2125 debet,
2290 2050 2376 2115 ali
2422 2050 2552 2115 uod

593 2137 816 2202 forsan
860 2136 1223 2211 remedium
1278 2145 1499 2219 posset
1538 2137 1845 2202 inveniri.
1931 2136 2023 2201 Et
2065 2142 2242 2202 certe
2282 2136 2387 2201 foe
2436 2157 2553 2201 um

592 2220 964 2305 exemplum
1009 2223 1520 2288 transmittimus
1564 2222 1648 2289 ad
1691 2234 2013 2305 posteros,
2073 2221 2231 2288 dum
2285 2242 2549 2287 omnem

591 2307 964 2373 libertatem
1009 2316 1242 2391 sponte
1284 2308 1616 2374 malumus
1659 2309 1975 2392 proiicere
1994 2358 2009 2386 ,
2067 2328 2267 2390 quam
2310 2313 2385 2371 ut
2428 2306 2550 2372 ho-

590 2393 792 2459 minis
828 2394 1025 2459 unius
1060 2394 1352 2459 animum
1388 2393 1869 2461 offensiuncula
1902 2393 2121 2476 aliqua
2202 2413 2547 2477 ungamus.

590 2480 687 2543 At
729 2487 832 2544 est
887 2478 1241 2544 vehemens
1294 2480 1635 2564 ingenium
1692 2487 1760 2544 et
1810 2480 2095 2562 impetus
2200 2478 2350 2545 abet
2407 2478 2550 2543 vio-

590 2563 823 2630 lentos.
871 2562 1084 2644 Quasi
1127 2584 1285 2629 vero
1330 2566 1491 2632 haec
1536 2566 1957 2632 vehementia
1999 2586 2131 2629 non
2171 2566 2385 2648 magis
2432 2585 2548 2628 ex-

591 2649 824 2729 sultet,
878 2649 1037 2714 dum
1082 2670 1311 2716 omnes
1370 2651 1467 2715 illi
1510 2650 1859 2735 indulgent
1902 2659 2095 2734 atque
2139 2650 2359 2714 omnia
2400 2671 2549 2732 per-

589 2736 881 2800 mittunt.
963 2735 1041 2801 Si
1082 2736 1259 2801 inter
1299 2738 1515 2820 prima
1556 2738 1960 2803 renascentis
2005 2735 2313 2802 ecclesiae
2357 2734 2550 2800 initia

586 2821 720 2886 iam
765 2822 1045 2906 emergit
1085 2821 1209 2888 hoc
1253 2821 1627 2907 tyrannidis
1687 2822 2092 2905 exemplum,
2151 2821 2309 2905 quid
2360 2820 2548 2888 brevi

586 2906 784 2972 rebus
846 2908 922 2971 in
988 2906 1275 2973 deterius
1339 2908 1643 2991 collapsis
1706 2906 1861 2974 fiet?
1949 2909 2329 2974 Defieamus
2389 2926 2546 2991 ergo

589 2991 904 3059 ecclesiae
947 2993 1417 3073 calamitatem,
1474 3015 1688 3078 neque
1742 2993 1936 3058 modo
1981 2993 2162 3060 taciti
2206 2992 2382 3077 apud
2426 3014 2545 3059 nos

587 3077 764 3145 hunc
796 3099 1164 3144 moerorem
1199 3077 1607 3159 devoremus,
1654 3079 1770 3146 sed
1807 3080 2161 3147 audeamus
2197 3077 2547 3164 aliquando

584 3163 865 3230 liberum
904 3167 1223 3249 gemitum
1267 3166 1475 3232 edere.
1546 3165 1728 3248 Quid
1762 3168 1819 3232 si
1854 3167 2055 3233 etiam
2089 3166 2362 3232 Domini
2395 3187 2545 3249 per-

584 3249 796 3315 missu
852 3250 923 3315 in
979 3251 1102 3317 has
1159 3253 1499 3337 angustias
1552 3252 1643 3318 sis
1697 3252 2029 3332 redactus,
2089 3260 2168 3317 ut
2186 3251 2242 3338 6)
2285 3251 2545 3335 plenior

584 3335 854 3401 tandem
900 3336 980 3401 de
1025 3337 1149 3402 hac
1191 3358 1263 3403 re
1309 3338 1625 3405 confessio
1671 3339 1790 3403 tibi
1833 3337 2347 3422 extorqueatur?
2406 3337 2543 3403 Ve-

583 3422 921 3487 rissimum
966 3422 1268 3505 equidem
1323 3424 1534 3489 fateor
1576 3444 1721 3490 esse
1765 3423 1937 3507 quod
1981 3423 2198 3490 doces:
2262 3432 2329 3488 et
2370 3422 2544 3506 quod

584 3505 838 3592 placido
882 3528 1122 3592 genere
1167 3508 1439 3574 docendi
1493 3510 1814 3576 hactenus
1859 3509 2164 3576 studuisti
2208 3509 2461 3573 animos
2506 3530 2547 3572 a

584 3594 1001 3659 contentione
1043 3615 1383 3674 revocare,
1429 3594 1852 3678 prudentiam
1896 3595 2545 3677 moderationemque

585 3685 766 3743 tuam
810 3677 1027 3744 laudo.
1095 3677 1231 3744 Sed
1273 3679 1431 3745 dum
1472 3681 1692 3747 locum
1736 3680 1913 3746 hunc
1951 3689 2265 3763 tanquam
2312 3700 2543 3762 scopu-

583 3763 724 3829 lum
768 3763 1041 3848 defugis,
1062 3765 1117 3849 ⁷)
1162 3788 1246 3832 ne
1288 3767 1361 3831 in
1404 3765 1814 3849 quorundam
1858 3767 2287 3831 offensionem
2322 3767 2544 3831 incur-

583 3870 710 3928 ras,
755 3849 1093 3935 plurimos,
1140 3852 1255 3934 qui
1299 3852 1546 3935 aliquid
1580 3852 1822 3918 certius
1855 3852 1925 3916 in
1963 3873 2091 3935 quo
2128 3851 2546 3935 acquiescant

584 3934 701 3999 abs
744 3944 811 4000 te
854 3937 1230 4019 requirunt,
1289 3959 1640 4022 suspensos
1684 3937 2163 4022 perplexosque
2207 3936 2539 4019 relinquis.

582 4020 710 4085 Est
743 4029 984 4102 autem,
1028 4032 1105 4086 ut
1139 4044 1245 4087 me
1281 4023 1632 4107 aliquando
1664 4022 1789 4089 tibi
1824 4023 2039 4091 dicere
2074 4023 2368 4100 memini,
2407 4044 2544 4087 non

583 4107 742 4172 satis
777 4108 967 4173 nobis
1007 4108 1373 4187 honestum,
1412 4131 1558 4175 eam
1595 4109 1980 4190 doctrinam,
2018 4130 2212 4192 quam
2248 4108 2544 4192 plerique

583 4193 794 4258 sancti
837 4195 1103 4276 proprio
1138 4197 1458 4279 sanguine
1496 4203 1808 4262 testatam
1845 4196 2212 4279 relinquere
2253 4216 2388 4260 non
2425 4194 2544 4258 du-

585 4278 815 4357 bitant,
863 4300 945 4343 ne
991 4289 1357 4345 atramento
1416 4280 1682 4369 quidem
1725 4282 2127 4367 consignare.
2219 4279 2329 4346 Ad
2372 4279 2546 4345 hanc

583 4384 740 4448 ergo
784 4364 1049 4447 plenam
1096 4373 1164 4430 et
1205 4367 1478 4432 solidam
1538 4368 1779 4433 mentis
1832 4377 1985 4433 tuae
2038 4366 2544 4450 explicationem

584 4451 754 4514 forte
800 4451 979 4515 viam
1024 4450 1146 4515 tibi
1191 4454 1561 4534 patefacere
1605 4474 1782 4521 nunc
1826 4454 1971 4519 vult
2013 4455 2218 4535 Deus,
2264 4474 2352 4517 ne
2397 4474 2545 4535 per-

582 4544 782 4619 petuo
823 4536 1142 4601 haereant
1187 4537 1386 4617 dubii,
1432 4540 1541 4621 qui
1578 4540 1659 4604 ab
1697 4540 2046 4605 autoritate
2081 4547 2199 4605 tua
2232 4538 2542 4622 pendent,

542 4707 547 4711 ,
585 4641 746 4704 quos
790 4622 918 4687 scis
963 4643 1106 4688 esse
1147 4643 1342 4706 quam
1386 4624 1725 4707 plurimos.
1816 4626 2044 4709 Neque
2087 4625 2212 4691 hoc
2258 4636 2393 4690 tam
2438 4626 2543 4688 in-

582 4707 828 4772 citandi
871 4728 1070 4792 quam
1112 4708 1490 4775 consolandi
1548 4712 1649 4774 tui
1692 4732 1891 4777 causa
1934 4710 2092 4776 dico.
2176 4711 2321 4776 Nisi
2364 4711 2542 4775 enim

584 4812 667 4857 ex
709 4791 833 4857 hac
878 4794 1257 4860 turbulenta
1299 4797 1722 4862 concussione
1767 4796 2010 4881 aliquid
2069 4798 2267 4863 huius
2281 4800 2340 4875 8)
2387 4817 2542 4862 exo-

580 4878 873 4943 riturum
918 4899 1272 4962 sperarem,
1319 4882 1526 4947 multo
1570 4882 1903 4949 acerbiore
1950 4884 2131 4950 luctu
2168 4884 2539 4950 conficeret.

789 5132 850 5203 5)
889 5137 963 5189 Et
997 5176 1009 5189 .
1049 5177 1061 5189 .
1101 5177 1115 5190 .
1154 5175 1167 5190 .
1206 5138 1370 5191 audet
1404 5153 1502 5192 om.
1540 5138 1662 5194 edd.
1697 5144 1748 5195 et
1782 5154 1946 5195 versa.

791 5204 851 5269 6)
889 5221 960 5258 ne
994 5206 1114 5259 edd.

791 5271 849 5339 7)
887 5275 1165 5342 scopulum
1201 5276 1437 5345 aliquem
1471 5275 1675 5346 refugis
1709 5275 1829 5331 cdd.

789 5339 850 5410 8)
885 5341 1014 5396 hinc
1047 5342 1167 5399 edd.

4488 410 4593 473 100

2663 591 3060 676 Quanquam
3103 595 3360 659 exitum
3404 594 3612 679 quieti
3654 601 4110 680 exspectamus
4154 592 4416 678 qualem
4458 592 4600 661 dare

2660 679 2848 744 Deus
2897 680 3071 746 vult:
3091 684 3145 759 ⁹)
3189 680 3447 747 interea
3487 702 3755 748 cursum
3799 688 4098 749 nostrum
4135 679 4432 747 infractis
4474 681 4602 745 ani-

2661 765 2788 829 mis
2830 786 3320 849 persequamur.
3381 768 3487 833 De
3522 787 3836 850 responso
3871 776 3984 833 tuo
4012 768 4096 851 ¹⁰)
4139 785 4451 850 magnam
4494 765 4603 832 tibi

2659 849 2867 917 habeo
2910 853 3212 936 gratiam,
3258 852 3457 919 simul
3498 853 3695 918 etiam
3733 853 3814 919 de
3848 853 4256 920 humanitate
4298 870 4436 916 non
4470 850 4602 918 vul-

2659 937 2823 1020 gari,
2866 958 3061 1021 quam
3107 937 3232 1004 sibi
3274 937 3391 1004 abs
3433 946 3499 1003 te
3542 938 3907 1005 exhibitam
3948 938 4154 1004 fuisse
4192 934 4504 1004 Claud-ius
4527 939 4602 1014 ¹¹)

2657 1022 2823 1086 mihi
2865 1031 3165 1089 testatur.
3255 1023 3486 1105 Qualis
3543 1044 3702 1108 erga
3757 1047 3863 1091 me
3915 1025 4178 1090 futurus
4229 1044 4406 1089 esses
4461 1022 4606 1090 inde

2660 1108 3102 1176 coniecturam
3145 1109 3309 1176 facio
3351 1108 3525 1194 quod
3569 1130 3750 1178 meos
3803 1119 3938 1176 tam
3982 1110 4270 1194 benigne
4314 1108 4606 1174 comiter-

2660 1214 2787 1276 que
2831 1195 3128 1278 accipias.
3148 1197 3229 1270 12)
3307 1196 3451 1260 Deo
3496 1203 3714 1261 autem
3760 1196 4083 1262 maximas
4126 1194 4377 1280 gratias
4424 1214 4608 1280 agere

2659 1300 2789 1345 non
2834 1278 3078 1360 desino,
3124 1284 3240 1365 qui
3279 1282 3459 1346 dedit
3504 1288 3577 1345 ut
3617 1282 3686 1346 in
3731 1284 3875 1347 eius
3918 1280 4315 1365 quaestionis
4357 1301 4608 1347 summa

2660 1364 2740 1430 de
2762 1386 2890 1449 quo
2912 1367 3126 1450 rogati
3163 1387 3424 1432 eramus
3460 1369 3822 1433 sententiae
3857 1376 4121 1433 nostrae
4156 1373 4605 1451 congruerent

2659 1450 2950 1518 Tametsi
2994 1455 3170 1517 enim
3214 1452 3555 1536 paululum
3598 1462 3702 1519 est
3737 1452 4135 1521 discriminis
4169 1454 4240 1518 in
4275 1451 4609 1536 particulis

2657 1535 3069 1619 quibusdam,
3115 1537 3197 1603 de
3231 1560 3303 1603 re
3339 1546 3561 1604 tamen
3604 1538 3747 1623 ipsa
3789 1540 4033 1623 optime
4075 1540 4250 1604 inter
4292 1559 4416 1604 nos
4461 1558 4608 1605 con·

2658 1623 2863 1690 venit.
2952 1623 3144 1688 Vale.
3217 1628 3319 1689 28.
3365 1624 3547 1690 Iunii
3597 1629 3784 1689 1545.

3560 2136 3716 2208 658.

3192 2290 3664 2360 CALVINUS
3712 2290 4081 2358 VIRETO.

2829 2456 3080 2524 Narrat
3113 2480 3273 2542 quae
3305 2459 3431 2526 sibi
3464 2464 3781 2528 contraria
3814 2461 4149 2528 acciderint
4187 2481 4381 2543 quum
4412 2478 4614 2542 nuper

2652 2563 2769 2608 rus
2821 2545 2917 2609 ire
2967 2544 3233 2611 voluerit
3283 2552 3354 2611 ut
3409 2548 3638 2628 procul
3704 2548 3964 2632 neyotiis
4030 2548 4334 2625 ommia,
4395 2548 4472 2613 id
4528 2550 4611 2612 est

2651 2629 3007 2711 depexendo
3048 2636 3102 2696 et
3139 2632 3503 2714 defricando
3544 2630 3769 2700 Carolo
3811 2653 4062 2716 operam
4102 2634 4298 2701 daret.

2679 2801 2828 2854 Anto
2928 2800 3072 2871 phon
3124 2815 3234 2853 non
3287 2804 3482 2853 exstat.
3572 2801 3938 2855 Describimus
3992 2802 4269 2870 exemplar
4319 2802 4607 2855 Ionvillaei

2698 2869 2785 2924 od.
2905 2888 2960 2923 n.
2996 2867 3113 2934 196,
3148 2869 3240 2922 fol.
3276 2867 3347 2922 83
3383 2887 3433 2924 v.
3470 2885 3538 2923 ex
3573 2886 3681 2940 quo
3717 2870 3966 2924 derivata
4001 2879 4128 2925 sunt
4165 2871 4275 2924 tria
4308 2870 4432 2937 alia,
4473 2872 4608 2924 alte-

2652 2956 2772 2992 rum
2807 2955 2877 2993 ex
2911 2940 3102 3006 altero,
3138 2937 3416 2992 Turretini
3452 2938 3581 2992 Ood.
3609 2938 3724 3008 111,
3759 2940 3850 2993 fol.
3878 2939 3980 2993 119
4015 2958 4102 3003 ις
4136 2941 4434 3010 Beruense,
4475 2940 4613 3010 Epp.

2660 3011 2780 3075 ΕΞ,
3070 3005 3255 3076 mvn.
3289 3025 3346 3077 p.
3378 3005 3497 3075 692,
3534 3013 3593 3061 et
3626 3008 3842 3063 Simleri
3877 3010 3998 3064 Vol.
4030 3009 4198 3076 57.)-.··÷.

2824 3162 3049 3245 Quum
3084 3164 3190 3229 die
3218 3164 3543 3230 dominico
3580 3186 3696 3231 rus
3739 3165 4092 3232 concedere
4127 3165 4200 3231 in
4236 3165 4460 3231 animo
4500 3166 4616 3232 ha-

2649 3252 2903 3330 berem,
2962 3256 3042 3314 ut
3082 3253 3459 3334 proximum
3513 3249 3808 3316 triduum
3851 3250 4143 3316 ornando
4193 3250 4416 3317 Garolo
4463 3252 4617 3318 reli-

2647 3338 2796 3421 quis
2840 3335 3143 3402 omnibus
3186 3336 3468 3421 negotiis
3514 3336 3765 3402 solutus
3807 3336 4253 3420 impenderem
4271 3389 4288 3417 ,
4344 3338 4614 3421 iamque

2649 3423 2779 3489 alia
2821 3423 3043 3487 omnia
3098 3421 3182 3487 ad
3225 3423 3352 3486 iter
3396 3430 3463 3487 et
3506 3420 3709 3487 tridui
3750 3423 4327 3489 commorationem
4372 3432 4616 3506 parata

2648 3509 2883 3581 forent,
2929 3528 3077 3573 ecce
3112 3508 3276 3573 mihi
3314 3527 3397 3571 ex
3431 3509 3761 3592 insperato
3796 3508 3967 3591 quod
4004 3516 4220 3574 totum
4256 3509 4614 3574 consilium

2650 3601 2992 3660 everteret.
3073 3593 3597 3660 Commentarios
3641 3594 3818 3658 enim
3859 3593 4025 3658 mihi
4069 3618 4109 3660 a
4154 3592 4408 3661 Farello
4455 3597 4616 3660 mis-

2649 3701 2756 3747 sos
2785 3682 2832 3761 ¹)
2879 3698 3014 3743 non
3057 3680 3342 3761 reperio,
3400 3680 3512 3762 qui
3555 3677 3637 3763 de
3670 3680 3864 3745 rebus
3908 3679 4212 3746 omnibus
4256 3680 4617 3746 admonere

2648 3787 2755 3831 me
2801 3763 3138 3829 debebant.
3213 3765 3306 3829 Et
3348 3766 3502 3847 quia
3557 3764 3788 3830 fr‘aude
3833 3765 4083 3831 ablatos
4128 3786 4271 3831 esse
4315 3768 4617 3850 suspica-

2648 3852 2786 3930 bar,
2831 3851 3026 3916 sicuti
3070 3851 3270 3915 etiam
3315 3872 3488 3916 nuno
3530 3852 3842 3934 suspicor,
3886 3851 3953 3916 id
3999 3851 4166 3916 mihi
4207 3850 4616 3936 indignatio-

2655 3958 2809 4002 nem
2850 3938 2945 4001 ita
2987 3936 3174 4003 auxit
3217 3945 3295 4000 ut
3336 3935 3652 4021 postridie
3694 3958 3889 4002 mane
3935 3936 4370 4005 decubuerim.
4445 3939 4620 4003 Erat

2649 4024 2848 4089 etiam
2904 4022 3072 4086 mihi
3115 4043 3191 4088 eo
3236 4023 3569 4089 molestior
3623 4024 3878 4089 iactura
3931 4025 4101 4106 quod
4161 4023 4381 4108 legere
4424 4025 4503 4088 in
4547 4020 4615 4087 id

2650 4117 2907 4192 tempus
2952 4109 3355 4174 distuleram.
3444 4110 3884 4192 Posteaquam
3935 4116 4159 4175 tamen
4200 4131 4307 4175 me
4350 4109 4612 4196 collegi,

2650 4194 2832 4260 nolui
2873 4216 3035 4278 opus
3086 4194 3203 4260 tibi
3261 4195 3659 4279 promissum
3716 4195 4102 4278 relinquere.
4191 4196 4433 4261 Lunae
4491 4193 4616 4263 sub

2648 4301 3002 4363 vesperum
3078 4281 3572 4365 proficiscimur.
3664 4278 3802 4347 Sed
3865 4281 4185 4348 Torneaci
4249 4304 4383 4347 nox
4446 4281 4613 4348 adeo

2648 4368 2836 4433 nobis
2880 4366 3202 4450 pulicibus
3249 4368 3487 4432 infesta
3525 4366 3668 4447 fuit,
3710 4377 3788 4431 ut
3832 4367 4143 4434 dimidiae
4187 4367 4390 4434 horae
4434 4389 4615 4433 som-

2651 4474 2813 4517 num
2855 4473 2992 4517 non
3038 4453 3425 4536 ceperimus.
3516 4450 3872 4536 Surgimus
3916 4463 4071 4519 ante
4116 4454 4380 4519 tertiam
4404 4452 4613 4521 Saco-

2649 4547 2880 4603 netum
2922 4540 3098 4604 ituri.
3167 4539 3298 4603 Hic
3342 4558 3597 4621 quoque
3640 4539 3871 4621 pluvia
3912 4538 4244 4617 obstabat,
4290 4548 4357 4604 et
4402 4538 4615 4605 densa

2649 4632 2718 4689 et
2752 4624 3080 4689 diuturna.
3128 4624 3408 4690 Circiter
3442 4624 3693 4707 quinta,
3737 4625 3853 4689 illa
3894 4626 4290 4703 remittente,
4335 4625 4410 4689 in
4453 4647 4613 4710 asy-

2648 4710 2787 4775 lum
2840 4710 3007 4775 illud
3060 4710 3469 4794 confugimus
3525 4720 3602 4775 ut
3654 4711 3938 4775 duarum
3993 4710 4230 4777 saltem
4290 4710 4612 4777 horarum

2648 4817 2878 4862 somno
2901 4817 3022 4862 nos
3045 4796 3481 4862 reficeremus.
3529 4795 3979 4880 Aliquousque
4013 4806 4237 4864 tamen
4274 4795 4612 4882 progressi

2851 5069 2911 5135 9)
2950 5072 3325 5137 exspectemus
3361 5108 3374 5121 .
3413 5107 3427 5122 .
3463 5106 3477 5121 .
3517 5110 3529 5121 .
3565 5068 3828 5123 Dominus
3863 5071 4013 5124 volet
4046 5068 4169 5124 edd.

2818 5137 2912 5203 10)
2947 5138 3009 5191 in
3043 5151 3215 5192 causa
3253 5136 3932 5206 Pseudonicodmitarum,
3974 5136 4075 5208 Op.
4115 5137 4211 5193 VI.
4248 5138 4367 5194 621.

2821 5208 2912 5272 11)
2958 5204 3296 5261 Senarcleus.
3374 5206 3446 5260 N.
3485 5204 3604 5260 605.

2821 5274 2913 5341 12)
2950 5276 3033 5330 De
3069 5291 3332 5345 responso
3371 5315 3383 5327 .
3421 5315 3435 5330 .
3474 5314 3488 5327 .
3527 5316 3541 5330 .
3578 5276 3812 5345 accipias
3847 5276 4046 5331 desunt
4078 5278 4141 5331 in
4180 5275 4311 5333 cod.

2679 5345 2820 5402 658.
2857 5346 2917 5413 1)
2953 5345 3021 5400 N.
3056 5342 3176 5399 652.
