4825 6175
662 423 788 490 475

660 609 834 687 liter,
879 605 1064 678 adest
1105 623 1264 674 vere
1323 603 1459 668 suis
1501 600 1917 670 credentibus
1935 650 1952 678 ,
2007 599 2204 668 etiam
2266 597 2424 664 dum
2478 616 2615 664 non

665 694 999 766 celebrant
1042 710 1330 757 coenam.
1418 686 1620 756 Fides
1671 687 1850 752 enim
1898 693 1998 751 est
2053 685 2304 752 efficax.
2393 683 2616 766 Frigi-

663 778 970 850 dissimae
1014 784 1175 843 sunt
1214 773 1656 859 expositiones
1697 772 1980 848 illorum,
2023 770 2185 835 adeo
2222 777 2298 834 ιιι
2340 789 2464 834 nos
2517 770 2615 852 pi-

664 873 821 951 geat
875 863 1010 932 illis
1069 861 1319 930 diutius
1371 859 1735 925 inhaerere.
1826 856 2175 924 Calumnia
2224 875 2386 920 vero
2432 875 2618 919 mera

664 960 766 1020 est
828 949 988 1014 dum
1053 947 1271 1020 neseio
1335 965 1502 1029 quae
1566 943 1903 1010 adducunt
1967 941 2047 1009 de
2111 941 2485 1006 somniante
2549 946 2619 1004 et

664 1036 901 1106 edente
943 1035 1015 1099 in
1058 1031 1325 1110 somnis,
1370 1030 1698 1096 esuriente
1741 1049 1899 1093 vero
1943 1026 2104 1092 dum
2147 1026 2397 1109 vigilat.
2477 1024 2618 1092 Do-

664 1122 886 1189 minus
929 1119 1089 1186 dicit
1132 1138 1202 1184 se
1247 1138 1388 1183 esse
1431 1116 1667 1181 cibum.
1735 1114 1916 1197 Ergo
1960 1114 2072 1195 qui
2115 1112 2325 1179 credit
2366 1112 2620 1179 cibatur

665 1228 821 1276 vere
856 1203 1269 1283 sensibiliter,
1315 1224 1445 1269 non
1481 1200 1898 1285 imaginarie:
1946 1199 2310 1272 verumsita
2342 1206 2420 1262 ut
2454 1197 2622 1263 solet

666 1292 1001 1378 percipere
1044 1289 1226 1356 fides.
1313 1287 1598 1370 Reliqua
1639 1286 1860 1350 omnia
1914 1283 2290 1350 huiusmodi
2346 1289 2503 1348 sunt
2544 1289 2621 1348 ut

665 1399 803 1446 non
844 1374 1187 1461 indigeant
1228 1381 1457 1439 nostra
1501 1371 1899 1439 excussione.

839 1463 920 1528 L.
1010 1459 1186 1540 Quid
1232 1480 1391 1524 vero
1434 1458 1542 1524 hic
1583 1455 1998 1522 adducuntur
2031 1453 2434 1532 Messaliani,
2480 1452 2618 1517 Eu-

665 1547 930 1617 chitae?
1019 1544 1423 1611 Tribuebant
1476 1543 1550 1607 hi
1608 1541 1830 1608 omnia
1871 1542 2007 1606 suis
2053 1538 2384 1623 precibus,
2444 1537 2618 1602 unde

667 1654 910 1700 nomen
954 1632 1383 1705 invenerunt,
1439 1627 1747 1712 appellati
1804 1635 2191 1709 precatores,
2279 1622 2622 1689 Putabant

667 1737 1155 1802 supervacanea
1207 1737 1350 1781 esse
1406 1722 1811 1780 sacramenta
1830 1764 1844 1788 ,
1909 1710 2082 1794 quod
2128 1712 2457 1776 sufficeret
2495 1709 2618 1772 im-

666 1808 904 1872 butum
948 1824 1091 1872 esse
1124 1802 1375 1884 spiritu.
1465 1800 1602 1866 Nos
1645 1800 1887 1865 scimus
1930 1797 2178 1863 absolvi
2220 1817 2339 1860 nos
2383 1795 2619 1876 spiritu

669 1891 817 1971 Dei,
863 1889 977 1955 sed
1023 1887 1445 1954 nihilominus
1490 1885 1732 1969 requiri
1776 1893 2183 1948 sacramenta
2239 1902 2278 1945 a
2319 1879 2621 1947 fidelibus

669 1996 808 2042 non
873 1971 1260 2041 excludente
1317 1992 1574 2036 summa
1632 1971 2033 2036 necessitate.
2140 1968 2246 2032 Ita
2309 1965 2619 2048 baptizati

670 2071 828 2130 sunt
869 2059 1240 2126 Eunuchus
1286 2066 1353 2123 et
1396 2056 1761 2123 Cornelius.
1850 2052 2288 2120 Celebrarunt
2345 2071 2618 2118 coenam

670 2147 946 2230 apostoli
982 2147 1090 2228 qui
1143 2151 1534 2227 acceperunt
1588 2142 1856 2225 spiritus
1909 2140 2251 2223 primitias.
2342 2137 2621 2221 Oportet

670 2233 844 2300 enim
889 2252 1006 2297 nos
1049 2230 1324 2312 implere
1368 2249 1628 2296 omnem
1671 2226 2009 2292 iustitiam.

845 2318 926 2383 N.
1015 2315 1369 2400 Recipiunt
1411 2314 1521 2378 hic
1563 2334 1706 2377 sese
1743 2309 2007 2377 tandem
2043 2311 2113 2375 in
2149 2316 2409 2393 portum
2445 2307 2619 2372 unde

673 2425 816 2471 sese
860 2413 1203 2480 tueantur,
1261 2411 1327 2466 et
1385 2400 1572 2466 cuius
1627 2397 1950 2481 praesidio
2006 2409 2075 2461 et
2130 2396 2535 2461 munimento
2581 2415 2621 2458 a

667 2513 739 2557 se
779 2510 1039 2554 omnem
1083 2486 1321 2552 erroris
1365 2493 1478 2550 aut
1514 2485 1762 2567 peccati
1797 2484 2230 2566 suspicionem
2278 2480 2616 2563 repellant.

664 2576 817 2642 Non
865 2575 1250 2649 erravimus,
1298 2572 1453 2654 quia
1487 2571 1705 2634 omnia
1747 2577 1972 2633 nostra
2009 2567 2384 2632 innituntur
2429 2565 2620 2647 spiri—

667 2662 829 2727 tuali
886 2658 1391 2726 manducationi.
1493 2656 1596 2720 Ea
1647 2652 1920 2718 fundata
1974 2662 2074 2718 est
2129 2652 2271 2717 Ioh.
2336 2655 2373 2714 6
2429 2659 2495 2715 et
2549 2651 2621 2714 in

667 2745 1124 2829 disputatione.
1214 2742 1536 2807 Videmus
1595 2760 1752 2825 ergo
1795 2751 1869 2803 ut
1912 2739 2071 2804 istos
2115 2738 2412 2803 homines
2456 2736 2619 2802 Plu·-

665 2833 918 2899 lonicea
952 2829 1192 2894 turbet.

840 2916 920 2982 O.
1012 2915 1200 2995 Quae
1244 2913 1471 2978 multis
1514 2910 1595 2976 de
1641 2910 2041 2975 exhibitione
2085 2911 2385 2992 garriunt
2429 2918 2498 2971 et
2533 2908 2618 2971 si-

666 3004 852 3069 milia
896 3001 1258 3085 proferunt‚
1304 2997 1461 3063 alibi
1504 3020 1544 3062 a
1589 2996 1773 3063 nobis
1818 3004 1975 3061 sunt
2017 2995 2372 3060 confutata.
2441 2992 2617 3059 Sim-

666 3090 923 3173 pliciter
967 3086 1266 3152 minister
1317 3084 1587 3150 exhibet
1630 3081 2020 3167 symbolum,
2065 3104 2206 3147 rem
2253 3103 2382 3145 non
2430 3079 2617 3145 exhi-

665 3177 796 3242 bet.
886 3172 1305 3238 Exhibentur
1361 3192 1467 3236 res
1523 3191 1562 3234 a
1617 3169 1755 3234 solo
1814 3169 1989 3245 Dec,
2047 3168 2459 3251 recipiuntur
2503 3177 2619 3233 aut

665 3259 1119 3345 percipiuntur
1167 3255 1592 3340 spiritualiter
1633 3276 1754 3338 per
1799 3254 2010 3319 fidem.

837 3345 1023 3410 Haec
1069 3352 1289 3408 autem
1342 3343 1413 3406 in
1472 3362 1730 3406 summa
1782 3340 2197 3405 festinatione
2254 3339 2479 3422 paucis
2535 3337 2618 3403 ad

665 3438 888 3497 vestra
930 3427 1324 3511 respondere
1368 3427 1711 3505 voluimuS,
1770 3427 1866 3490 ita
1910 3433 2204 3490 nostrum
2249 3424 2436 3491 vobis
2479 3423 2618 3490 offi-

665 3519 841 3584 cium
887 3523 1311 3597 praestanteS.
1402 3511 1664 3578 Scimus
1722 3521 1939 3576 autem
2001 3531 2113 3576 vos
2172 3512 2265 3575 ita
2320 3529 2465 3574 esse
2516 3509 2617 3573 in-

664 3610 948 3669 structos
993 3609 1067 3665 ut
1110 3599 1288 3665 hisce
1331 3599 1572 3664 nostris
1626 3618 1758 3661 non
1815 3596 2181 3680 indigeatiS.
2272 3594 2620 3677 Conscrip-

662 3690 868 3755 simus
913 3695 1135 3751 tamen
1180 3681 1341 3749 ha'ec
1376 3684 1530 3766 quia
1571 3685 1665 3747 ita
1707 3681 2027 3747 voluistis).
2106 3682 2265 3746 Este
2298 3690 2617 3763 perpetuo

661 3775 864 3839 fortes
919 3782 988 3836 et
1041 3779 1418 3838 constantes
1471 3771 1541 3832 in
1585 3767 1889 3832 Domino.
1991 3767 2213 3832 Huius
2269 3766 2616 3832 consilium

663 3870 731 3924 et
773 3857 1095 3923 auxilium
1139 3855 1483 3921 indefessis
1531 3853 1830 3936 precibus
1873 3852 2216 3936 postulate.
2308 3852 2454 3917 Non
2505 3851 2614 3915 de-

662 3946 792 4010 erit
833 3944 892 4009 is
939 3951 1005 4007 6ι
1047 3942 1231 4008 vobis
1273 3950 1343 4006 et
1385 3940 1693 4006 ecclesiae
1747 3949 2003 4005 vestrae
2047 3959 2243 4021 quam
2287 3937 2616 4021 sanguine

663 4051 784 4097 suo
826 4027 1124 4094 redemit.
1214 4024 1571 4093 Orabimus
1628 4033 1694 4089 et
1749 4046 1871 4090 nos
1915 4046 2032 4107 pro
2090 4030 2310 4090 vestra
2360 4023 2615 4091 incolu-

661 4117 909 4180 mitate.
999 4114 1237 4180 Gratia
1279 4113 1548 4177 Domini
1606 4112 1814 4175 nostri
1859 4111 2010 4175 Iesu
2055 4109 2302 4177 Christi
2355 4110 2446 4175 sit
2498 4130 2613 4174 vo-

660 4200 932 4266 biscum.
1002 4199 1291 4265 Oramus
1326 4207 1548 4262 autem
1593 4205 1669 4261 ιιι
1714 4206 2010 4261 vestrum
2055 4196 2292 4277 aliquis
2333 4195 2612 4278 diligen-

662 4302 765 4351 ter
806 4284 1164 4369 perscribat
1206 4282 1524 4366 quomodo
1567 4283 1827 4347 finitum
1884 4290 1996 4346 aut
2052 4283 2484 4363 compositum
2526 4282 2617 4346 sit

661 4372 999 4457 negotium
1042 4380 1571 4445 controversum,
1628 4377 1694 4431 et
1744 4376 1820 4430 ut
1878 4367 2217 4449 epistolam
2277 4366 2451 4431 hanc
2507 4366 2612 4431 vel

663 4459 1057 4540 rescriptum
1080 4456 1275 4520 huius
1298 4453 1612 4537 epistolae
1636 4454 2004 4519 remittatis.
2064 4453 2236 4518 Nam
2259 4472 2418 4536 prae
2441 4462 2608 4517 tem-

661 4544 841 4627 poris
883 4544 1192 4627 angustia
1235 4539 1608 4615 rescribere,
1655 4540 1788 4604 imo
1831 4559 2026 4623 aegre
2068 4540 2162 4605 sic
2204 4539 2490 4604 scribere
2534 4539 2612 4602 li-

661 4630 815 4694 cuit.
904 4628 1159 4692 Valete.
1249 4625 1437 4693 Salvi
1495 4625 1629 4689 sint
1679 4646 1907 4690 omnes
1967 4625 2203 4689 fratres
2260 4634 2330 4689 et
2386 4624 2613 4689 fideles

661 4713 916 4780 Christi
960 4712 1282 4796 discipuli.
1339 4715 1432 4774 17.
1479 4710 1618 4775 Ian.
1666 4731 1838 4775 anno
1891 4714 2049 4773 1547
2096 4709 2262 4775 hora
2305 4713 2344 4773 2
2392 4729 2615 4792 pome-

660 4799 938 4865 ridiana.
1027 4799 1277 4882 Tiguri.

1571 4879 1797 4944 Vestri
1850 4881 1921 4943 in
1963 4880 2250 4946 Domino
2291 4880 2532 4945 fratres

1693 4966 2071 5049 Heinrycus
2115 4965 2486 5031 Buehlerus

1689 5051 2075 5133 Rodolphus
2119 5051 2531 5117 Gualtherus

1694 5136 2041 5202 Conradus
2085 5137 2459 5203 Pellicanus

1695 5222 2078 5288 Theodorus
2120 5223 2508 5288 Bibliander

1694 5308 2071 5393 Heinrycus
2117 5308 2558 5393 Bullingerus.

2209 407 2737 480 EPIS'POLAB
2785 413 2867 476 87
2873 412 3126 476 5--878

4534 417 4618 482 m

3624 596 3779 669 876.

3200 748 3704 818 FARELLUS
3750 751 4187 819 CALVINO.

2909 919 3112 986 Varia
3153 921 3402 1003 attinyit
3443 921 3688 1005 neqotia
3728 927 3859 988 tam
3902 922 4315 990 ecclesiastica
4358 943 4528 1005 quam
4543 947 4624 1008 po-

2719 1006 2912 1084 litica,
2957 1006 3075 1071 illa
3116 1007 3202 1071 ad
3228 1006 3671 1074 Neocmnenses
3693 1014 3752 1073 et
3788 1007 4119 1085 Vadenses,
4165 1008 4318 1074 haec
4338 1010 4429 1074 ad
4459 1009 4628 1077 Gallon

2721 1098 2778 1157 et
2827 1092 3173 1158 Germanos
3214 1094 3570 1173 spectantia.

2725 1264 2860 1330 (Per
2895 1264 3517 1342 amanuensem-scripta
3564 1269 3745 1316 exstat
3779 1263 3836 1315 in
3876 1264 4015 1317 Bibl.
4041 1271 4189 1385 fast.
4228 1264 4626 1320 Neocomsnsiun

3288 1349 3346 1384 m
3381 1333 3527 1385 calce
3564 1332 3827 1400 epistolae
3863 1332 3930 1386 N.
3966 1332 4035 1386 87
4076 1336 4119 1401 .)

2723 1521 2976 1586 Christi
3023 1541 3212 1586 servo
3246 1519 3482 1584 Ioanni
3521 1518 3800 1585 Calvino
3838 1523 4082 1603 pastori
4117 1522 4434 1590 ecclesiae
4465 1523 4631 1589 Gene-

2723 1607 2944 1673 vensis
2987 1617 3054 1671 et
3097 1604 3474 1671 doctissimo
3517 1613 3584 1671 et
3625 1605 4155 1759 viligantissitgo.

4102 1715 4364 1762 enevae.

2897 1825 2967 1892 S.
3057 1829 3165 1893 En
3221 1827 3341 1892 tibi
3398 1828 3595 1893 fidem
3652 1843 3721 1893 et
3773 1830 4216 1895 constantiam
4267 1830 4636 1896 misellamm

2724 1913 2985 1979 urbium
3012 1914 3061 2000 ¹)
3105 1934 3268 1996 quas
3320 1915 3747 1979 moderantur
3789 1917 3966 1980 avari
4009 1916 4471 1999 negotiatores.
4546 1917 4639 1982 Ni-

2722 2001 2966 2064 mirum
3010 2001 3065 2065 si
3109 1999 3356 2064 loculos
3389 1999 3722 2078 habentes,
3770 2023 3973 2083 quum
4018 2002 4303 2066 multum
4347 2004 4641 2086 surripue-

2723 2086 2877 2164 rint,
2923 2085 3101 2150 aliud
3157 2095 3539 2167 exspectare
3596 2107 3733 2151 non
3785 2087 3975 2153 licuit
4026 2107 4227 2168 quam
4282 2098 4361 2152 ιιι
4418 2088 4643 2154 demum

2723 2170 3095 2236 Christum·
3128 2171 3507 2236 venderent.
3628 2170 3824 2253 Quod
3893 2175 3947 2237 si
4007 2174 4258 2239 nostris
4299 2174 4643 2239 hominibus

2723 2255 2950 2321 eadem
3008 2269 3458 2334 occurrerent,
3518 2277 3711 2339 quam
3767 2277 3994 2322 vereor
4048 2279 4135 2323 ne
4177 2259 4380 2343 longe
4425 2261 4643 2343 turpius

2724 2350 3028 2425 agerent,
3083 2344 3203 2407 etsi
3258 2351 3536 2426 egerunt
3587 2343 3681 2407 illi
3727 2363 3923 2425 quam
3968 2346 4367 2427 turpissime.
4462 2346 4645 2426 Quam

2724 2449 2866 2493 sese
2910 2427 3149 2495 debent
3182 2429 3275 2510 pii
3320 2449 3546 2492 omnes
3582 2428 3665 2492 ad
3701 2450 3933 2511 preces-
3969 2423 4310 2514 accingere
4344 2441 4418 2496 et
4450 2429 4646 2495 arden-

2725 2515 2859 2578 tius
2900 2515 3165 2580 veniam
3208 2522 3431 2596 petere
3475 2524 3841 2579 erratorum
3882 2536 4050 2596 quae
4113 2523 4269 2581 sunt
4309 2516 4649 2590 innumera,

2722 2609 2790 2664 et
2811 2600 3138 2664 auxilium
3155 2600 3509 2680 implorare
3531 2599 3831 2664 divinum
3876 2602 3941 2664 in
3981 2612 4076 2665 tot
4104 2611 4172 2666 et
4214 2604 4424 2668 tantis
4449 2602 4647 2666 discri-

2722 2685 3030 2751 minibus.
3121 2686 3270 2750 Non
3326 2696 3428 2749 est
3484 2685 3652 2750 lenis
3704 2685 3918 2751 host-is
3963 2686 4280 2764 Satanas,
4336 2709 4479 2754 non
4526 2699 4653 2753 sunt

2723 2773 3001 2854 exiguae
3042 2771 3436 2836 Antichristi
3495 2772 3686 2835 vires.
3778 2770 3957 2852 Quid
4012 2794 4203 2856 pares
4260 2795 4412 2839 esse
4456 2795 4652 2856 possu-

2721 2877 2871 2921 mus
2913 2857 3041 2920 nisi
3083 2878 3165 2921 ex
3211 2857 3344 2922 alto
3388 2858 3857 2923 succurratur?
3947 2857 4165 2940 Quam
4210 2859 4463 2925 vellem
4506 2870 4565 2924 te
4603 2871 4657 2923 et

2722 2943 2822 3007 tui
2866 2942 3112 3008 similes
3170 2963 3286 3006 nos
3344 2944 3605 3025 saepius
3649 2944 3939 3009 invisere
3956 2947 4013 3019 2)
4049 2954 4117 3010 et
4158 2946 4413 3011 crebris
4458 2946 4654 3010 horta·

2721 3028 2895 3093 tibus
2941 3028 3021 3094 ad
3066 3027 3340 3093 meliora
3382 3029 3718 3113 instigare.
3785 3030 3954 3096 Nam
3998 3031 4245 3115 frigent
4290 3033 4517 3098 omnia
4546 3031 4655 3097 nisi

2720 3113 2989 3179 aliunde
3011 3114 3469 3180 accendantur.
3538 3116 3787 3180 Mortui
3828 3119 3937 3199 qui
3981 3125 4318 3182 mortuum
4366 3120 4491 3185 sibi
4513 3116 4655 3183 dele-

2721 3209 2980 3285 gerunt,
3026 3220 3224 3282 quam
3258 3212 3627 3284 proponent
3662 3203 3867 3267 vitam
3902 3204 4088 3286 gregi
4118 3205 4499 3269 concredito
4530 3224 4655 3288 per·

2722 3286 3072 3351 ditissimi?
3163 3286 3224 3352 O
3265 3288 3553 3352 fautores
3607 3296 3675 3351 et
3733 3286 4116 3353 educatores
4160 3289 4492 3355 eiusmodi
4532 3309 4655 3372 pes·

2719 3373 2906 3449 tium,
2950 3392 3150 3454 quam
3193 3394 3393 3455 grave
3428 3393 3548 3438 vos
3584 3383 3808 3438 manet
3841 3374 4189 3440 iudicium!
4256 3374 4506 3441 Saluta
4538 3375 4657 3457 pios

2722 3478 2967 3533 omnes,
3012 3459 3360 3541 coniugem
3406 3479 3553 3524 cum
3604 3460 3921 3538 (melasio,
3980 3459 4190 3542 coppo
4230 3472 4301 3526 et
4344 3461 4566 3528 Aballo
4604 3474 4659 3525 et

2722 3544 2988 3625 reliquis
3029 3544 3358 3608 fratribus.
3448 3542 3727 3612 Salvum
3783 3555 3967 3628 optat
4022 3560 4090 3610 et
4135 3546 4431 3613 Michael
4477 3546 4657 3613 Muza

2719 3630 2864 3694 vius.
2955 3629 3137 3693 Vale.
3244 3630 3555 3694 Neocomi
3615 3630 4155 3698 festinantissime
4212 3638 4316 3697 24.
4382 3631 4661 3698 Ianuarii

3742 3837 4045 3902 Farellus
4089 3848 4239 3903 tuus
4285 3846 4489 3906 totus.

2888 4004 3243 4071 Rescivisti
3287 4027 3369 4070 ex
3428 4006 3653 4087 Virdo,
3698 4015 3772 4072 ut
3825 4006 4104 4074 arbitror
4122 4062 4136 4083 ,
4197 4020 4277 4074 ut
4321 4012 4527 4077 fuerit
4567 4032 4661 4074 ex·
4774 4036 4775 4057 ÷

2719 4100 2946 4174 ceptus
3007 4090 3355 4157 Zebedams
3374 4094 3429 4169 ⁸)
3486 4114 3636 4158 cum
3696 4092 4019 4178 collega⁴)
4077 4098 4278 4161 misso
4341 4119 4385 4162 a
4453 4096 4660 4169 classe,
4774 4090 4775 4135 l

2719 4179 2830 4242 ubi
2887 4175 3137 4243 Balbus
3154 4179 3211 4253 ⁵)
3267 4199 3414 4243 cum
3469 4179 3836 4245 Poliarensi
3891 4181 4285 4247 reluctatum
4349 4192 4663 4248 venerant

2716 4284 2844 4327 non
2870 4262 3053 4327 missi
3090 4285 3130 4327 a
3173 4263 3398 4342 classe,
3444 4264 3557 4329 sed
3594 4274 3852 4330 tantum
3891 4265 4003 4331 ubi
4046 4267 4490 4333 contulissent
4530 4287 4661 4332 cum

2717 4369 2850 4413 uno
2896 4358 2962 4413 et
3033 4348 3259 4414 altero.
3361 4349 3808 4433 simpliciores
3862 4355 4098 4420 fratres
4155 4375 4365 4438 quum
4426 4355 4663 4421 nollent
4774 4358 4775 4367 ’

2742 4636 2882 4694 876.
2920 4637 2973 4703 1)
3014 4637 3146 4693 Oum
3182 4639 3282 4691 hoc
3316 4640 3443 4707 ipsa
3542 4640 3705 4694 istola
3738 4642 3979 4697 mittebat
4012 4643 4201 4698 literas
4226 4642 4663 4711 BuooriN.871.

2924 4705 2980 4771 2)
3018 4706 3144 4760 Hoc
3178 4710 3298 4773 ipso
3342 4707 3430 4762 die
3512 4709 3731 4763 alwinus
3779 4726 3815 4764 a
3863 4718 4056 4765 senatu
4101 4713 4301 4765 missus
4342 4714 4594 4769 Berna-
4624 4720 4665 4765 et

2720 4775 3001 4828 Basileam
3032 4775 3498 4846 proficiscebatur,
3544 4778 3803 4844 fortassis
3849 4782 4010 4833 etiam
4057 4780 4160 4834 hac
4203 4786 4499 4837 occasione
4538 4782 4663 4836 Neo-

2690 4859 2924 4899 .comum
2957 4846 3241 4911 petiturus,
3275 4861 3381 4913 quo
3417 4854 3593 4901 tamen
3625 4863 3739 4902 non
3768 4854 4017 4915 pervenit
4046 4848 4158 4913 (Or.
4198 4850 4274 4904 N.
4312 4849 4477 4919 878).

2712 4981 2856 5037 mol
2921 4910 2983 4994 ᾃ)
3020 4913 3385 4967 Lmannam
3438 4924 3663 4970 vocatas
3705 4917 3783 4971 ad
3826 4919 4232 4986 suscipiendam
4267 4923 4665 4987 prosme-

2921 5049 2982 5114 4)
3024 5049 3103 5104 10.
3139 5050 3223 5104 Le
3261 5050 3438 5105 Oomte
3470 5055 3568 5123 qui
3599 5055 3669 5109 ab
3705 5054 3914 5109 a.1537
3953 5056 4226 5111 Iverduni
4255 5058 4663 5113 minimum.

2720 5118 2967 5184 (Grouet.
3004 5118 3127 5172 hist.
3164 5118 3474 5175 d'lverdon.
3505 5140 3562 5191 p.
3596 5121 3746 5189 283.)

2923 5188 2983 5251 5)
3024 5186 3105 5240 Io.
3142 5187 3226 5241 Le
3262 5188 3442 5257 Reque
3476 5193 3724 5246 minister
3756 5195 3819 5246 in
3859 5191 4076 5247 Rances
4108 5200 4296 5261 postea
4335 5196 4404 5247 in
4448 5192 4661 5261 (stanp-

2717 5262 2843 5339 ven?
2865 5253 3144 5338 (Μένιρε
3161 5257 3489 5338 Piero-etlam
3508 5260 3654 5329 298).
3702 5261 3933 5331 Uterque
3948 5265 4097 5317 lom
4115 5278 4289 5331 prope
4304 5264 4662 5317 locu-dum.

2722 5325 2914 5383 Euam
2952 5326 3290 5380 Poenas-enm
3322 5330 3567 5384 minister
3601 5331 3807 5387 alieubi
3838 5333 3897 5385 in
3933 5332 4139 5387 vicinia
4170 5332 4549 5401 quaerendus.
