4825 6175
242 465 316 559 41
2002 463 2166 525 1545
2211 458 2497 528 MART.
4163 465 4246 528 42

245 647 507 733 dignum
550 646 682 715 dici
724 653 969 731 potest:
1030 645 1218 714 cuius
1260 643 1539 713 lectione
1580 666 1830 726 omnes,
1875 654 2191 730 quotquot

245 754 463 800 sanam
498 734 821 819 evangelii
857 733 1224 800 doctrinam
1260 731 1738 815 amplectimur,
1784 731 1947 798 adeo
1983 754 2188 816 quum

244 829 553 899 tenemur,
576 827 722 885 tum
743 819 1144 886 delectamur
1163 818 1373 894 unice,
1399 825 1473 883 ut
1492 828 1642 901 post
1663 818 1927 884 Lutheri
1947 819 2191 902 scripta

244 904 496 970 nullum
541 905 662 971 sub
707 905 843 971 sole
888 904 1084 971 huius
1128 905 1503 989 argumenti
1555 904 1746 970 facile
1800 905 2189 988 reperiatur,

241 990 404 1075 quod
449 988 727 1057 lectione
784 991 997 1075 magis
1049 999 1116 1056 et
1167 990 1384 1074 capiat
1438 997 1507 1055 et
1548 990 1621 1054 in
1661 991 1765 1055 sui
1810 990 2187 1056 admiratio-

240 1097 382 1141 nem
430 1076 661 1160 rapiat,
707 1098 842 1142 uno
884 1077 1025 1143 loco
1070 1076 1151 1141 de
1193 1096 1398 1142 coena
1440 1076 1715 1141 Domini
1764 1097 1921 1142 exce
1968 1085 2056 1153 to,
2115 1077 2188 1141 in

241 1183 359 1245 quo
402 1161 554 1246 plus
596 1163 795 1227 nimis
827 1163 900 1227 in
920 1162 1400 1247 Zwinglianam
1434 1173 1500 1227 et
1522 1160 1919 1245 Oecolampa
1965 1163 2189 1227 ianam

242 1247 607 1330 opinionem
650 1248 971 1314 inclinare
1017 1248 1278 1313 videris.

400 1332 683 1399 Caetera
730 1333 1042 1400 Claudius
1097 1345 1323 1398 noster
1365 1353 1585 1399 coram
1631 1340 1934 1416 exponet.
2016 1334 2188 1398 Nam

239 1418 534 1502 pluribus
579 1431 763 1485 tuam
806 1420 1117 1503 pietatem
1153 1420 1347 1502 longe
1382 1418 1763 1484 melioribus
1805 1428 2187 1502 occupatam

240 1525 507 1571 enecare
551 1526 823 1588 prorsus
878 1505 1223 1589 indignum
1269 1506 1485 1571 fuerit.
1575 1506 1658 1570 In
1703 1504 1990 1570 Domino
2033 1504 2188 1570 Iesu

238 1590 394 1657 bene
454 1593 620 1670 vale,
677 1593 782 1657 vir
838 1593 1203 1675 magnifice,
1261 1590 1513 1673 hocque
1572 1592 1888 1675 seriptum
1944 1611 2185 1669 meum,

236 1677 674 1759 importunius
717 1678 902 1755 forte,
948 1699 1068 1761 pro
1102 1687 1224 1742 tua
1260 1676 1620 1743 christiana
1661 1679 1902 1761 pietate
1936 1677 2010 1740 in
2049 1698 2187 1741 me-

233 1761 460 1828 liorem
501 1771 761 1846 partem
803 1765 1096 1846 accipere
1156 1763 1463 1847 digneris.
1553 1765 1809 1847 Torgae
1856 1766 1913 1827 6.
1960 1763 2189 1827 Martii

878 1936 1058 1999 Tuae
1104 1934 1330 2018 pietati
1375 1932 1855 2000 addictissimus

568 2019 835 2085 Marcus
879 2019 1117 2085 Crodel
1163 2019 1619 2105 ludimagister
1663 2020 1835 2104 apud
1872 2021 2182 2105 Torgam.

1136 2530 1290 2602 620.

714 2670 1213 2738 POLLANUS
1264 2668 1702 2736 OALVINO.

396 2842 819 2927 Arymtinam
871 2842 1132 2922 reliqna
1188 2841 1298 2906 ubi
1353 2842 1495 2908 lites
1537 2843 1729 2907 etiam
1759 2864 1884 2925 per
1926 2840 2183 2909 Caluini

235 2927 435 2996 literas
478 2948 604 2994 non
646 2928 913 2993 sedatae.
1008 2927 1193 2992 Nova
1248 2948 1326 2993 ex
1383 2928 1682 3011 inferiore
1730 2930 2082 2995 Germania
2120 2935 2183 2995 et

234 3012 1247 3168 afflac’pdmgpgismggotmnacimsibus.
1340 3013 1746 3096 Persequutio
1795 3017 2051 3100 piorum
2105 3016 2178 3081 in

531 3273 643 3339 (Ex
679 3271 1018 3340 autographo
1054 3271 1170 3325 cod.
1209 3270 1413 3325 Genev.
1453 3270 1571 3338 112,
1608 3273 1700 3326 fol.
1721 3272 1868 3339 222.)

393 3461 777 3529 Clarissimo
822 3461 964 3525 viro
1008 3461 1090 3526 D.
1116 3460 1210 3526 M.
1251 3460 1486 3526 Ioanni
1521 3461 1802 3528 Calvino
1846 3461 2176 3547 evangelii

236 3547 468 3616 Christi
531 3546 772 3615 vindici
830 3546 1143 3629 primario
1187 3549 1271 3613 D.
1317 3550 1725 3633 praeceptori
1740 3556 1861 3614 *ac
1918 3551 2179 3632 parenti

235 3634 298 3699 in
338 3635 603 3701 Christo
648 3631 1119 3699 colendissimo,
1754 3633 2087 3700 Genevae.

389 3805 458 3872 S.
503 3806 583 3872 P.
639 3803 975 3872 Postridie
1024 3803 1190 3871 Idus
1245 3805 1596 3870 Februarii
1653 3804 1950 3872 redditae
2008 3805 2175 3871 mihi

236 3899 376 3957 sunt
425 3892 544 3958 abs
604 3898 670 3957 te
714 3890 945 3957 literae
970 3892 1021 3975 ¹)
1066 3911 1234 3973 quae
1276 3898 1625 3976 pergratae
1668 3891 1954 3970 fuerunt,
2002 3891 2175 3957 mul·

238 3986 362 4044 tum
413 3988 638 4044 tamen
694 3977 1016 4062 gratiores
1073 3976 1366 4055 futurae,
1417 3977 1472 4043 si
1532 3998 1642 4043 eas
1701 3998 1903 4061 quum
1959 3976 2176 4045 adhue

238 4064 629 4148 Argentinae
673 4083 882 4129 essem
904 4064 961 4139 2)
1004 4064 1415 4145 accepissem.
1505 4063 1749 4129 Postea
1792 4064 2175 4129 nunciatum

241 4156 344 4228 est,
388 4151 501 4217 abs
546 4162 611 4215 te
654 4150 853 4214 etiam
897 4149 1156 4214 venisse
1200 4148 1283 4214 ad
1306 4155 1602 4214 nostram
1637 4147 1977 4214 ecclesiam
2002 4150 2177 4233 epis-

241 4234 419 4301 tolam
483 4235 667 4301 illam
720 4233 1104 4301 iamdudum
1164 4256 1204 4300 a
1257 4255 1365 4299 me
1410 4233 1848 4300 desideratam
1866 4236 1942 4309 ⁸).
2054 4234 2173 4301 Ve-

242 4341 392 4401 rum,
436 4330 511 4387 ut
553 4327 711 4386 sunt
762 4318 1177 4402 quorundam
1231 4320 1501 4405 ingenia
1544 4342 1812 4403 prorsus
1854 4321 2175 4388 intracta-

240 4404 396 4487 bilia,
439 4409 715 4473 maiores
759 4408 892 4472 iras
934 4405 1352 4489 quorundam
1393 4407 1466 4470 in
1507 4427 1614 4471 me
1657 4407 2053 4485 excitarunt,
2100 4428 2175 4474 ac

242 4500 559 4573 praeterea
601 4500 717 4558 aut
759 4514 996 4576 parum
1054 4503 1171 4556 aut
1214 4492 1382 4557 nihil
1424 4494 1857 4576 profecerunt.
1949 4491 2177 4576 Scrip-

244 4584 371 4643 tum
394 4587 492 4645 est
513 4579 593 4643 ab
618 4599 748 4644 uno
771 4586 967 4661 atque
1004 4577 1228 4658 altero,
1254 4577 1571 4661 plurimos
1594 4578 1726 4643 illis
1749 4577 1960 4643 literis
1985 4579 2178 4644 valde

246 4663 505 4730 offensos
548 4674 741 4747 atque
785 4665 1106 4741 incitatos,
1168 4686 1242 4730 ac
1288 4665 1637 4747 praecipue
1687 4664 2075 4730 Gar-nerium
2094 4667 2175 4743 ⁴),

245 4746 305 4811 in
353 4772 452 4815 me
516 4751 731 4817 fuisse.
835 4750 982 4814 Imo
1040 4749 1429 4817 Francisous
1487 4750 1679 4835 Org¹²
1702 4751 1755 4829 ⁵)
1830 4751 2172 4830 Metensis,

269 5037 398 5093 680.
438 5040 490 5105 1)
530 5040 660 5095 Non
694 5046 926 5097 exstant.

428 5108 482 5174 Εἰ)
521 5110 702 5229 {luam
746 5112 1059 5178 nuperrime
1104 5111 1385 5178 reliquisse
1428 5109 1659 5163 videtur.
1756 5109 1889 5164 Vide
1936 5110 2010 5164 N.
2053 5110 2170 5165 605.

426 5176 480 5237 3)
582 5182 713 5233 tiam
748 5180 881 5233 haec
916 5178 1275 5231 desideratur.
1342 5178 1409 5232 Sz·
1440 5179 1575 5247 quid
1610 5178 1856 5232 videmus
1880 5181 2075 5247 ayebat
2109 5181 2175 5234 de

246 5240 340 5297 san
370 5250 791 5302 contentionibus
826 5263 965 5317 quas
1002 5247 1271 5299 Pomanus
1306 5247 1464 5301 modo
1501 5247 1941 5302 denunciaverat.

420 5312 478 5447 ἐξ
516 5321 617 5439 gai
648 5321 758 5371 iam
793 5332 991 5370 munus
1028 5332 1183 5368 suum
1221 5314 1450 5378 adierat,
1486 5318 1589 5370 rite
1624 5324 1863 5371 vocatus.

560 5388 906 5456 arvipendium
916 5386 1290 5439 resolvendum
1302 5386 1399 5438 libi
1406 5388 1778 5452 permittimus.
1797 5387 2106 5454 (orqanigta
2121 5386 2174 5455 ,2)
2222 5334 2228 5423 l

2224 5316 2227 5329 Ι
2276 5249 2478 5314 fuerat.

2290 665 2488 728 quem
2529 644 2663 712 huc
2693 645 2882 712 iussu
2916 645 3020 712 Ill.
3058 643 3395 747 Oo[mitis]
3442 646 3577 712 mei
3608 647 3857 727 vocavi,
3903 650 4250 714 renuncia-

2291 732 2404 804 vit,
2472 751 2580 796 me
2616 732 2719 800 ‚ab
2776 731 2890 797 illo
2942 732 3038 798 ita
3091 752 3405 813 accusan,
3464 740 3542 798 ut
3599 732 3799 798 etiam
3853 733 4251 802 nebulonem

2290 817 2664 902 improbum
2711 825 2778 883 et
2821 839 3103 901 nequam
3142 818 3472 901 appellare
3516 817 3768 884 audeat.
3856 818 3951 883 Hi
3995 820 4247 888 fructus

2293 903 2636 987 evangelio
2681 902 2885 988 digni.
2975 905 3195 988 Atque
3238 904 3544 986 equidem
3600 902 3766 968 nihil
3816 902 3921 969 his
3965 927 4247 987 moveor,

2294 989 2729 1055 eonscientiae
2773 988 3159 1055 rectitudine
3202 989 3428 1056 fretuS.
3517 991 3832 1055 Attamen
3877 990 4052 1056 dolet
4085 992 4252 1057 mihi

2291 1074 2554 1140 illorum
2592 1075 2876 1153 miseria,
2913 1075 3028 1159 qui
3065 1097 3266 1159 quum
3304 1097 3373 1141 se
3411 1076 3706 1142 veritatis
3740 1074 4065 1142 studiosos
4099 1099 4249 1161 pro-

2292 1161 2627 1236 fiteantur,
2680 1160 2849 1225 nihil
2895 1169 3119 1226 tamen
3161 1160 3286 1226 hac
3330 1183 3463 1227 una
3504 1183 3574 1226 m
3664 1162 3715 1226 's
3759 1161 4036 1227 oderint.
4125 1166 4248 1228 At-

2292 1267 2415 1329 que
2475 1248 2543 1310 iu
2604 1245 2715 1311 illo
2775 1257 3035 1312 tantum
3093 1246 3408 1312 maiorem
3467 1269 3592 1330 pru
3641 1247 3887 1312 entiam
3932 1247 4247 1328 desidero,

2291 1342 2366 1396 ut
2410 1331 2752 1414 aliquoties
2793 1353 3014 1398 coram
3061 1332 3404 1398 admonui:
3450 1342 3630 1417 puta,
3691 1341 3764 1397 ut
3823 1355 3944 1418 ego
3999 1345 4064 1399 et
4105 1335 4249 1419 ipse

2290 1415 2866 1501 perpenderemUS,
2914 1439 3267 1502 quamnam
3314 1420 3383 1483 in
3428 1419 3700 1485 ecclesia
3738 1420 3865 1485 Dei
3900 1441 4249 1503 personam

2292 1503 2766 1580 sustineamus,
2833 1505 3055 1588 itaque
3119 1526 3205 1569 ne
3263 1527 3380 1570 nos
3440 1504 3619 1588 vulgi
3675 1526 3857 1571 more
3914 1505 4009 1571 sic
4073 1508 4249 1575 vinci

2292 1588 2632 1655 affectibus
2677 1593 3025 1672 pravisque
3070 1590 3304 1656 studiis
3348 1589 3495 1656 duci
3552 1598 3945 1674 pateremur.
4033 1591 4249 1660 Audio

2291 1674 2439 1739 illos
2504 1674 2626 1740 tibi
2689 1677 3053 1758 scripsisse:
3122 1675 3435 1760 quidnam
3490 1677 3740 1760 ignom.
3852 1676 3972 1743 Uti
4037 1699 4248 1761 neque

2291 1758 2450 1843 quid
2467 1760 2599 1826 illis
2615 1762 2956 1844 scripseris
2972 1762 3122 1827 scie.
3169 1762 3459 1828 Proinde
3482 1762 3711 1846 scripsi
3736 1760 3817 1827 ad
3835 1763 4247 1848 Antonium⁶)
4305 1822 4312 1830 .

2291 1867 2514 1910 meum
2574 1848 2983 1914 carissimum
3044 1855 3111 1911 et
3166 1846 3620 1913 fidelissimum
3677 1848 3746 1911 in
3791 1848 4059 1914 Christo
4117 1851 4248 1914 fra-

2291 1943 2480 2007 trem,
2526 1931 2608 1997 de
2651 1931 2887 2016 quibus
2934 1934 3161 2015 putavi
3204 1932 3351 1999 illos
3395 1934 3645 1999 moneri
3691 1943 4011 2017 oportere.
4112 1933 4249 2002 Sed

2289 2018 2599 2100 quoniam
2654 2020 2812 2084 iussi
2872 2016 2955 2088 ad
3016 2028 3082 2083 te
3125 2019 3470 2101 epistolam
3513 2019 3691 2084 illam
3738 2021 3928 2100 mitti,
3992 2020 4094 2086 his
4138 2042 4247 2086 su·

2289 2103 2665 2187 persedebo.
2755 2106 2826 2170 Τ.
2875 2103 2966 2168 Η.
3012 2125 3127 2169 oro
3172 2113 3366 2188 atque
3409 2105 3716 2184 obtestor,
3764 2106 3818 2171 si
3856 2127 4145 2190 unquam
4181 2116 4247 2173 te

2287 2189 2358 2252 in
2402 2189 2611 2272 patris
2653 2190 2794 2256 loco
2838 2191 3027 2268 colui,
3073 2198 3148 2255 ut
3190 2213 3297 2255 me
3340 2189 3613 2259 candide
3658 2191 3773 2257 ubi
3824 2201 4118 2258 erratum
4162 2192 4249 2259 sit

2287 2294 2575 2342 moneas.

2462 2359 2794 2441 Quoniam
2838 2369 3060 2427 autom
3105 2385 3144 2428 a
3187 2384 3294 2426 me
3338 2362 3507 2445 petis
3549 2373 3625 2427 ut
3658 2361 3941 2428 scribam
3978 2364 4036 2428 si
4079 2384 4247 2447 quae

2287 2453 2353 2510 te
2397 2444 2464 2510 di
2514 2467 2599 2511 na
2642 2448 3082 2531 cognoverim,
3139 2447 3379 2514 nudius
3432 2449 3668 2514 tertius
3726 2470 3929 2532 quum
3989 2448 4248 2518 adesset

2285 2530 2371 2595 Ill
2457 2468 2694 2598 {omes
2752 2554 2969 2612 meus,
3042 2534 3340 2600 narravit
3397 2543 3802 2617 compertum
3864 2534 4106 2599 habere
4175 2557 4246 2600 se

2286 2619 2474 2699 (nam
2520 2639 2863 2685 oraveram
2908 2628 3107 2685 antea
3149 2629 3228 2684 ut
3273 2620 3513 2684 nuncio
3558 2619 3757 2685 misso
3804 2619 3886 2684 ad
3921 2620 4086 2685 Rev.
4130 2619 4245 2687 Go-

2285 2704 2621 2771 loniensem
2679 2703 2760 2770 de
2823 2714 2998 2770 statu
3058 2727 3132 2772 ac
3201 2707 3490 2789 profectu
3545 2704 3723 2770 illius
3778 2705 4085 2772 ecclesiae
4144 2705 4245 2770 in-

2329 2790 2605 2869 uireret)
2666 2802 3090 2874 compertum,
3141 2792 3443 2874 inquam,
3502 2813 3572 2857 se
3630 2790 3873 2857 habere
3930 2793 4244 2873 narravit,

2377 2875 2708 2941 laniensem
2741 2877 2874 2941 iam
2910 2897 3139 2961 paoem
3175 2876 3460 2960 aliquam
3498 2877 3826 2960 adeptum,
3874 2898 3949 2944 ac
3982 2878 4246 2960 penitus

2284 2962 2617 3044 quiescere
2672 2961 3082 3029 adversarios
3105 2967 3176 3041 ⁷).
3266 2963 3347 3028 Id
3415 2964 3652 3046 quiane
3696 2963 3890 3043 victi,
3936 2971 4052 3028 aut
4094 2964 4247 3047 quia

2284 3046 2581 3115 insidiosi
2613 3048 2768 3129 sint,
2812 3048 3062 3134 ignoro.
3151 3047 3329 3115 Illud
3365 3056 3591 3116 noster
3624 3059 3862 3134 sperat,
3907 3048 4085 3115 istud
4121 3069 4244 3135 ego

2284 3135 2497 3218 magis
2563 3142 2801 3201 metuo.
2901 3136 3233 3202 Narrabat
3300 3136 3569 3219 insuper
3632 3133 3808 3219 apud
3872 3135 4244 3202 Electorem

2289 3220 2680 3298 Palatinum,
2743 3244 2783 3286 a
2825 3244 2951 3304 quo
2996 3243 3206 3305 nuper
3249 3220 3553 3300 redierat,
3612 3220 4035 3299 intellexisse,
4085 3220 4240 3287 Cae-

2281 3307 2420 3371 sari
2463 3308 2534 3370 in
2577 3308 2798 3372 animo
2834 3328 2996 3385 esse,
3041 3308 3266 3391 perfici
3299 3308 3711 3373 Wormatiae
3745 3308 3879 3371 iam
3915 3307 4029 3372 illa
4072 3328 4241 3390 quae

2282 3393 2604 3476 proximis
2640 3394 2920 3458 comitiis
2943 3391 3180 3477 Spirae
3215 3403 3476 3477 recepta
3509 3395 3790 3458 fuerant.
3807 3396 3887 3472 3).
3955 3393 4241 3477 Magnas

2281 3477 2557 3561 insuper
2611 3479 2807 3545 huius
2863 3481 2996 3545 iras
3053 3479 3373 3547 adversus
3430 3478 3825 3563 pontificem,
3884 3499 3959 3545 ac
4020 3479 4240 3545 nescio

2281 3564 2439 3647 quid
2483 3566 2986 3648 conspirationis
3031 3564 3310 3631 duorum
3355 3564 3862 3630 monarcharum
3921 3564 4242 3631 adversus

2279 3649 2472 3715 illum
2539 3649 2638 3714 τᾶν
2703 3652 3099 3735 tom-{Pavor
3151 3649 3301 3716 θεὸν
3366 3652 3933 3718 commemorabat.
4055 3650 4242 3716 Haec

2280 3734 2468 3801 Deus
2511 3736 2680 3802 beno
2727 3744 2940 3803 vortat
2983 3736 3067 3803 ad
3110 3739 3212 3805 sui
3257 3738 3543 3802 nominis
3587 3736 3862 3820 gloriam
3903 3748 4097 3819 atque
4134 3757 4240 3802 ec-

2280 3821 2516 3887 clesiae
2559 3844 2716 3887 suae
2760 3824 3065 3905 quietem.
3131 3825 3238 3889 De
3274 3823 3735 3889 concionatore
3771 3834 3999 3887 nostro
4015 3827 4073 3903 ⁹)
4107 3822 4238 3887 for-

2281 3917 2458 3974 tasse
2502 3906 2747 3991 aliquid
2791 3930 2866 3974 ac
2909 3919 3048 3974 tota
3089 3909 3204 3975 illa
3260 3909 3533 3975 ecclesia
3576 3916 3938 3993 exspectas.
4029 3906 4240 3973 Intel-

2279 3992 2418 4058 lexi
2451 3993 2642 4059 illum
2683 3994 2898 4060 adhuc
2933 3998 3374 4078 superstitem,
3420 3991 3535 4061 sed
3569 4014 3888 4078 magnum
3924 4014 4067 4059 esse
4100 4014 4239 4058 me—

2280 4086 2426 4144 tum
2472 4087 2551 4144 ut
2593 4079 2781 4146 brevi
2829 4081 3020 4145 vivus
3070 4087 3404 4146 exuratur.
3492 4079 3618 4146 Est
3672 4088 4014 4163 praeterea
4071 4078 4239 4145 alius

2282 4163 2550 4248 quidam
2604 4165 2676 4230 in
2728 4164 3009 4231 vinculis
3039 4168 3123 4243 ¹⁰)
3170 4165 3347 4251 apud
3380 4186 3562 4231 meos
3595 4164 3996 4245 Insulenses,
4041 4164 4240 4229 trium

2279 4249 2656 4335 linguarum
2713 4252 3185 4336 peritissimus,
3247 4253 3359 4336 qui
3421 4251 3738 4317 sexennio
3799 4251 4240 4317 sincerissime

2281 4336 2699 4421 evangelium
2758 4337 2995 4415 docuit,
3054 4358 3283 4404 omnes
3341 4346 3779 4423 tyrannorum
3822 4338 4040 4402 minas
4083 4357 4239 4402 con-

2280 4431 2605 4500 temnens,
2665 4422 2762 4487 ita
2816 4431 2892 4488 ut
2947 4423 3148 4488 etiam
3191 4445 3394 4507 quum
3439 4421 3563 4488 sibi
3601 4422 3964 4506 periculum
4009 4421 4237 4489 certis·

2279 4509 2524 4575 simum
2582 4508 3131 4574 animadverteret
3185 4530 3528 4593 nunquam
3586 4518 3808 4574 tamen
3851 4529 4046 4574 suum
4090 4528 4237 4591 gre-

2278 4615 2431 4678 gem
2495 4592 2794 4659 deserere
2858 4594 3160 4660 voluerit.
3270 4594 3552 4678 Saepius
3616 4613 4011 4662 vocaveram
4037 4643 4053 4670 ,
4121 4590 4238 4657 sed

2484 4834 2546 4897 6)
2599 4833 2732 4888 Vide
2765 4849 2840 4888 an
2867 4831 3126 4888 Furnium
3149 4834 3429 4903 siqnificet,
3466 4851 3543 4889 an
3566 4850 3692 4889 vero
3721 4836 3965 4902 ignotum
3988 4830 4235 4900 aliquem.

2487 4902 2543 4967 7)
2581 4903 2783 4957 scilicet
2816 4905 3046 4956 nonnisi
3078 4903 3154 4957 ad
3190 4910 3412 4972 tempus.

2487 4970 2548 5033 8)
2588 4973 2806 5025 comitia
2845 4971 3274 5025 Wormaciensia
3310 4973 3409 5026 hoe
3442 4974 3562 5040 ipso
3597 4986 3775 5025 mense
3813 4967 4025 5023 Martio
4062 4968 4235 5021 insta-

2279 5042 2428 5106 bant,
2473 5048 2524 5093 et
2567 5057 2701 5092 vera
2753 5047 2908 5094 orant
2953 5057 3091 5109 quae
3134 5041 3223 5095 hic
3267 5057 3332 5094 ecc
3379 5056 3596 5095 rumore
3627 5040 3843 5108 publico
3891 5039 4074 5103 refert.
4152 5036 4235 5102 Cf.

2284 5109 2556 5241 R‘mkesi
2571 5108 2803 5231 γρΞιῖ-Ϊιὲ
2851 5177 3029 5246 Bady
3088 5177 3140 5231 α.
3187 5176 3271 5230 19.
3333 5176 3632 5232 Febr-uara·
3689 5177 3960 5244 ειῳριεοεο
4010 5176 4237 5242 affectu

2459 5316 2548 5379 10)
2590 5316 2806 5369 Nomen
2852 5315 3082 5381 definire
3127 5332 3238 5368 non
3277 5329 3588 5381 possumus.
3661 5312 3862 5367 Plures
3899 5313 4071 5382 paulo
4112 5316 4238 5381 post

2276 5387 2625 5453 interemptos
2649 5387 2710 5438 in
2731 5384 3015 5438 Flandrt'a
3033 5384 3288 5453 producit
3317 5383 3463 5437 Hist.
3492 5381 3807 5452 Martyrum
3825 5381 3922 5448 fol·
3949 5380 4066 5436 170.
4093 5395 4235 5449 seqq.
