4825 6175
140 1803 143 1804 ’
247 1788 300 1841 F.
333 1785 417 1856 46,
453 1790 589 1842 01110
623 1789 761 1858 Epp.
803 1789 900 1843 XI.
936 1806 990 1858 p.
1030 1788 1148 1844 628.
1223 1790 1485 1843 Simlerus

144 1876 155 1885 ·
247 1874 362 1910 nam
408 1858 464 1909 in
514 1857 797 1926 impressis
845 1874 905 1910 su
949 1858 1135 1927 plevit.
1206 1858 1373 1912 Edita
1416 1864 1501 1910 est
1547 1859 1691 1910 enim
1741 1876 1773 1910 a
1809 1859 1952 1911 Βο88
1987 1858 2192 1911 Genev.

250 465 287 530 9
1937 469 2103 532 1545
2142 461 2526 533 IANUAR.
2583 440 2622 468 ”
4168 474 4246 537 ιο

1136 651 1293 724 666.

568 789 1043 858 OALVINUS
1087 789 1863 860 MELANGHTHONI.

416 960 632 1029 Plura
694 962 771 1028 de
832 964 1039 1030 eodem
1101 963 1336 1047 neyotio
1400 983 1541 1029 cum
1603 965 1808 1030 simili
1873 965 2192 1046 petitione.

250 1046 598 1130 Epis-lolam
642 1048 917 1115 Lutlzero
969 1049 1340 1115 tradendam
1397 1051 1459 1116 ei
1499 1052 1897 1116 commendat.
1964 1048 2197 1120 -cuius

249 1153 435 1200 novus
476 1134 549 1198 in
598 1135 969 1201 Tumens-es
1010 1136 1278 1217 impetus
1321 1135 1398 1200 de
1425 1155 1586 1218 pace
1627 1136 1942 1202 servanda
1982 1137 2197 1219 ipsum

251 1222 354 1286 vix
394 1239 653 1303 spaeare
694 1223 867 1287 sinit.
955 1221 1177 1286 Etiam
1229 1221 1537 1287 Osiandri
1589 1223 1881 1305 apoloyia
1933 1224 2069 1305 iyni
2108 1223 2197 1304 fo-

250 1310 444 1370 menta
484 1306 682 1372 addit.
775 1306 975 1390 Regis
1019 1310 1072 1371 et
1120 1305 1415 1373 Caesaris
1470 1307 1960 1373 machinationes
2002 1309 2196 1373 conci-

251 1392 526 1490 liationis
559 1393 942 1543 desigerium
999 1392 1441 1458 simulantium
1482 1398 1538 1459 et
1579 1393 1872 1476 colloquii
1915 1393 2196 1461 Melodu-

248 1498 451 1543 nensis
492 1498 690 1545 comoe
732 1501 819 1544 ia.

250 1648 347 1715 (Ex
382 1667 416 1701 a
436 1649 704 1771 t§igi-opho
739 1666 939 1704 coaevo
976 1651 1106 1706 God.
1140 1650 1346 1706 Genev.
1401 1648 1524 1715 196,
1573 1650 1665 1705 fol.
1710 1650 1779 1705 68
1824 1652 1944 1704 coll.
1993 1668 2037 1704 0.
2088 1652 2195 1705 8110

248 1717 369 1772 Cod.
509 1761 526 1800 2
561 1719 654 1772 fol.
694 1718 798 1773 124
835 1725 892 1772 et
926 1722 1093 1773 tertio
1129 1720 1406 1773 Turicensi
1454 1721 1527 1772 im
1571 1721 1800 1786 effecto,
1852 1721 1994 1773 Bibl.
2043 1721 2194 1774 civic.

1579 1790 1648 1842 ol.
1685 1788 1754 1842 56
1804 1806 1871 1841 ex
1909 1790 2013 1842 1100
2049 1790 2191 1842 1800-

246 1943 303 2049 E
327 1923 409 1990 52,
445 1927 610 1980 Laus.
648 1943 702 1995 p.
732 1924 848 1992 129,
975 1943 1098 1981 nov.
1135 1945 1187 1996 p.
1224 1924 1342 1995 145,
1379 1927 1590 1980 Ghouet
1625 1945 1677 1996 p.
1703 1925 1788 1993 67,
1825 1931 1999 1980 Αο181.
2033 1944 2086 1995 p.
2107 1926 2194 1981 31.

336 1995 494 2064 Oorp.
534 1996 774 2049 Reform.
812 1997 912 2048 sub
948 1996 998 2047 11.
1036 1997 1087 2048 (1.
1122 2012 1231 2049 non
1269 1996 1484 2065 legitur.
1520 2023 1589 2033 -—-
1624 1997 1855 2065 Anglice
1892 1996 2193 2050 ed.Edinb.

416 2064 464 2118 1.
498 2081 552 2133 p.
590 2062 697 2116 410
732 2065 881 2117 cuius
919 2070 1078 2117 autor
1113 2070 1325 2118 textum
1359 2065 1682 2132 impressum
1719 2065 2010 2133 sequitur.)

249 2233 624 2301 Clarissimo
681 2236 832 2301 viro
876 2234 960 2299 D.
1003 2236 1081 2301 P.
1129 2235 1583 2302 Melanchtoni
1641 2237 1850 2304 amico
1896 2259 2013 2302 suo
2060 2239 2195 2303 sin-

351 2321 576 2406 gulari
620 2329 685 2387 et
726 2322 1032 2407 inprimis
1076 2321 1459 2387 honorando
1504 2322 1599 2388 10.
1645 2321 1963 2389 Calvinus
2008 2323 2079 2389 S.

398 2458 553 2525 Cur
594 2459 704 2525 1110
746 2458 996 2524 nobilis'
1041 2468 1108 2524 et
1161 2458 1308 2542 pius
1353 2458 1730 2524 adolescens
1760 2464 1808 2536 ι)
1850 2460 2195 2542 profectio-

243 2565 381 2609 nem
426 2546 609 2611 hanc
654 2567 800 2610 meo
841 2552 1076 2629 rogatu
1120 2545 1204 2609 ad
1240 2566 1357 2611 vos
1391 2547 1770 2628 susceperit,
1816 2547 2043 2629 paucis
2075 2566 2195 2610 ex-

243 2652 485 2715 ponam.
596 2631 929 2696 Libellum
949 2635 1007 2708 2)
1064 2629 1397 2696 edideram
1454 2632 1683 2715 lingua
1735 2632 2018 2715 vulgari,
2066 2654 2193 2716 quo

244 2737 455 2782 eorum
532 2716 1019 2783 simulationem
1090 2716 1668 2801 reprehendebam,
1691 2718 1749 2800 Β)
1814 2719 1927 2801 (1111
1991 2740 2193 2801 quum

244 2804 565 2888 evangelii
609 2804 754 2868 luce
797 2803 1021 2868 donati
1067 2804 1229 2881 sint,
1288 2824 1426 2867 non
1469 2811 1691 2868 tamen
1736 2804 2069 2870 abstinent
2111 2805 2192 2870 ab

242 2889 382 2954 ullis
415 2889 837 2973 papistarum
872 2889 1095 2968 880118,
1133 2910 1300 2972 quae
1322 2889 1538 2954 sciunt
1572 2890 1901 2974 sacrilegii
1933 2900 2001 2955 et
2034 2911 2193 2956 808-

243 2975 551 3042 thematis
606 2975 806 3057 plena
859 2995 1021 3040 esse.
1124 2975 1363 3040 Malles
1422 2976 1589 3040 forte
1646 2997 1753 3041 me
1808 2976 2055 3058 aliquid
2112 2976 2193 3043 de

242 3071 368 3127 tam
430 3063 732 3146 praecisa
796 3062 1143 3127 severitate
1213 3063 1561 3127 remittere.
1673 3063 1927 3128 Verum
1992 3084 2189 3147 quam

240 3149 475 3214 iustam
522 3169 788 3213 causam
833 3146 1191 3226 habuerim,
1235 3169 1308 3213 re
1350 3148 1517 3213 bene
1561 3168 1887 3230 perpensa
1928 3156 1995 3212 et
2038 3171 2188 3234 cog-

242 3235 374 3299 nita
412 3233 752 3300 iudicabis.
842 3233 1070 3316 Quum
1129 3232 1426 3298 audirem
1482 3233 1724 3299 multos
1783 3233 1864 3299 de
1918 3255 2064 3299 meo
2107 3237 2193 3299 ri-

245 3340 389 3404 gore
429 3322 764 3403 conqueri,
810 3340 885 3385 ac
948 3321 1332 3404 praesertim
1387 3341 1469 3384 ex
1526 3341 1754 3385 eorum
1797 3340 2039 3404 genere
2079 3322 2189 3404 qui

244 3416 415 3472 tanto
457 3406 586 3472 sibi
630 3406 778 3488 plus
822 3426 1054 3489 sapere
1099 3404 1442 3484 videntur,
1499 3415 1745 3489 quanto
1803 3405 2188 3491 diligentius

245 3493 405 3558 vitae
441 3512 604 3559 suae
644 3500 900 3569 cavent,
938 3492 1428 3557 excusationem
1463 3493 1820 3576 composui,
1857 3514 2023 3575 quae
2057 3492 2189 3559 11118

244 3599 424 3644 aures
459 3578 797 3661 aliquanto
834 3577 1061 3643 durius
1095 3577 1360 3643 vellicat
1377 3576 1435 3663 ⁴)
1473 3600 1667 3661 quam
1692 3580 1872 3660 prior
1906 3579 2184 3645 libellus.

244 3663 451 3743 Multi,
498 3663 738 3746 quibus
773 3663 1003 3748 religio
1046 3684 1165 3746 pro
1200 3663 1620 3748 philosophia
1654 3675 1770 3744 081,
1808 3665 1933 3730 1100
1976 3673 2189 3731 totum

245 3769 463 3816 secure
507 3757 956 3816 contemnunt.
1047 3747 1438 3833 Quicunque
1476 3749 1699 3816 Deum
1744 3752 1914 3817 serio
1953 3752 2191 3816 timent

246 3856 313 3901 00
352 3837 587 3903 saltem
631 3856 842 3919 usque
886 3843 1043 3902 sunt
1086 3837 1370 3919 promoti
1415 3845 1490 3901 ut
1531 3835 1656 3902 sibi
1699 3835 2044 3920 displicere
2087 3839 2190 3903 in-

245 3922 498 4005 cipiant.
569 3919 707 3987 Sed
739 3922 1048 4004 quoniam
1084 3921 1401 4007 perplexa
1432 3922 1565 3987 11118
1598 3944 1704 3988 108
1748 3923 2031 4002 videtur,
2075 3923 2190 3988 ad-

246 4006 367 4073 huc
407 4008 689 4074 haerent
731 4006 929 4087 dubii,
975 4005 1180 4074 donec
1223 4016 1338 4073 tua
1383 4016 1451 4072 et
1504 4008 1588 4073 D.
1636 4008 1900 4075 Lutheri
1943 4011 2189 4075 autori-

247 4100 371 4159 tate
427 4096 918 4160 confirmentur.
938 4095 994 4175 ⁵)
1092 4095 1186 4159 Et
1239 4092 1501 4176 quidem
1566 4115 1828 4175 vereor,
1895 4117 1979 4160 ne
2042 4096 2189 4161 ideo

246 4300 426 4352 estoit:
479 4297 734 4368 Prompte
767 4307 818 4353 et
851 4301 1074 4353 sincere.
1144 4299 1390 4353 Possible
1435 4299 1549 4368 quil
1601 4317 1676 4352 na
1720 4317 1818 4369 pas
1867 4300 1994 4355 date
2039 4306 2185 4354 ceste

244 4367 400 4421 lettre
446 4383 480 4419 8
515 4369 762 4431 (isnave,
810 4386 842 4420 a
887 4385 1047 4422 cause
1097 4384 1201 4436 que
1254 4368 1308 4420 18
1355 4377 1510 4437 peste
1556 4386 1593 4437 y
1640 4371 1806 4423 estoit
1852 4386 1991 4438 pour
2028 4368 2183 4440 [lore]

248 4451 444 4490 comme
478 4437 519 4490 il
553 4446 639 4490 est
673 4438 895 4506 indique
915 4437 1050 4490 dans
1086 4436 1140 4489 18
1158 4437 1323 4489 101110
1342 4454 1411 4489 80
1445 4443 1571 4507 post
1631 4439 1915 4506 scriptum]
1956 4455 1989 4491 a
2023 4454 2184 4492 cause

249 4505 383 4573 quils
420 4506 655 4559 estoient
690 4523 757 4559 011
796 4507 1029 4587 quelque
1078 4505 1187 4558 lieu
1234 4505 1434 4574 proche
1482 4506 1549 4560 de
1668 4522 1823 4561 neve.
1905 4507 2094 4578 Voyez
2130 4509 2185 4561 la

247 4572 402 4626 lettre
450 4575 558 4643 quil
608 4592 641 4627 a
686 4584 882 4628 0801110
928 4592 961 4627 8
1008 4573 1394 4628 Melanchthon
1445 4575 1517 4628 du
1562 4591 1765 4628 mesine
1817 4577 1939 4629 iour
1991 4593 2085 4629 sur
2128 4577 2181 4631 le

245 4657 441 4695 11108010
492 4644 634 4696 suiet
678 4643 773 4712 qui
820 4649 905 4695 est
949 4643 1235 4712 imprimes
1295 4649 1351 4696 et
1408 4642 1477 4696 (10
1534 4660 1733 4696 10081110
1791 4645 1931 4699 (1810.
2013 4646 2184 4715 Apud

299 4712 310 4724 ’
557 4726 768 4781 quoque
811 4713 1016 4780 aliquis
1060 4710 1127 4765 de
1172 4712 1343 4780 siqilli
1373 4712 1676 4766 calviniani
1708 4714 2000 4782 epiqraphe
2035 4716 2185 4769 docte

248 4784 296 4832 et
325 4781 533 4834 curiose
580 4780 814 4834 disserit.
887 4778 1195 4848 Epistolam
1244 4781 1423 4849 ipsam
1468 4782 1716 4836 Luthero
1762 4781 2025 4837 traditam
2071 4800 2185 4838 non

243 4847 410 4912 sitisse
443 4863 509 4902 08·
536 4849 794 4919 proxima
823 4865 864 4918 p
952 4852 1037 4903 ’na
1069 4849 1261 4904 disces.

268 4915 413 4972 608.
450 4917 505 4982 1)
547 4918 813 4972 C'laudius
973 4920 1184 4973 arctous
1234 4917 1327 4984 (de
1364 4916 1710 4986 Senarclens)
1750 4917 2042 4974 Sabaudus
2088 4923 2186 4990 qui

244 4992 428 5052 ponec
471 4986 536 5040 de
568 4994 737 5041 morte
770 4986 972 5041 Diazii
1004 4988 1239 5055 scripsit,
1273 4986 1399 5041 vide
1434 4986 1509 5041 N.
1544 4985 1663 5053 612,
1699 4987 1818 5042 613.

440 5054 501 5121 2)
537 5056 688 5110 Ρο111
730 5056 926 5110 1181010
973 5064 1064 5110 etc.
1142 5055 1280 5125 Opp.
1318 5055 1418 5108 VI.
1454 5053 1572 5110 537.
1645 5057 1751 5110 Oui
1784 5057 2071 5113 subiuncta
2106 5064 2186 5111 est

249 5120 450 5176 Excuse
484 5125 518 5178 8
550 5126 840 5179 Messieurs
875 5126 953 5178 les
989 5124 1374 5178 Nicodemites.

446 5193 502 5263 3)
536 5194 989 5264 reprehenderem
1026 5192 1145 5247 106.

444 5261 506 5330 4)
540 5264 815 5317 vellicavit
850 5263 968 5317 edd.

446 5330 507 5397 5)
546 5332 629 5398 Of.
681 5332 757 5386 N.
802 5329 906 5387 587
951 5337 1000 5386 et
1051 5330 1188 5400 Opp.
1239 5331 1295 5386 T.
1348 5332 1445 5387 VI.
1493 5328 1596 5384 617
1631 5337 1682 5387 et
1717 5330 1965 5400 Proleqq.
2007 5347 2065 5400 p.
2098 5329 2184 5397 30,

256 5409 388 5464 quae
420 5413 482 5453 ex
517 5400 620 5457 hac
652 5416 733 5469 ep.
769 5401 1089 5471 locupletari
1111 5406 1367 5469 possunt.

2298 673 2418 719 vos
2462 652 2825 731 consulant,
2871 652 3047 737 quod
3104 664 3370 740 sperent
3411 675 3534 723 vos
3591 656 3716 722 sibi
3759 655 3898 722 fore
3940 658 4251 732 mitiores.

2300 737 2713 822 Quocunque
2751 748 2971 804 tamen
3015 740 3082 806 id
3115 742 3364 808 faciant
3404 741 3643 821 animo,
3686 742 3842 825 quia
3883 752 4059 809 certo
4103 763 4252 826 per—

2300 844 2535 890 suasus
2580 846 2726 890 sum
2786 847 2906 891 vos
2953 825 3147 893 fidele
3203 829 3365 910 ipsis
3418 849 3538 912 pro
3596 837 3818 893 vestra
3860 829 4251 910 sinceritate,

2300 918 2369 975 et
2426 932 2545 993 pro
2606 918 2831 976 vestra
2895 914 3094 978 etiam
3160 913 3483 998 singulari
3547 914 3903 997 prudentia
3966 915 4252 982 salutare

2298 997 2643 1063 consilium
2700 996 2984 1076 daturos,
3007 1001 3065 1070 6)
3130 999 3412 1066 libenter
3474 1020 3582 1065 me
3645 1001 3975 1066 facturum
4039 1003 4255 1085 recepi

2300 1081 2474 1165 quod
2517 1084 2845 1166 petebant,
2893 1093 2973 1148 ut
3017 1083 3352 1150 hominem
3390 1086 3546 1151 data
3585 1084 3783 1169 opera
3817 1086 3898 1152 ad
3936 1107 4057 1153 vos
4101 1088 4253 1153 mit-

2299 1177 2528 1234 terem.
2618 1168 2947 1251 Quoniam
2991 1180 3211 1236 autem
3255 1192 3655 1255 magnopere
3689 1172 3933 1237 referre
3975 1173 4253 1239 arbitra-

2300 1253 2439 1332 bar,
2485 1275 2616 1319 non
2663 1254 2855 1320 modo
2900 1258 3293 1322 sententiam
3337 1277 3552 1323 meam
3599 1258 3782 1323 vobis
3841 1267 4254 1342 perspectam

2301 1360 2464 1419 0880,
2501 1341 2614 1405 8οᾶ
2651 1343 2942 1407 18110008
2978 1344 3174 1406 etiam
3209 1342 3444 1426 quibus
3480 1341 3798 1409 adductus
3824 1345 3919 1409 ita
3939 1344 4252 1410 sentirem

2302 1447 2437 1490 000
2492 1448 2633 1492 0880
2686 1429 3085 1511 1000801188,
3152 1429 3407 1494 libellos
3471 1430 3544 1493 in
3607 1428 3908 1513 linguam
3971 1429 4252 1495 latinam

2301 1513 2527 1578 statim
2570 1513 2924 1578 vertendos
2977 1516 3227 1580 curavi.
3333 1516 3621 1580 Tametsi
3681 1525 3902 1580 autem
3960 1515 4254 1599 improbe

2300 1598 2428 1663 hoc
2470 1600 2681 1664 facere
2726 1597 2936 1663 videri
2978 1602 3220 1683 possim
3237 1651 3253 1679 ,
3311 1609 3532 1666 tamen
3586 1622 3703 1683 per
3745 1607 4044 1665 nostram
4089 1602 4254 1667 81111-

2299 1684 2518 1748 0111810
2566 1693 2633 1749 10
2674 1705 2832 1768 1080
2849 1736 2865 1764 ,
2931 1695 3009 1749 ut
3056 1685 3323 1770 legendi
3379 1684 3671 1751 taedium
3714 1686 3936 1752 subire
3978 1709 4112 1752 non
4155 1709 4254 1754 re-

2300 1791 2504 1835 cuses.
2575 1770 2775 1835 Tanti
2809 1770 3123 1837 iudicium
3164 1783 3353 1836 tuum
3389 1771 3574 1850 facio,
3619 1773 3813 1837 sicuti
3849 1792 3971 1855 par
4013 1783 4132 1851 est,
4179 1782 4255 1839 ut

2299 1855 2466 1920 mihi
2511 1856 2596 1921 sit
2640 1856 3174 1922 molestissimum
3234 1857 3594 1941 quidquam
3650 1859 3959 1944 recipere,
3979 1860 4035 1934 7)
4079 1860 4256 1943 quod

2300 1941 2422 2006 tibi
2458 1942 2681 2008 minus
2715 1943 3043 2025 probetur.
3113 1944 3206 2007 Te
3241 1944 3507 2026 quidem
3543 1965 3662 2026 pro
3701 1945 3946 2010 eximia
3980 1954 4097 2010 tua
4129 1946 4254 2011 hu-

2299 2029 2619 2093 manitate
2660 2029 2873 2093 multa
2926 2029 3072 2093 aliis
3129 2029 3472 2113 indulgere
3523 2031 3687 2106 scic,
3748 2051 3915 2112 quae
3955 2030 4070 2095 tibi
4116 2051 4252 2096 non

2300 2115 2734 2197 permitteres.
2825 2114 2958 2181 Sed
3020 2113 3378 2180 videndum
3433 2115 3592 2199 quid
3644 2115 3829 2182 nobis
3884 2116 4110 2196 liceat,
4168 2138 4253 2182 00

2301 2200 2677 2265 relaxemus
2720 2202 2830 2266 ubi
2875 2202 3202 2266 Dominus
3247 2201 3616 2285 adstringit.
3705 2202 3937 2286 Neque
3976 2224 4137 2268 vero
4179 2211 4256 2268 ut

2299 2286 2468 2350 mihi
2512 2287 2895 2352 assentiaris
2938 2307 3115 2371 rogo,
3163 2287 3338 2370 quod
3386 2289 3630 2352 nimiae
3673 2287 4116 2371 impudentiae
4159 2290 4253 2356 fo-

2298 2381 2419 2446 ret,
2464 2371 2572 2436 vel
2615 2380 2692 2437 ut
2732 2373 2805 2436 10
2848 2393 3063 2437 100810
3106 2374 3391 2456 gratiam
3447 2373 3583 2438 ullo
3637 2373 3833 2439 modo
3889 2396 3931 2440 a
3970 2375 4253 2461 11110183)

2300 2455 2710 2540 simplicique
2774 2459 3139 2523 sententiae
3205 2467 3358 2523 tuae
3436 2459 3842 2542 expositione
3920 2458 4251 2540 deflectas,

2300 2543 2413 2608 sed
2459 2551 2720 2608 tantum
2765 2553 2842 2608 ut
2876 2544 3138 2627 legendi
3173 2544 3542 2610 molestiam
3577 2544 3892 2611 devorare
3925 2568 4057 2611 non
4100 2567 4252 2630 gra-

2300 2630 2491 2694 veris.
2581 2627 2906 2712 Equidem
2952 2631 3143 2712 cupio
3187 2633 3279 2697 sic
3322 2632 3500 2696 inter
3542 2650 3665 2696 nos
3710 2632 3973 2714 penitus
4016 2653 4252 2699 conve-

2297 2716 2461 2792 nire,
2508 2725 2583 2780 ut
2625 2737 2710 2782 00
2745 2716 3129 2781 in·verbulo
3164 2715 3428 2798 quidem
3470 2737 3604 2782 uno
3648 2716 4073 2783 dissensionis
4120 2717 4254 2783 ulla

2298 2807 2546 2884 species
2581 2809 2911 2885 appareat.
2982 2800 3117 2868 Sed
3155 2811 3346 2868 tuum
3380 2812 3477 2867 est
3514 2803 3730 2886 potius
3765 2803 3934 2868 mihi
3976 2804 4250 2887 praeire,

2296 2908 2492 2968 quam
2538 2896 2834 2971 spectare
2892 2886 3050 2970 quid
3103 2887 3270 2952 mihi
3308 2888 3578 2972 placeat.
3671 2888 3866 2954 Vides
3909 2911 4106 2972 quam
4150 2899 4250 2955 te-

2295 2994 2449 3038 cum
2493 2994 2684 3057 agam
2727 2973 3165 3039 familiariter:
3214 2996 3423 3057 neque
3457 2982 3682 3041 tamen
3720 2997 3955 3041 vereor
3989 2998 4075 3041 ne
4108 2997 4248 3042 mo-

2295 3058 2455 3124 dum
2493 3058 2840 3124 excedam:
2878 3060 3009 3125 scio
3043 3061 3224 3126 0111111
3259 3068 3577 3144 (1118011110
3610 3062 3780 3128 1111111
3814 3060 3990 3146 apud
4028 3074 4092 3130 te
4126 3084 4248 3147 pro

2294 3146 2617 3229 singulari
2658 3156 2774 3210 tua
2815 3147 2885 3209 in
2930 3168 3035 3210 me
3077 3147 3536 3214 benevolentia
3577 3147 3787 3215 liceat.

2465 3232 2550 3296 In
2573 3233 2656 3296 D.
2685 3231 2972 3297 Martino
3014 3234 3163 3315 plus
3208 3233 3540 3316 aliquanto
3577 3234 3979 3302 difficultatis
4014 3237 4168 3302 erit:
4189 3237 4244 3323 ⁹)

2294 3326 2614 3401 quantum
2658 3319 2836 3383 enim
2878 3340 2963 3382 ex
3006 3339 3271 3385 rumore
3315 3331 3383 3384 et
3424 3319 3839 3402 quorundam
3889 3323 4100 3388 literis
4142 3324 4247 3387 10-

2294 3404 2590 3490 telligere
2634 3406 2848 3488 potui,
2889 3403 3181 3476 ,vixdum
3222 3406 3387 3471 bene
3431 3406 3732 3490 placatus
3777 3407 4064 3474 hominis
4109 3410 4248 3473 ani-

2293 3511 2443 3555 mus
2488 3490 2618 3556 levi
2659 3488 2739 3555 de
2781 3511 2980 3556 causa
3024 3492 3297 3556 excitari
3321 3495 3404 3567 ¹⁰)
3450 3500 3688 3576 posset.
3754 3491 4046 3559 Proinde
4082 3514 4246 3577 quas

2295 3577 2377 3642 ad
2413 3598 2564 3641 eum
2602 3578 2826 3642 literas
2861 3577 3111 3659 scripsi,
3155 3578 3443 3645 nuncius
3478 3578 3600 3644 tibi
3635 3576 3953 3657 ostendet,
3998 3587 4076 3644 ut
4111 3580 4245 3646 illis

2293 3662 2607 3746 inspectis
2667 3672 2877 3727 totum
2933 3663 3271 3746 negotium
3335 3664 3603 3729 consilio
3674 3674 3790 3729 tuo
3843 3685 4053 3749 regas.
4141 3666 4245 3731 Ne

2294 3748 2452 3832 quid
2509 3768 2667 3833 ergo
2725 3769 3069 3833 perperam
3125 3763 3242 3814 aut
3293 3750 3660 3815 inconsulte
3713 3760 4009 3816 tentetur
4074 3751 4247 3835 quod

2292 3834 2643 3901 infeliciter
2684 3842 2913 3917 postea
2953 3833 3173 3915 cedat,
3229 3844 3418 3901 tuum
3462 3837 3590 3901 erit
3629 3836 4004 3920 providere:
4071 3837 4247 3920 quod

2292 3929 2378 3999 te,
2414 3943 2534 4004 pro
2557 3942 2814 3986 summa
2836 3930 2950 3986 tua
2972 3919 3381 4000 dexteritate,
3405 3924 3734 3988 facturum
3754 3921 3955 4005 probe
3978 3923 4128 3989 8010.
4161 3924 4245 4008 ¹¹)

2294 4006 2647 4073 Caeterum
2691 4005 2918 4090 quales
2959 4007 3109 4073 istic
3151 4009 3600 4073 contentiones
3642 4028 3765 4073 vos
3807 4010 4242 4090 exercuerint,

2293 4099 2361 4158 et
2399 4092 2614 4176 qualis
2656 4093 2855 4157 fuerit
2896 4094 3135 4172 exitus,
3183 4092 3474 4159 nondum
3517 4102 3695 4159 certo
3738 4093 3979 4161 rescire
4021 4096 4241 4179 potui:

2292 4179 2424 4244 nisi
2466 4176 2641 4262 quod
2697 4185 2985 4245 atrocem
3034 4177 3331 4244 libellum
3357 4182 3439 4257 12)
3501 4180 3737 4246 exiisse
3789 4179 4010 4261 audie,
4071 4201 4244 4247 novo

2290 4264 2594 4331 incendio
2638 4263 2985 4331 excitando
3021 4266 3231 4330 instar
3270 4265 3428 4331 facis
3461 4267 3776 4347 futurum,
3819 4266 3955 4332 nisi
3997 4266 4080 4333 ab
4113 4267 4245 4333 alia

2291 4361 2477 4433 parte
2520 4351 2848 4417 Dominus
2902 4350 3155 4416 animos
3197 4352 3505 4432 retineat,
3562 4352 3805 4436 alioqui
3858 4353 4011 4437 plus
4067 4354 4241 4420 iusto

2494 4574 2555 4637 6)
2590 4573 2735 4626 Αάᾱ.
2772 4588 2930 4641 spero
2965 4570 3084 4626 106.

2494 4640 2553 4704 7)
2592 4642 2886 4711 quidquam
2923 4657 3009 4693 me
3043 4641 3319 4709 suscipere
3355 4641 3473 4696 edd.

2493 4710 2550 4777 8)
2588 4727 2716 4764 vera
2752 4709 2870 4763 106.

2494 4779 2555 4845 9)
2599 4779 2678 4843 Cf.
2801 4800 2802 4807 ¹
2836 4819 2848 4831 .
2884 4775 3004 4845 555,
3040 4776 3160 4845 559,
3197 4778 3301 4833 586
3336 4786 3387 4834 et
3420 4795 3561 4849 quae
3595 4780 3674 4834 ad
3707 4795 3801 4835 eas
3834 4784 4236 4835 annotavimus.

2460 4849 2555 4914 10)
2595 4847 2687 4902 Sic
2725 4854 2748 4898 1
2825 4888 2838 4914 ,
2875 4849 2976 4901 ubi
3006 4853 3186 4902 tamen
3232 4866 3268 4901 a
3298 4850 3484 4916 prima
3528 4865 3696 4903 manu
3740 4848 3988 4901 excusari
4019 4849 4232 4918 ἱερέων.

2291 4917 2457 4999 Ενρο.
2482 4934 2550 4972 ex
2593 4918 2904 4999 coniectura
2947 4924 3140 4971 natum
3185 4917 3415 4972 videtur.
3492 4916 3707 4972 Caeteri
3745 4918 4033 4985 praebent.-
4088 4919 4236 4972 exul·

2287 5003 2486 5105 oemn’l
2497 4985 3328 5134 lzuolfficmzqnffpftassffq’mentwm
3359 5055 3536 5110 codici
3580 5054 3757 5107 strio.
3793 5057 4077 5136 insertum

2463 5122 2554 5186 12)
2592 5123 2832 5177 Kurtzes
2867 5125 3232 5177 Bekenntniss
3269 5130 3359 5177 etc.
3411 5138 3591 5177 mense
3631 5122 3856 5177 octobre
3900 5125 4119 5191 editum,
4167 5123 4234 5178 de

2432 5192 2817 5246 Melanchthon
2853 5194 2931 5247 ad
2966 5192 3342 5260 Bullinqerum
3379 5192 3432 5245 d.
3469 5192 3521 5246 d.
3557 5191 3640 5245 30.
3677 5192 3820 5260 Any.
3854 5195 3935 5247 8ίο
3967 5193 4234 5263 loquitur.-

2334 5261 2560 5315 01188818
2593 5262 2905 5342 priusquam
2941 5261 3043 5314 1180
3089 5277 3242 5313 meae
3277 5262 3467 5313 literae
3514 5261 3583 5313 ad
3616 5266 3674 5313 10
3757 5262 4062 5314 efferentur
4095 5263 4231 5315 8001-

2287 5330 2406 5399 pies
2442 5331 2834 5383 atrocissimum
2870 5331 3098 5384 Lutheri
3132 5331 3392 5399 scriptum
3421 5330 3476 5381 in
3498 5345 3604 5397 quo
3621 5330 3825 5382 belum
3843 5330 3967 5398 περὶ
4001 5328 4229 5382 δείπνου

2288 5397 2548 5466 avocato&
2581 5399 2848 5453 instaurat
2885 5398 3080 5468 (Ου’-μ
3123 5398 3247 5466 Res.
3286 5399 3358 5452 V.
3388 5395 3546 5464 475).
