4825 6175
644 416 769 480 583

1559 652 1715 727 942·

1129 807 1629 876 FARELLUS
1675 805 2112 874 OALV’INO.

823 979 1173 1063 Respondet
1206 980 1293 1046 ad
1324 998 1631 1061 nuperum
1660 976 1924 1058 Caluini,
1961 980 2145 1045 cuius
2165 969 2385 1045 laudes
2409 980 2601 1063 pleno

644 1087 757 1135 ore
788 1066 1136 1150 praedicat,
1184 1064 1596 1131 Frumentum
1638 1069 1823 1130 notat.

648 1238 763 1303 (Ex
799 1237 1137 1307 autographo
1175 1236 1319 1291 Bibl.
1355 1242 1634 1305 pastorum
1671 1236 2132 1291 Neoeomensium.
2215 1238 2357 1307 Epp.
2397 1237 2598 1292 Far-elli

1330 1305 1507 1358 fascic.
1543 1305 1639 1359 111.
1676 1304 1746 1358 N.
1784 1303 1899 1437 25..)

647 1492 903 1562 Christi
968 1515 1159 1559 servo
1225 1493 1468 1576 pastori
1527 1500 1672 1556 tum
1738 1492 1982 1576 pietate
2034 1501 2176 1559 tum
2236 1494 2601 1561 eruditione

820 1580 1234 1645 ornatissimo
1267 1578 1505 1644 Ioanni
1532 1576 1813 1644 Calvino
1845 1577 2039 1644 fratri
2084 1589 2151 1644 et
2193 1591 2600 1668 symmystae

818 1686 1015 1750 quam
1060 1665 1413 1731 carissimo.

1950 1751 2285 1819 Genevae.

820 1886 891 1953 S.
980 1888 1204 1951 Verax
1249 1896 1350 1952 est
1383 1888 1567 1952 Deus
1610 1894 1678 1951 et
1718 1888 2055 1969 promissis
2098 1898 2249 1967 stat,
2291 1887 2448 1955 licet
2480 1911 2599 1956 nos

643 1975 903 2052 miseri,
962 1984 1202 2038 natura
1245 1974 1435 2049 vani,
1480 1973 1614 2036 imo
1675 1973 1936 2040 vanitas
1992 1975 2164 2056 ipsa,
2225 1974 2419 2058 plene
2475 1975 2598 2043 hoo

644 2060 853 2137 nobis,
897 2060 1051 2124 dum
1099 2058 1376 2124 adversa
1410 2079 1606 2140 saepe
1646 2058 1983 2143 ingruunt,
2031 2060 2428 2142 persuadere
2462 2083 2596 2126 non

642 2147 987 2232 possimus.
1078 2143 1253 2224 Quid
1299 2143 1442 2208 dico
1485 2144 1706 2227 plene:
1751 2145 1886 2209 imo
1932 2145 2097 2211 nihil
2142 2147 2378 2211 minus.
2462 2147 2595 2213 Sed

644 2232 812 2316 quod
861 2230 1189 2298 eredimus
1232 2231 1511 2296 coeleste
1555 2243 1655 2295 est
1698 2230 1942 2296 donum
1992 2232 2162 2314 quod
2206 2232 2326 2296 tibi
2370 2243 2592 2316 gratu·

641 2317 760 2399 lor,
806 2338 882 2382 ac
922 2337 1072 2381 eum
1120 2317 1227 2399 qui
1275 2314 1455 2380 dedit
1503 2337 1618 2381 oro
1676 2328 1750 2381 ut
1806 2317 2132 2401 adaugeat
2173 2328 2240 2383 et
2280 2320 2594 2401 perficiat,

644 2412 714 2470 et
755 2425 903 2470 cum
950 2410 1140 2467 tanto
1184 2401 1353 2467 dono
1413 2402 1696 2485 reliqua,
1758 2403 1996 2486 quibus
2052 2413 2188 2468 tam
2245 2405 2597 2490 insigniter

645 2510 715 2555 es
759 2495 1050 2563 ornatus,
1094 2498 1163 2551 et
1205 2509 1353 2553 cum
1399 2489 1615 2553 fructu
1675 2488 1768 2553 eis
1812 2488 1881 2553 in
1932 2488 2445 2555 aedificationem
2491 2510 2595 2556 ee-

644 2575 878 2641 clesiae
922 2575 1144 2638 uteris.
1234 2571 1441 2637 Vides
1497 2595 1613 2656 per
1657 2573 1785 2639 Dei
1843 2578 2124 2659 gratiam
2182 2574 2337 2659 quid
2395 2597 2596 2659 expe-

644 2661 782 2725 diat
825 2671 891 2724 et
935 2659 1195 2742 quando
1240 2673 1306 2723 et
1349 2659 1669 2742 quomodo
1724 2667 1794 2725 et
1848 2663 2141 2743 apposite
2197 2663 2591 2745 exsequeris.

639 2746 917 2813 Utinam
976 2745 1147 2828 quod
1203 2755 1338 2809 tam
1412 2747 1694 2811 circums
1742 2755 1880 2812 ecte
1952 2749 2110 2813 facis
2168 2748 2415 2813 vellent
2480 2749 2590 2813 alii

642 2832 908 2911 imitari,
954 2853 1090 2895 non
1133 2840 1395 2896 tantum
1440 2833 1611 2914 quod
1670 2854 1708 2896 o
1807 2833 2028 2899 oculos
2082 2844 2186 2898 est
2238 2835 2594 2912 intuentes,

644 2917 758 2984 sed
805 2918 1026 2982 omnia
1080 2918 1316 3000 potius.
1407 2917 1632 2983 Minus
1688 2928 1860 2983 esset
1920 2919 2260 2984 turbarum
2323 2927 2390 2984 et
2446 2919 2596 3003 plus

645 3003 1133 3069 aedificationis.
1223 3003 1355 3067 Pro
1400 3001 1612 3069 officio
1658 3002 1841 3070 ducis
1897 3004 2069 3086 quod
2127 3006 2339 3071 cuivis
2394 3007 2593 3070 etiam

643 3090 815 3156 hosti
874 3089 1110 3164 debeo,
1174 3110 1293 3171 pro
1352 3089 1560 3173 gloria
1614 3089 1919 3169 Domini,
1986 3101 2053 3155 et
2107 3093 2224 3156 tibi
2281 3092 2435 3173 quid
2492 3101 2595 3157 est

642 3176 816 3260 quod
860 3195 992 3240 non
1038 3175 1325 3245 debeam.
1372 3194 1572 3255 quum
1618 3177 1995 3260 priusquam
2032 3175 2160 3242 huc
2205 3177 2452 3242 redires
2494 3187 2594 3241 to—

642 3271 786 3328 tum
829 3283 937 3325 me
979 3261 1094 3326 tibi
1141 3259 1527 3340 addixerim,
1576 3269 1832 3325 tantum
1878 3283 2102 3345 preces
2147 3283 2324 3327 meas
2369 3283 2596 3327 exora-

641 3359 750 3414 tus
809 3347 1069 3413 audires
1134 3357 1201 3411 et
1267 3346 1435 3411 votis
1499 3350 1662 3413 meis
1727 3368 1862 3411 non
1925 3349 2147 3412 minus
2213 3350 2594 3414 necessariis

645 3454 841 3516 quam
886 3433 1131 3499 sanctis
1173 3433 1460 3510 faveres,
1520 3435 1710 3498 istam
1755 3452 1889 3498 non
1937 3433 2285 3499 reiiciendo
2326 3435 2592 3516 provin·

644 3523 829 3584 ciam.
920 3516 1113 3597 Quod
1154 3518 1210 3584 si
1253 3539 1381 3582 non
1443 3520 1816 3596 annuisses,
1873 3529 1948 3583 ut
1989 3518 2277 3584 Domino
2320 3522 2592 3603 paruisti

642 3606 711 3669 in
759 3618 894 3668 tam
939 3615 1168 3668 sancta
1208 3605 1558 3678 voc-atione,
1606 3603 1761 3686 quid
1806 3618 2020 3669 actum
2067 3605 2298 3670 fuisset
2344 3606 2426 3670 de
2471 3607 2592 3670 mi-

643 3711 791 3756 sera
835 3690 1155 3755 Geneva?
1239 3689 1425 3769 Quae
1473 3712 1644 3755 nunc
1689 3701 1821 3753 tam
1864 3699 2179 3756 exornata
2234 3701 2304 3755 et
2338 3692 2596 3757 munita

644 3775 876 3861 gratiis
920 3789 986 3840 et
1029 3772 1220 3840 donis
1264 3774 1393 3839 Dei
1437 3796 1556 3858 pro
1616 3787 1679 3840 te
1737 3786 1870 3840 tam
1927 3776 2306 3860 frequenter
2362 3776 2448 3842 ad
2489 3778 2594 3841 in-

643 3862 908 3945 genium
956 3861 1142 3938 redit,
1190 3861 1670 3943 turpitudinem
1731 3861 2019 3945 priorem
2075 3870 2143 3928 et
2182 3862 2593 3929 imbecillita-

642 3960 778 4012 tem
822 3946 1039 4030 palam
1083 3947 1346 4011 faciens.
1438 3944 1572 4012 Sed
1626 3948 1826 4013 efficit
1866 3946 2195 4014 Dominus
2249 3959 2312 4013 te
2366 3950 2591 4015 minis-

641 4040 765 4113 tro,
808 4043 886 4096 ut
929 4036 1218 4115 speciosa
1251 4033 1337 4097 sit
1381 4041 1447 4096 et
1489 4040 1616 4097 stet
1659 4035 1810 4099 fixa.
1904 4033 2159 4098 Vellem
2223 4035 2436 4100 fumos
2480 4037 2593 4119 qui

641 4118 888 4204 passim
932 4138 1085 4200 spar
1179 4127 1337 4182 ntur
1378 4117 1524 4184 luce
1558 4120 1858 4185 veritatis
1893 4120 2196 4185 omnibus
2232 4132 2392 4186 nota
2433 4143 2592 4187 nus-

642 4225 840 4287 quam
883 4204 1066 4268 offun
1115 4204 1153 4280 i,
1200 4202 1314 4269 sed
1357 4203 1532 4269 malo
1578 4214 1642 4269 te
1686 4205 1933 4271 centies
1984 4226 2106 4288 per
2146 4205 2371 4272 literas
2414 4227 2592 4273 mor-

642 4298 834 4355 tuum
856 4289 1237 4371 praedicari,
1275 4310 1469 4371 quam
1508 4291 1562 4355 si
1598 4291 1800 4355 semel
1834 4291 2008 4355 male
2043 4290 2348 4356 haberes:
2388 4315 2588 4376 quum

639 4376 806 4443 levis
850 4375 938 4440 sit
979 4374 1095 4439 illa
1137 4376 1406 4454 iactura,
1451 4384 1527 4440 ut
1560 4396 1691 4440 non
1732 4376 2083 4443 admodum
2127 4379 2376 4445 cruciat
2419 4380 2593 4462 ignis

640 4482 768 4546 quo
811 4461 1063 4546 effigies
1104 4470 1483 4526 cremantur
1525 4483 1749 4527 eorum
1794 4483 2070 4545 quorum
2114 4485 2385 4547 corpora
2424 4475 2591 4530 tem-

636 4553 865 4631 perate
907 4555 1130 4631 agunt.
1200 4545 1335 4612 Sed
1379 4555 1453 4611 ιιι
1487 4548 1558 4611 in
1593 4547 1739 4615 istis
1771 4549 2164 4627 rumoribus,
2210 4550 2362 4616 licet
2396 4551 2592 4615 morti

639 4655 770 4698 non
849 4633 1269 4711 subiacueris,
1337 4638 1554 4698 tamen
1621 4655 1756 4700 non
1821 4634 1961 4700 sine
2026 4656 2318 4701 moerore
2382 4636 2588 4702 fuisti.

638 4717 891 4783 Verum
945 4718 1109 4785 abiit
1171 4719 1302 4784 iam
1348 4718 1615 4784 tristitia
1677 4720 1746 4785 in
1810 4719 2150 4804 gaudium,
2216 4722 2282 4787 in
2341 4743 2469 4805 quo
2521 4732 2590 4787 te

638 4804 847 4870 multo
892 4802 1203 4870 libentius
1245 4802 1531 4869 viderem
1579 4826 1776 4888 quam
1832 4809 1901 4870 in
1946 4808 2283 4891 angustia:
2350 4818 2419 4871 et
2460 4808 2591 4874 nisi

639 4888 827 4955 nobis
871 4911 1072 4956 coena
1112 4890 1389 4955 instaret
1427 4891 1886 4973 paratissimus
1933 4912 2112 4957 eram
2157 4892 2372 4959 facere
2416 4893 2589 4977 quod

638 4976 826 5059 petis,
874 4997 1008 5041 non
1051 4983 1308 5042 tantum
1354 4975 1555 5059 (quod
1597 4986 1931 5060 praestare
1964 5000 2090 5044 non
2129 4986 2424 5062 possum)
2468 4978 2586 5044 ali-

637 5061 795 5145 quid
838 5071 916 5127 ut
955 5061 1068 5127 isti
1111 5063 1443 5128 conferam
1485 5062 1812 5140 ecclesiae,
1858 5085 2026 5146 quae
2062 5065 2226 5129 mihi
2273 5066 2406 5132 vita
2442 5085 2591 5130 mea

639 5157 743 5213 est
784 5147 995 5212 multo
1037 5149 1264 5228 carior,
1308 5148 1423 5213 sed
1455 5159 1528 5214 ut
1561 5146 1807 5231 aliquid
1844 5150 2156 5233 accipiam
2193 5172 2319 5234 quo
2357 5150 2588 5215 melius

636 5232 793 5300 huic
836 5234 1218 5300 consulatur
1258 5235 1585 5312 ecclesiae,
1641 5235 1711 5300 in
1755 5256 1886 5318 qua
1939 5247 2200 5320 praeter
2244 5236 2585 5302 conciones

635 5326 706 5385 et
726 5329 1138 5387 sacramenta
1170 5320 1343 5386 nihil
1374 5322 1450 5386 fit
1484 5341 1605 5387 nec
1640 5319 1921 5387 habetur
1955 5323 2218 5388 nomine
2254 5321 2581 5389 ecclesiae.

2198 407 2724 482 EPIS'POLAB
2768 411 3108 476 942—944

4519 412 4617 479 584

2706 596 2932 664 Vicini
2994 597 3244 682 aliquot
3295 603 3571 664 conatus
3639 603 3896 668 nostros
3948 599 4257 685 frangere
4318 606 4620 682 conantur,

2707 690 2776 747 et
2815 683 2991 749 male
3040 684 3307 750 affectos
3361 684 3550 751 facile
3605 693 3915 766 avocant,
3973 705 4062 751 ne
4114 683 4272 769 quid
4321 685 4623 769 pafiantur

2705 775 2881 835 recte
2922 769 3083 835 fieri.
3170 769 3422 834 Verum
3482 768 3639 853 quid
3697 770 3782 835 ad
3838 779 3986 836 tuos
4041 772 4151 856 qui
4204 771 4445 837 frontis
4483 770 4624 838 nihil

2704 853 2994 920 habent?
3081 854 3367 921 Ferendi
3419 866 3580 921 sunt
3620 856 3831 921 nostri
3879 879 4014 923 non
4057 868 4191 922 mm
4236 878 4321 922 ex
4368 857 4623 940 professo

2705 940 2860 1005 mali
2904 962 3102 1024 quam
3156 941 3267 1025 qui
3309 951 3576 1007 vastare
3634 942 3704 1006 in
3750 942 3995 1010 vicinia
4037 953 4154 1008 tua
4194 942 4466 1008 student
4503 944 4623 1008 uni·

2705 1046 2913 1091 versa.
3006 1026 3392 1092 Frumentus
3446 1028 3667 1094 neseio
3711 1049 3799 1093 an
3842 1028 4230 1095 temerarius
4293 1028 4504 1112 magis
4541 1029 4627 1094 vel

2702 1111 3022 1178 indoctus.
3091 1112 3275 1178 Nihil
3318 1113 3560 1178 mirum
3607 1115 3659 1178 si
3708 1121 3967 1179 tautum
4012 1115 4135 1181 sibi
4177 1133 4499 1199 usurpare
4536 1134 4628 1181 ve·

2703 1196 2811 1277 lit,
2872 1220 3075 1281 quum
3127 1199 3380 1264 maiora
3430 1200 3630 1264 fuerit
3681 1199 3838 1264 olim
4166 1221 4280 1279 us,
4339 1200 4629 1266 nimirum

2704 1280 2934 1349 docere
2976 1304 3107 1349 non
3152 1285 3408 1350 missus.
3498 1286 3590 1350 Et
3629 1306 3833 1369 quum
3880 1286 4229 1353 clementia
4271 1285 4502 1352 divina
4537 1283 4630 1352 de·

2706 1367 2877 1434 derit
2919 1390 3290 1436 successum
3333 1370 3544 1436 initiis
3587 1380 3724 1435 tam
3766 1373 4023 1456 exiguis
4040 1424 4057 1452 ‚
4125 1392 4281 1438 sane
4338 1392 4477 1437 non
4528 1370 4632 1437 fuit

2702 1454 3088 1538 prohibitus,
3145 1455 3298 1522 licet
3361 1455 3843 1523 subindicatam
3912 1458 3974 1523 ei
4042 1458 4305 1537 fuisset,
4367 1479 4502 1525 non
4550 1458 4628 1523 its

2704 1541 3128 1625 pergendum.
3218 1540 3354 1607 Sed
3409 1553 3487 1607 ut
3541 1554 3700 1607 tunc
3752 1565 3886 1608 non
3940 1543 4066 1609 fuit
4107 1545 4488 1695 arrodglantia
4523 1544 4631 1609 mi-

2705 1626 2836 1692 seri
2880 1627 3157 1707 deiecta,
3216 1628 3311 1693 ita
3366 1649 3453 1693 ne
3508 1649 3686 1695 nune
3741 1628 4006 1710 quidem
4046 1630 4121 1694 in
4163 1650 4239 1694 or
4289 1630 4466 1696 ‘nem
4506 1631 4630 1713 cogi

2702 1733 2836 1777 non
2880 1722 3114 1795 potest,
3158 1714 3291 1778 imo
3334 1714 3592 1793 minus,
3645 1735 3845 1796 quum
3896 1717 3967 1780 in
4014 1717 4242 1781 uxoris
4297 1716 4387 1782 sit
4438 1730 4631 1799 potes·

2701 1807 2856 1877 tate,
2901 1798 2971 1864 in
3015 1820 3211 1881 quam
3269 1821 3470 1882 quum
3529 1821 3661 1864 non
3703 1800 4064 1878 incidisset,
4121 1802 4267 1883 plus
4316 1802 4632 1867 facilitatis

2700 1894 2769 1949 et
2812 1885 2949 1968 spei
2996 1888 3063 1949 in
3107 1906 3182 1950 eo
3226 1897 3384 1950 erat.
3475 1883 3693 1967 Quam
3744 1887 3933 1952 iuvat
3972 1888 4263 1953 insanire
4306 1887 4632 1955 calumniis

2701 1969 3028 2048 miseram,
3073 1991 3241 2052 quae
3284 1982 3467 2035 tuam
3510 1971 3605 2036 ita
3648 1992 3882 2053 puram
3926 1974 4271 2057 coniugem
4315 1971 4636 2040 contendit

2698 2068 2949 2122 notare.
3042 2056 3313 2122 Utinam
3359 2057 3530 2139 apud
3576 2078 3646 2123 se
3690 2068 4040 2140 reputaret,
4085 2069 4270 2124 tuam
4310 2060 4542 2141 purius
4578 2070 4635 2125 et

2699 2143 2987 2207 sanetius
3029 2143 3283 2208 -vixisse
3326 2145 3395 2206 in
3439 2162 3659 2207 errore
3702 2154 3770 2207 et
3813 2145 4118 2223 tenebris,
4163 2165 4363 2227 quam
4411 2146 4636 2210 misera

2699 2227 3161 2293 calumniatrix
3207 2229 3417 2312 egerit
3457 2229 3530 2292 in
3572 2227 3718 2294 luce
3755 2251 3923 2294 evan
3974 2229 4099 2295 elii.
4189 2229 4385 2312 Quod
4426 2232 4636 2296 dolens

2698 2314 2912 2398 cogito
2954 2324 3020 2379 et
3062 2314 3305 2379 scribo:
3368 2335 3518 2378 nam
3578 2326 3790 2379 tecum
3838 2337 3899 2380 v·
3953 2316 4032 2381 de
4085 2316 4402 2399 discupio,
4469 2317 4636 2383 illam

2699 2418 2836 2463 non
2878 2420 3022 2464 esse
3066 2400 3211 2465 aliis
3254 2422 3448 2482 quam
3498 2414 3614 2464 tua
3656 2411 3759 2465 est
3812 2422 3981 2467 uxor
4023 2402 4336 2468 moribus.
4429 2403 4636 2468 Chris-

2701 2493 2807 2549 tus
2852 2495 3036 2549 tuam
3079 2484 3437 2569 perdurare
3475 2486 3667 2550 faciat
3700 2487 3772 2549 in
3808 2489 3987 2552 omni
4023 2493 4329 2570 puritate,
4377 2498 4448 2554 et
4483 2488 4638 2554 dona

2700 2570 2812 2635 isti
2866 2585 3107 2654 augeat
3166 2572 3416 2647 omnia,
3484 2580 3550 2635 et
3613 2571 3793 2636 illam
3866 2573 4190 2639 infelicem
4247 2573 4525 2641 reducat
4575 2576 4635 2638 in

2699 2656 2896 2721 viam.
2967 2655 3188 2737 Quum
3234 2656 3491 2721 videam
3535 2658 3628 2720 ita
3663 2657 3917 2722 hostem
3963 2661 4307 2741 antiquum
4350 2660 4425 2725 in
4471 2671 4637 2726 tuam

2700 2749 2767 2806 te
2810 2743 3075 2807 vivente
3120 2745 3358 2821 conari,
3406 2751 3482 2807 ut
3524 2762 3667 2807 eam
3712 2743 4012 2810 molestia
4054 2745 4330 2825 afficiat,
4390 2745 4547 2830 quid
4588 2746 4637 2811 si

2698 2837 2765 2891 te
2823 2827 3148 2894 Dominus
3206 2828 3289 2893 ad
3347 2850 3416 2892 se
3477 2828 3781 2894 vocaret?
3878 2829 3973 2896 Ut
4026 2830 4207 2897 vales
4276 2831 4636 2913 prudentia,

2698 2914 2881 2979 effice
2925 2935 3007 2978 ne
3047 2935 3175 2997 qua
3220 2915 3424 2996 possit
3464 2915 3572 2978 isti
3612 2914 3928 2980 molestus
3971 2938 4130 2995 esse,
4175 2928 4501 2999 quantum
4533 2938 4638 3001 po-

2701 3008 2796 3065 tes
2841 3001 3066 3065 vitare.
3135 2997 3268 3065 Sed
3303 2998 3460 3083 quid
3496 3001 3784 3065 venitin
3822 3014 4110 3067 mentem
4156 3003 4433 3086 perdito,
4480 3002 4640 3086 quod

2698 3107 2884 3150 meus
2928 3094 2996 3151 et
3033 3085 3231 3151 Vireti
3273 3087 3363 3152 sis
3406 3087 3709 3152 vicarius.
3778 3086 3989 3153 Miror
4032 3090 4203 3170 quod
4242 3112 4475 3155 eorum
4519 3111 4639 3156 non

2698 3170 2923 3236 dicunt
2965 3183 3029 3236 te
3075 3173 3391 3238 vicarium
3438 3193 3599 3255 quos
3645 3179 3808 3253 (tam
3845 3195 4107 3239 eramus
4150 3177 4429 3242 studiosi
4474 3176 4639 3260 pacis

2698 3267 2763 3321 et
2805 3257 3272 3324 aedificationis
3318 3258 3626 3323 ecclesiae
3672 3258 4100 3339 Genevensis,
4158 3283 4234 3327 ac
4278 3271 4418 3327 tam
4466 3262 4640 3327 nobis

2695 3342 3161 3426 pollicebamur
3219 3342 3300 3409 de
3354 3344 3476 3421 eis)
3548 3356 3616 3408 et
3666 3344 3864 3423 falso,
3928 3354 4122 3426 prout
4175 3368 4284 3413 res
4340 3347 4637 3431 loquitur,

2697 3427 2860 3493 fidos
2904 3442 3194 3511 pastores
3236 3430 3393 3494 fassi
3435 3451 3680 3506 sumus,
3730 3441 3802 3494 ut
3843 3431 4126 3497 officium
4180 3432 4457 3498 fidorum
4506 3453 4639 3517 pas·

2700 3527 2915 3578 torum
2961 3517 3267 3595 facerent,
3313 3515 3487 3598 quod
3546 3537 3887 3598 nunquam
3930 3529 4236 3602 egerunt:
4300 3521 4522 3585 nescio
4562 3539 4638 3583 an

2691 3622 2983 3683 vunquam
3030 3601 3359 3666 voluerint
3412 3601 3661 3666 saltem.
3754 3602 3930 3683 Quid
3976 3602 4212 3669 nebulo
4268 3626 4401 3669 non
4448 3615 4639 3689 rogat,

2699 3708 2785 3750 an
2830 3708 2869 3751 a
2912 3686 3132 3771 plebe,
3192 3699 3423 3752 senatu
3468 3697 3535 3753 et
3576 3688 3661 3752 iis
3705 3689 3812 3770 qui
3857 3710 3974 3771 pro
4021 3691 4396 3772 pastoribus
4442 3699 4638 3762 erant.

2697 3779 2964 3854 rogatus
3015 3773 3105 3838 sis
3162 3783 3238 3837 ιιι
3294 3775 3553 3840 venires
3610 3785 3868 3839 nostras
3931 3775 4114 3842 vices
4180 3775 4637 3859 suppleturus?

2698 3855 2875 3939 Quid
2919 3858 3204 3942 legatus,
3263 3881 3347 3924 an
3404 3869 3628 3924 nostro
3685 3860 3946 3925 nomine
4006 3873 4071 3924 te
4115 3861 4196 3927 ab
4244 3865 4637 3946 Argentora-

2696 3943 2989 4009 tensibus
3062 3944 3434 4027 pastoribus
3521 3955 3589 4010 et
3665 3952 3898 4011 senatu
3973 3946 4353 4029 petierunt?
4470 3948 4634 4014 Num

2695 4049 2954 4112 semper
3008 4043 3082 4095 ut
3181 4040 3358 4095 aster
3416 4030 3777 4113 postulatus
3842 4039 3909 4095 et
3962 4033 4362 4117 efflagitatus
4418 4031 4634 4100 fuisti?

2696 4116 2789 4180 Et
2831 4136 2950 4182 nos
2992 4052 3178 4199 quidp
3193 4139 3326 4181 non
3362 4117 3673 4199 cepimus,
3692 4118 3979 4182 facturos
4014 4126 4081 4184 te
4130 4118 4414 4199 iubente,
4454 4116 4636 4186 modo

2696 4201 3103 4286 provinciam
3147 4201 3556 4284 susciperes?
3644 4202 3839 4267 Nosti
3892 4223 4088 4286 quam
4149 4205 4476 4289 supplices
4532 4225 4634 4290 pe-

2698 4287 3020 4363 tierimus,
3082 4297 3150 4352 et
3199 4308 3398 4371 quam
3457 4308 3674 4354 amare
3718 4289 3789 4354 in
3844 4290 4224 4357 resistentes
4266 4291 4458 4359 nobis
4501 4299 4633 4357 tum

2698 4373 2913 4439 verbis
2957 4395 3194 4449 coram,
3232 4386 3378 4438 tum
3421 4374 3631 4439 literis
3675 4375 3996 4456 absentes,
4041 4376 4631 4461 obiurgaverimns:

2695 4468 2763 4525 et
2805 4480 2998 4542 quam
3043 4458 3110 4525 id
3154 4481 3419 4526 necesse
3464 4471 3631 4537 erat,
3692 4468 3763 4525 tu
3807 4461 4008 4544 probe
4049 4471 4235 4528 tenes
4278 4475 4348 4528 et
4388 4485 4461 4529 re
4500 4464 4634 4547 ipsa

2696 4546 3030 4627 experiris.
3122 4543 3257 4611 Sed
3316 4567 3511 4629 quam
3569 4554 3669 4611 est
3710 4547 3979 4612 insanus
4022 4544 4306 4613 Satanas
4352 4557 4416 4614 ct
4458 4568 4629 4614 men-

2695 4629 2823 4695 dax
2867 4632 2936 4695 in
2981 4633 3136 4711 suis,
3180 4631 3414 4715 quibus
3459 4639 3746 4697 mentem
3789 4639 3855 4696 et
3895 4654 4164 4698 sensum
4206 4632 4472 4699 ademit.
4558 4630 4631 4699 Si

2694 4727 2765 4781 tu
2810 4715 3222 4783 Genevensis
3266 4727 3489 4801 pastor
3531 4738 3665 4782 non
3700 4739 3787 4794 es,
3833 4719 3979 4800 quis
4021 4739 4315 4802 unquam
4357 4719 4482 4786 fuit
4521 4739 4629 4784 ve-

2691 4822 2806 4868 rus
2850 4802 3116 4885 pastor?
3206 4801 3375 4882 Quis
3409 4804 3714 4877 sanctius.
3759 4804 3990 4886 purius
4033 4825 4328 4889 unquam
4373 4811 4626 4871 vocatus

2692 4888 2819 4953 fuit
2860 4899 2928 4954 te
2973 4887 3145 4953 uno?
3236 4887 3402 4970 Quis
3447 4889 3676 4953 maiori
3731 4887 3860 4953 fide
3915 4898 3981 4954 et
4037 4888 4384 4974 diligentia
4429 4890 4624 4958 eoele-

2693 4975 2857 5041 siam
2905 4995 3191 5057 unquam
3239 4973 3753 5048 administravit,
3812 4984 3879 5040 et
3934 4997 4084 5041 eum
4126 4976 4258 5042 fide
4298 4977 4443 5059 quis
4488 4977 4623 5060 plus

2691 5060 3097 5142 prudentiae,
3134 5061 3382 5125 consilii
3420 5070 3486 5124 et
3519 5060 3875 5144 sapientiae
3904 5062 4325 5128 coniunctam
4361 5058 4620 5128 habuit?

2687 5145 2888 5212 Dolet
2929 5145 3091 5210 mihi
3137 5158 3271 5210 tam
3317 5144 3567 5228 perdite
3624 5146 3822 5212 istum
3881 5147 4183 5227 mentiri,
4249 5147 4367 5215 sed
4404 5155 4622 5216 contra

2688 5231 2940 5316 gaudeo
2984 5234 3077 5297 ita
3122 5232 3483 5296 Dominum
3524 5233 3594 5296 in
3638 5239 3704 5299 te
3746 5234 4021 5315 operari,
4065 5241 4144 5299 ut
4186 5241 4252 5301 te
4295 5236 4460 5301 ferre
4500 5230 4617 5299 Sa-

2687 5328 2880 5384 tanas
2924 5338 3055 5383 non
3100 5318 3322 5400 possit.
3418 5317 3684 5384 Utinam
3725 5317 3933 5385 multo
3975 5320 4065 5386 sis
4109 5319 4283 5387 hosti
4323 5319 4619 5387 intolera-
