4825 6175
196 396 308 461 465

191 603 294 648 6116
333 577 632 645 abierunt
664 576 846 644 haud
880 578 1077 646 dubie
1118 588 1186 645 et
1226 578 1380 646 illae
1414 600 1609 647 voces
1651 580 1726 645 in
1770 581 2135 665 spongiam,

190 675 295 733 aut
329 673 501 731 certe
544 662 732 730 nobis
775 674 1131 747 usurpatae
1166 666 1237 729 in
1272 664 1563 732 ecclesiis
1605 665 1850 732 nostris
1894 664 2135 732 doctri-

189 773 304 818 nae
341 748 557 815 fraudi
601 771 737 814 11011
781 758 995 816 erunt.
1084 751 1260 815 Nam
1306 751 1477 835 apud
1534 771 1649 817 eos
1708 750 1887 817 haud
1939 751 2135 817 dubie

187 837 307 903 erit
348 836 452 900 ius
496 835 997 918 interpretandi,
1038 836 1152 919 qui
1196 836 1278 902 ab
1321 837 1514 902 initio
1569 837 1720 902 illas
1764 858 1953 904 voces
1997 857 2136 903 non

188 923 368 989 aliter
409 931 796 1005 receperunt
845 941 1041 1005 quam
1076 929 1156 985 ut
1189 942 1309 1006 pro
1344 924 1600 988 ratione
1643 933 1944 1005 receptae
1983 922 2134 989 doc-

184 1009 388 1074 trinae
430 1006 502 1071 in
546 1007 835 1073 ecclesiis
877 1006 1223 1073 helveticis
1258 1008 1762 1092 explicarentur.
1852 1008 2137 1073 Frustra
2170 1022 2174 1027 ’

183 1096 396 1176 itaque
439 1092 744 1158 obiicitur
789 1090 975 1158 nobis
1017 1093 1406 1160 Basiliensis
1464 1095 1812 1172 confessio,
1870 1095 2000 1159 nisi
2044 1096 2130 1159 si-

180 1179 312 1245 mul
354 1186 423 1243 et
461 1199 539 1243 ea
583 1177 977 1244 concedatur
1019 1180 1369 1262 expositiO,
1431 1201 1598 1262 quae
1657 1179 1993 1244 doctrinae
2052 1180 2133 1246 ab

180 1265 362 1332 initio
407 1263 892 1329 reformationis
938 1276 1004 1328 et
1047 1264 1388 1347 hucusque
1434 1267 1501 1330 in
1559 1265 1848 1331 ecclesiis
1891 1266 2135 1330 nostris

178 1357 471 1416 retentae
526 1350 615 1414 sit
673 1370 790 1432 per
855 1349 1078 1414 omnia
1142 1349 1513 1416 conformis.
1627 1349 1799 1414 Nam
1867 1351 1923 1415 si
1989 1351 2135 1432 quis

176 1446 481 1522 pergeret
524 1456 719 1501 suum
764 1445 879 1500 aut
912 1435 1200 1501 alienum
1255 1435 1409 1501 huic
1465 1435 1862 1502 confessioni
1905 1436 2135 1500 indere

176 1543 478 1602 sensum,
545 1521 930 1603 neutiquam
998 1523 1400 1603 reciperetur
1465 1544 1506 1586 a
1583 1521 1792 1606 nobis.
1904 1522 2134 1603 Itaque

174 1608 659 1674 communicare
703 1606 826 1672 sub
870 1606 1000 1672 fide
1054 1607 1479 1672 confessionis
1522 1606 1913 1673 Basiliensis
1955 1605 2134 1671 aliud

173 1714 306 1759 non
351 1698 500 1771 erit,
546 1713 744 1775 quam
788 1692 909 1758 sub
954 1714 1032 1757 66
1074 1692 1204 1757 11116
1239 1694 1720 1759 00111111111110616
1755 1714 1951 1776 11116111
1987 1714 2135 1776 pro-

172 1779 324 1846 fessi
372 1801 606 1845 sumus
649 1778 720 1842 in
765 1779 1001 1842 ultima
1043 1778 1127 1843 ad
1181 1778 1444 1843 Lutheri
1514 1779 1809 1844 convicia
1864 1799 2135 1860 respon·

172 1867 372 1930 sione.
444 1866 550 1929 Ea
584 1885 743 1931 vero
785 1885 984 1946 quum
1021 1864 1291 1929 minime
1335 1872 1657 1948 congruat
1697 1885 1851 1929 cum
1896 1885 1973 1929 66
2007 1864 2136 1929 11116

171 1971 341 2033 quae
407 1950 492 2016 de
556 1971 761 2016 coena
814 1950 1085 2015 Domini
1150 1950 1510 2015 secundum
1569 1950 1832 2014 Isutheri
1895 1949 2137 2032 placita

170 2036 477 2112 traditur,
525 2036 1009 2102 communicare
1063 2043 1240 2102 certe
1283 2056 1433 2100 cum
1477 2035 1882 2101 Lutheranis
1925 2035 2136 2100 nostri

165 2143 299 2188 non
344 2134 649 2206 possunt,
697 2121 822 2186 nisi
867 2121 1068 2186 libeat
1124 2119 1300 2185 aliud
1354 2121 1421 2184 in
1485 2122 1703 2186 animo
1762 2120 2025 2186 credere
2069 2129 2138 2185 et

167 2208 348 2273 aliud
394 2208 563 2273 foris
598 2207 1031 2273 celebratione
1066 2217 1627 2272 sacramentorum
1678 2208 1984 2290 profiteri.
2054 2206 2135 2270 Id

162 2294 339 2377 quod
389 2301 472 2358 ut
516 2294 758 2360 faciant
801 2293 1048 2357 nostris
1092 2300 1353 2358 autores
1397 2312 1539 2357 esse
1583 2313 1717 2356 non
1768 2313 2132 2374 possumus,

338 2379 501 2446 Hac
544 2389 765 2445 autem
810 2377 1220 2443 abstentione
1262 2388 1491 2442 nostra
1544 2399 1754 2460 neque
1797 2399 1947 2454 vos,
2006 2379 2135 2442 fra-

157 2475 325 2543 tres,
392 2485 612 2549 neque
656 2463 995 2530 ecclesiam
1043 2474 1335 2529 vestram
1380 2465 1880 2540 contemnimus,
1925 2485 2137 2546 neque

37 2603 38 2606 η
156 2573 469 2635 unquam
520 2550 955 2616 iudicavimus
1009 2548 1092 2614 ad
1141 2549 1453 2615 ecclesiae
1497 2561 1758 2614 nostrae
1803 2558 2135 2631 contemp-

156 2647 306 2703 tum
357 2638 732 2721 pertinere,
791 2636 851 2701 si
905 2637 1016 2718 qui
1071 2635 1357 2717 hospites
1402 2635 1741 2700 nobiscum
1785 2657 1917 2701 non
1963 2656 2135 2700 com-

155 2725 617 2789 municarunt.
708 2721 846 2787 Nec
888 2741 1256 2804 quenquam
1312 2742 1396 2792 611
1438 2718 1803 2802 hospitibus
1847 2742 2136 2804 unquam

154 2809 611 2893 compulimus
656 2817 885 2873 contra
929 2807 1390 2873 conscientiam
1450 2816 1517 2870 et
1567 2805 1723 2871 fidei
1787 2827 1942 2871 suae
1984 2827 2135 2888 pro-

152 2895 530 2961 fessionem
574 2893 1056 2960 communicare
1102 2891 1467 2967 nobiscum,
1529 2914 1649 2957 6116
1706 2899 1937 2974 sponte
1983 2913 2137 2956 vero

151 2981 595 3048 accedentem
637 2980 894 3044 nullum
939 2999 1229 3061 unquam
1286 2978 1667 3060 repulimus
1758 2977 2137 3043 Permittite

37 3126 40 3143 ,
148 3067 403 3151 11611116,
447 3086 785 3150 rogamus,
828 3065 1175 3130 iuvenibus
1213 3064 1472 3139 nostris,
1519 3071 1593 3129 111
1635 3085 1755 3129 6116
1797 3060 1926 3128 fide
1960 3062 2136 3145 apud

37 3150 40 3199 ἓ
149 3175 270 3220 vos
307 3152 684 3234 tranquille
719 3153 1042 3229 fruantur,
1087 3157 1156 3215 et
1197 3171 1281 3216 ne
1318 3148 1669 3233 adigantur
1712 3151 1924 3215 facere
1965 3148 2138 3232 quod

147 3260 304 3305 cum
327 3242 640 3324 ipsorum
666 3237 1066 3303 conscientia
1087 3246 1155 3300 et
1190 3236 1319 3300 fide
1351 3246 1619 3318 pugnat.
1695 3236 1924 3300 Placet
1959 3237 2134 3300 enim

149 3325 412 3409 alioqui
441 3323 636 3389 nobis
671 3322 892 3388 schola
924 3330 1163 3401 vestra,
1201 3322 1415 3404 placet
1448 3320 1809 3404 disciplina,
1855 3330 1924 3385 61
1959 3341 2137 3385 61116-

147 3433 306 3477 mus
343 3432 482 3477 vos
513 3418 707 3492 atque
746 3418 1011 3482 vestros,
1049 3409 1475 3490 cupimusque
1510 3416 1770 3473 nostros
1807 3405 2136 3471 vobiscum

146 3498 426 3564 versari
476 3493 563 3560 ad
603 3504 880 3576 tempus.
947 3493 1030 3559 Id
1072 3491 1242 3577 quod
1278 3513 1410 3557 non
1455 3502 1715 3556 tantum
1762 3490 1840 3557 de
1885 3490 2139 3557 duobus

141 3583 284 3649 illis
331 3582 600 3649 nostris
643 3580 895 3645 dictum
942 3579 1245 3645 volumus
1286 3578 1588 3662 intelligi,
1648 3576 1762 3643 sed
1803 3577 1883 3642 de
1928 3586 2138 3643 caete-

143 3670 239 3735 ris
288 3688 572 3753 quoque
616 3688 775 3749 quos
799 3667 943 3731 Deo
978 3665 1242 3730 volente
1277 3663 1547 3746 posthac
1589 3664 1852 3728 missuri
1890 3684 2136 3728 sumus.

328 3753 713 3822 Caeterum
760 3752 820 3816 si
860 3750 1252 3834 putaveritis
1297 3750 1469 3815 hanc
1512 3760 1805 3814 nostram
1851 3749 2138 3831 postula-

142 3842 414 3907 tionem
469 3837 743 3904 tendere
789 3835 871 3901 ad
905 3837 1235 3920 insignem
1281 3836 1591 3900 ecclcsiae
1635 3843 1898 3899 vestrae
1941 3834 2141 3899 offen-

140 3929 420 3993 sionem
465 3934 589 3990 aut
617 3922 1201 3999 labefactationem,
1237 3942 1374 3985 11011
1408 3930 1668 3987 1611111111
1691 3920 1905 3985 11111106
1988 3940 2138 3984 0110

139 4014 540 4089 mittemus,
607 4009 721 4075 sed
786 4020 852 4073 et
918 4009 1065 4073 illos
1128 4006 1318 4085 duos,
1397 4009 1508 4090 qui
1574 4007 1707 4071 iam
1781 4026 1906 4087 apu
2018 4026 2139 4070 vos

137 4108 388 4184 agunt,
444 4117 587 4162 11011
632 4096 1090 4179 gravabuntur
1130 4113 1440 4158 revocare
1483 4100 1790 4174 parentes
1824 4094 2135 4175 ipsorum.

139 4186 380 4250 Aliter
445 4202 651 4265 agere
705 4203 837 4246 non
895 4200 1241 4263 possumus
1261 4231 1275 4255 ,
1341 4180 1607 4243 fratres:
1674 4178 1920 4242 scimus
1964 4178 2140 4243 enim

137 4273 251 4338 cui
302 4267 752 4343 credidimus,
797 4287 1009 4349 neque
1054 4265 1135 4330 de
1178 4264 1507 4330 sententia
1550 4274 1805 4340 nostra,
1862 4272 2143 4346 purgata

136 4359 393 4439 utique
446 4362 525 4419 et
567 4353 874 4436 simplici,
929 4349 1301 4434 quidquam,
1362 4349 1506 4414 Deo
1551 4370 1668 4414 nos
1712 4350 2141 4414 confirmante

136 4442 579 4509 dubitamus,
643 4438 911 4505 Scimus
945 4447 1195 4521 quanta
1236 4457 1355 4500 nos
1388 4437 1769 4519 integritate
1810 4436 1909 4499 uti
1951 4456 2140 4518 opor-

133 4538 287 4594 teat
334 4547 587 4593 coram
630 4524 776 4589 Deo
819 4532 889 4589 et
932 4522 1205 4589 ecclesia
1239 4523 1398 4597 eius,
1443 4521 1829 4603 praesertim
1873 4521 1943 4584 in
1987 4520 2139 4584 fidei

134 4613 620 4697 professione:
682 4610 860 4675 unde
918 4629 1036 4693 pro
1095 4608 1268 4672 virili
1308 4617 1535 4672 nostra
1576 4625 1838 4689 operam
1887 4605 2139 4682 damus,

131 4723 226 4766 ne
295 4697 488 4784 quid
556 4698 666 4763 hic
730 4696 1010 4762 scientes
1073 4714 1420 4778 peccemus
1473 4703 1702 4759 contra
1756 4689 2137 4756 Dominum.

135 4786 470 4851 Oramus
518 4790 809 4847 vestram
856 4781 1335 4845 humanitatem
1381 4789 1456 4842 ut
1497 4778 1659 4844 haec
1702 4787 1947 4854 nostra,
2005 4797 2140 4840 11011.

132 4872 410 4937 61116116
463 4869 763 4953 profecta
806 4868 1078 4944 animis,
1145 4866 1369 4947 aequis
1413 4864 1743 4929 mentibus
1787 4863 2138 4946 accipiatis,

132 4970 204 5021 et
249 4959 612 5023 hactenus
656 4972 882 5036 pacem
921 4951 1220 5017 habeatis
1255 4948 1613 5028 nobiscum,
1661 4949 1864 5014 donec
1908 4949 2138 5013 Domi-

132 5067 272 5110 nus
325 5040 616 5108 dederit
659 5039 882 5106 vidore
939 5039 1208 5122 quinam
1266 5036 1630 5119 simplicius
1683 5043 1750 5099 et
1794 5034 2140 5118 purgatius

134 5128 448 5196 docendi
505 5147 715 5208 genus
759 5125 884 5190 hac
923 5125 992 5187 in
1037 5144 1238 5189 causa
1278 5134 1651 5204 sequantur.

320 5212 551 5295 Quod
593 5221 812 5275 autem
845 5212 1060 5293 primo
1102 5211 1344 5274 factum
1388 5214 1767 5291 oportuerat
1807 5214 2140 5289 postremo

127 5302 284 5369 loco
349 5299 677 5366 facimus.
778 5298 1060 5381 Agimus
1125 5300 1380 5360 vestrae
1440 5292 1838 5359 humanitati
1893 5291 2139 5375 gratias

369 5401 618 5459 calvini
646 5414 844 5469 opera..
917 5399 1031 5453 Vol.
1075 5396 1170 5450 XI
1175 5396 1224 5448 1.

1895 392 2059 459 1647
2101 389 2486 462 IANUAR-

4065 403 4192 466 466

2239 580 2565 647 maximas
2599 601 2720 666 pro
2748 582 2897 662 fide,
2936 582 3276 667 diligentia
3308 590 3377 651 et
3409 606 3569 652 cura
3601 587 3844 653 nostris
3878 588 4196 671 impensa.

2239 664 2569 732 Dominus
2623 666 3118 734 liberalissimus
3171 671 3465 736 omnium
3519 669 3835 739 bonorum
3889 694 4195 743 remune-

2239 759 2423 816 rator
2465 752 2786 836 rependat
2829 753 3012 820 vobis
3047 757 3340 838 praemia
3373 757 3794 840 amplissima.
3861 759 3999 826 Nos
4075 783 4193 828 uo-

2239 857 2366 920 que
2409 837 2795 923 pollicemur
2834 839 3016 905 vobis
3058 861 3319 906 omnem
3361 849 3651 907 nostram
3696 843 3892 910 fidem
3934 855 4003 911 et
4033 783 4197 912 1dili-

2239 923 2567 1006 gentiam,
2627 923 2684 989 si
2739 924 2999 1007 quando
3054 925 3129 990 in
3182 926 3506 993 similibus
3557 939 3673 993 aut
3712 929 3859 996 aliis
3913 934 4193 1016 negotiis

2238 1007 2598 1091 gratificari
2644 1010 2833 1080 vobis,
2870 1031 3234 1093 possumne,
3281 1031 3605 1097 operaque
3641 1025 3864 1080 nostra
3896 1016 4194 1101 indigue-

2237 1093 2402 1158 ritis.
2476 1093 2729 1160 Gravia
2767 1116 2926 1161 sane
2970 1105 3037 1162 et
3078 1097 3523 1177 afflictissima,
3569 1110 3644 1164 ut
3687 1122 3843 1166 vere
3887 1102 4189 1184 scribitis,

2237 1186 2394 1244 sunt
2447 1189 2772 1263 tempora:
2824 1181 2948 1247 'sed
3000 1184 3310 1266 graviora
3352 1194 3690 1250 merentur
3729 1195 3994 1269 peccata
4035 1210 4189 1256 nos-

2239 1271 2363 1328 tra.
2451 1264 2537 1330 In
2580 1266 2702 1331 hoc
2744 1287 2903 1351 ergo
2940 1268 3147 1334 simus
3178 1269 3416 1334 fratres
3457 1277 3536 1334 ut
3574 1272 3884 1338 ecclesiae
3927 1283 4190 1340 nostrae

2239 1350 2393 1414 fidei
2437 1353 2822 1418 commissae
2868 1351 2950 1418 ad
2994 1363 3379 1436 perpetuam
3423 1362 3490 1419 et
3531 1356 3956 1423 christianam
4000 1381 4189 1426 revo-

2240 1445 2478 1500 centur
2530 1438 3016 1520 poenitentiam.
3116 1439 3265 1504 Non
3336 1440 3604 1523 repellet
3662 1444 3981 1510 Dominus
4051 1445 4192 1529 ple-

2239 1519 2389 1585 bem
2434 1543 2640 1601 suam,
2687 1531 3016 1606 utcunque
3052 1524 3340 1608 flagellet
3382 1527 3634 1592 acriter.
3700 1528 3981 1612 Oportet
4015 1532 4193 1598 enim

2240 1627 2476 1670 aurum
2510 1607 2651 1692 igni
2683 1607 2961 1691 probari,
3007 1618 3263 1692 oportet
3295 1633 3415 1678 nos
3448 1613 3741 1694 cribrari,
3785 1624 4041 1697 oportet
4075 1639 4193 1683 nos

2240 1693 2537 1757 confiteri
2580 1714 2825 1758 nomen
2867 1695 3138 1760 Domini
3195 1696 3304 1761 vel
3357 1697 3428 1761 in
3485 1701 3844 1764 tormentis.
3932 1700 4191 1768 Offera-

2241 1799 2391 1843 mus
2430 1780 2653 1861 itaque
2696 1800 2817 1845 nos
2856 1789 2923 1845 et
2964 1793 3194 1846 nostra
3251 1784 3474 1847 omnia
3513 1785 3816 1850 Domin0.
3906 1784 4190 1853 Oremus

2240 1863 2483 1947 iugiter
2526 1886 2610 1929 ne
2664 1886 2943 1948 usquam
2997 1865 3111 1932 ille
3169 1868 3356 1933 nobis
3413 1868 3581 1934 desit
3639 1868 3781 1936 sine
3840 1893 3967 1955 quo
4024 1874 4191 1938 nihil

2241 1968 2606 2032 possumus.
2706 1949 2953 2018 Vincet
3008 1953 3273 2018 tandem
3328 1956 3603 2033 veritas,
3660 1958 3859 2022 etiam
3920 1957 4195 2026 devictis

2240 2035 2311 2098 in
2356 2033 2481 2099 hoc
2523 2035 2779 2101 saeculo
2822 2037 3117 2102 veritatis
3170 2040 3656 2107 confessoribus.
3748 2043 3916 2106 Nam
3961 2065 4193 2126 appro-

2240 2120 2516 2203 pinquat
2556 2122 2831 2186 Domini
2871 2122 3200 2188 iudicium.
3289 2126 3487 2209 Agite
3531 2146 3687 2211 ergo
3728 2127 4006 2194 viriliter
4040 2151 4194 2200 con-

2242 2215 2349 2270 tra
2405 2206 2893 2272 Antichristum
2959 2218 3027 2274 61
3095 2209 3303 2274 valete
3366 2212 3435 2275 in
3496 2210 3783 2290 Christe,
3849 2215 4083 2281 fratres
4127 2226 4195 2281 et

2241 2290 2512 2356 Domini
2535 2292 2903 2358 honorandi
2937 2303 3004 2359 et
3039 2294 3273 2360 dilecti.
3344 2297 3572 2381 Tiguri
3598 2322 3660 2363 x.
3684 2299 3981 2366 Ianuarii
4011 2307 4189 2368 1547.

3017 2588 3423 2596 .-,.-.-.,.--..-..-,..

3136 2805 3289 2878 873.

2522 2957 3245 3028 KILCHMEIERUS
3288 2961 3922 3030 BULLINGERO.

2416 3130 2701 3211 Exponit
2751 3133 3227 3197 controversiam
3280 3133 3443 3198 inter
3484 3134 3942 3217 Arbmqensem
3984 3143 4197 3218 pasto-

2242 3237 2376 3282 rem
2419 3221 2477 3281 et
2500 3215 2893 3299 Zofinyenses
2931 3224 3131 3283 ortam
3164 3218 3242 3284 de
3279 3240 3347 3283 re
3387 3221 3900 3296 sacramentaria,
3945 3223 4196 3304 eiusque

2240 3303 2711 3454 ‘adalae-trum
2764 3304 2835 3368 in
2887 3324 2962 3369 ea
3021 3303 3439 3385 componenda
3462 3302 3467 3309 ’
3490 3326 3710 3372 curam
3764 3311 3820 3372 et
3876 3308 4196 3374 auxilium

2242 3559 2354 3625 (Ex
2390 3559 2728 3681 61111οἯ11110
2764 3558 2980 3612 Archiv.
3007 3559 3182 3612 Turic.
3218 3560 3348 3613 olim
3366 3560 3505 3642 Epp.
3542 3561 3602 3613 T.
3623 3559 3834 3614 XXXI.
3872 3579 4013 3616 nunc
4047 3563 4197 3620 Plut.

2623 3668 2634 3680 .
2673 3627 2798 3681 Vol.
2838 3626 2957 3696 153,
2992 3629 3080 3683 fol.
3115 3626 3235 3681 415.
3274 3658 3340 3667 -
3376 3629 3587 3683 Simler.
3626 3629 3751 3683 Vol.
3790 3628 3898 3698 63.)

2242 3815 2499 3880 Μ1116111
2567 3816 2781 3881 11611611
2838 3815 3257 3900 Erwirdigen
3313 3816 3518 3881 heren
3585 3815 3718 3882 vnd
3773 3816 4035 3883 Bruder
4098 3818 4193 3885 M.

2414 3901 2737 3967 Heinrich
2778 3901 3143 3986 Bullinger.
3625 3987 3883 4054 Zfirioh·

2416 4123 2715 4189 Salutem
2751 4133 2820 4189 et
2854 4144 3099 4208 pacem.
3167 4123 3416 4207 Magna
3448 4125 3835 4189 necessitate
3876 4125 4195 4208 compulsi

2246 4209 2329 4275 D.
2397 4208 2779 4275 Eberardus
2857 4231 2897 4274 a
2964 4210 3304 4291 Rumlanq,
3336 4208 3385 4290 ¹)
3463 4207 3526 4273 N
3527 4208 3775 4274 icolaus
3852 4210 4190 4290 Artopm,

2243 4296 2529 4360 Ioannes
2597 4296 2929 4360 Textorius
2945 4294 3000 4377 2)
3044 4306 3148 4358 ·61
3212 4314 3334 4378 ego
3400 4293 3483 4357 ad
3549 4301 3641 4372 te,
3721 4294 4191 4375 Bibbtandrum,

2251 4380 2679 4461 eadmerum,
2729 4380 3133 4458 Palicanum,
3177 4388 3461 4462 quatuor
3503 4378 3585 4443 ad
3643 4387 3925 4463 quatuor
3966 4381 4194 4445 scribi-

2243 4484 2409 4531 mus.
2512 4468 2605 4532 Et
2670 4489 2752 4532 ne
2815 4466 3276 4548 prolixioribus
3330 4465 3548 4530 verbis
3604 4484 3644 4529 a
3699 4466 3905 4531 solitis
3958 4464 4193 4532 studiis

2242 4554 2552 4635 utrinque
2597 4550 3091 4636 suspendamur,
3137 4562 3338 4634 caput
3377 4549 3541 4615 illud
3583 4559 3738 4615 esto.
3808 4549 4059 4616 Oborta
4093 4565 4197 4615 est

2242 4639 2416 4704 inter
2451 4636 2535 4702 D.
2564 4637 2823 4703 Petrum
2847 4638 3334 4721 Arburgensem
3350 4638 3408 4718 ⁸)
3452 4655 3529 4701 ac
3571 4635 3734 4702 duos
3756 4636 4193 4720 Zoffingensis

2274 4894 2415 4950 873.
2451 4894 2512 4978 1)
2558 4895 2686 4951 17111.
2747 4892 2995 4964 Grynei
3046 4908 3223 4961 nuper
3279 4891 3495 4947 dim-‘ui
3538 4904 3812 4946 successor
3861 4890 3925 4945 ia
3970 4907 4203 4961 munere·

2237 4981 2267 5020 3
2955 4998 2962 5003 .

2446 5032 2510 5167 {i
2552 5033 2928 5156 Kff'ss‘sa„
2968 5098 3063 5152 aer
3102 5098 3168 5168 γ.
3220 5097 3295 5150 D.
3339 5096 3420 5150 M.
3459 5112 3496 5151 a
3536 5096 3612 5149 ua
3656 5094 4032 5176 ᾼνῡαῳφωεε
4075 5097 4191 5150 cau·

2242 5189 2294 5224 a.
2335 5170 2473 5224 1523
2506 5187 2672 5240 quum
2709 5177 2842 5223 esset
2939 5167 3171 5221 delibem·
3203 5170 3265 5221 in
3302 5164 3479 5231 Pfcifli
3517 5181 3588 5219 on
3623 5163 3992 5232 disputationi
4031 5162 4199 5219 Tari—

2244 5241 2392 5361 {ensi
2409 5237 3076 5361 ffflssrfmat‘aeffflffie
3089 5233 3877 5371 efflerffi‘deffndusfflmwm
3920 5232 3975 5286 d.
4011 5233 4065 5287 d.
4104 5233 4201 5291 21.

2278 5325 2369 5362 aa.
2581 5324 2746 5378 quam
2933 5324 2955 5358 2
3514 5341 3528 5355 .

2460 5408 2481 5431 ·
3712 5383 3782 5439 30
