4825 6175
614 440 653 503 7
2149 433 2680 519 EPISTOLAE
2725 437 3087 501 605-ss06
4580 442 4621 506 3

610 624 790 691 (Haec
823 623 1076 744 epistolai
1116 622 1270 677 cuius
1303 623 1681 694 autographon
1724 623 1821 677 diu
1855 622 2228 678 desideratum
2261 640 2323 678 re
2428 624 2441 636 ⁶
2502 639 2567 678 us

610 695 671 748 in
707 692 840 748 Ood.
874 692 1007 748 Gen.
1077 689 1163 760 96,
1199 691 1294 746 fol.
1319 691 1402 759 ⁸20,
1439 693 1757 763 saepissime
1790 692 2067 763 descripta
2368 692 2568 747 mirum

612 771 871 845 quantum
907 761 1132 815 vai-iata.
1188 761 1360 826 Quam
1393 762 1720 843 varietatem
1740 761 1832 816 hic
1866 778 2022 816 exem
2062 763 2102 815 li
2135 762 2314 833 gratia
2385 766 2570 844 {aeter

608 836 1124 955 mmm
1169 835 1671 967 fflgfffinofglc
1710 829 2086 966 ⁰?00‘31‘3¹²111,
2130 848 2225 954 ἲέι.
2247 848 2367 954 ῗὸο
2401 831 2566 982 ἓξὲξ-ἰ

609 970 820 1036 retini),
858 985 927 1024 ex
961 967 1131 1023 Arch.
1166 968 1494 1038 Bern.Epp.
1531 969 1683 1023 Tom.
1720 968 1848 1023 vn.
1928 1010 1939 1021 .
1974 967 2080 1022 640
2113 969 2252 1034 (Β.),
2288 970 2472 1023 Turici
2507 986 2568 1024 ιιι

610 1040 757 1095 Bibl.
790 1038 963 1092 civica
999 1036 1112 1103 (Τ.)
1147 1036 1277 1091 Ood.
1315 1037 1547 1092 Carolin.
1594 1036 1667 1091 45
1698 1054 1843 1092 nunc
1876 987 1938 1092 Β.
1974 1036 2059 1104 80,
2106 1055 2161 1108 p.
2192 1035 2296 1091 347
2334 1042 2391 1092 et
2426 1037 2566 1091 Sim-

608 1107 714 1163 leri
749 1107 878 1161 Vol.
925 1103 996 1160 56
1049 1105 1143 1175 qui
1189 1104 1275 1160 bis
1324 1122 1446 1159 eam
1490 1106 1810 1177 descripsit,
1858 1107 2093 1177 primum
2145 1123 2213 1161 ex
2249 1107 2365 1161 cod.
2402 1107 2567 1161 modo

607 1176 847 1246 laudato,
883 1174 1080 1228 deinde
1115 1175 1185 1227 ad
1220 1191 1375 1229 exem
1416 1176 1499 1228 lar
1542 1192 1575 1228 a
1608 1175 1863 1246 Fusslino
1947 1181 2129 1230 astore
2163 1175 2566 1230 Velthemiensi

607 1246 716 1315 ipsi
750 1243 1011 1309 traditum
1030 1243 1159 1309 (S.).
1212 1243 1275 1296 In
1294 1241 1371 1298 Oo
1446 1244 1621 1298 Carol.
1645 1246 1872 1314 legitur:
1965 1261 2024 1298 as
2061 1243 2204 1298 Olar.
2224 1243 2290 1297 A.
2309 1245 2566 1299 'Prouehi-

608 1331 712 1368 nus
746 1315 893 1367 inter
926 1312 1154 1367 schedas
1188 1313 1434 1366 abiectas
1469 1314 1667 1375 (verba
1684 1320 1812 1381 sunt
1844 1314 2129 1383 scriptoris
2165 1313 2237 1366 ad
2270 1320 2485 1383 patrem
2508 1331 2563 1383 p.

608 1401 685 1439 ιιι.
722 1384 792 1438 A.
832 1380 981 1435 1665.
1038 1379 1088 1434 2.
1124 1381 1310 1448 Febr.)
1346 1382 1417 1435 in'
1442 1381 1786 1436 Bibliotheca
1820 1381 2129 1437 Genevensi
2175 1382 2307 1436 olim
2353 1383 2566 1437 invenit

610 1456 669 1505 et
714 1456 832 1505 tum
880 1468 949 1505 ex
975 1459 979 1463 ’
1005 1449 1343 1521 autographo
1390 1451 1525 1504 mihi
1573 1451 1762 1505 Barth.
1809 1451 2091 1520 Wegelino
2138 1452 2266 1504 min.
2319 1452 2374 1506 S.
2423 1451 2563 1506 Gall.

609 1518 998 1575 describendas
1033 1520 1466 1573 communicavit.
1516 1549 1584 1558 —
1617 1520 1889 1590 hpressa
1923 1526 2009 1574 est
2043 1520 2175 1574 olim
2208 1520 2265 1573 in
2303 1522 2563 1590 opusculo

610 1591 696 1644 cui
731 1590 924 1643 titulus
961 1594 1072 1641 est:
1124 1588 1284 1642 Alex.
1324 1587 1467 1642 Mori
1502 1590 1681 1643 oratio
1737 1589 1793 1641 in
1842 1606 1952 1657 qua
1994 1588 2065 1644 H.
2104 1588 2327 1642 Grotius
2361 1590 2563 1643 refelli-

606 1665 714 1713 tur.
769 1657 1000 1712 Accedit
1034 1657 1244 1711 Calvini
1277 1658 1347 1710 ad
1367 1657 1669 1713 Lutherum
1702 1659 1936 1727 epistola
1968 1658 2209 1712 nondum
2245 1657 2406 1712 edita.
2429 1658 2564 1712 Gen.

609 1744 651 1784 s.
687 1745 736 1780 a.
761 1726 798 1780 4
834 1725 979 1792 (M).
1033 1726 1199 1779 Ouius
1237 1728 1418 1780 versio
1452 1727 1649 1796 gallica
1682 1733 1892 1780 exstat:
1928 1726 2016 1782 Al.
2051 1728 2238 1780 Morus
2270 1726 2565 1797 Harangue

645 1812 746 1850 our
782 1796 987 1860 Calvin,
1024 1795 1166 1848 trad.
1203 1795 1276 1848 du
1312 1795 1448 1848 latin
1486 1794 1555 1849 οὐ
1588 1797 1628 1848 il
1664 1795 1723 1849 re'
1763 1795 1871 1849 ond
1906 1814 2014 1848 aux
2047 1796 2349 1849 invectives
2385 1797 2458 1850 du
2479 1797 2564 1851 St.

604 1814 847 1920 arctius.
915 1864 1210 1917 Ensemble
1257 1881 1362 1917 une
1407 1865 1574 1918 lettre
1618 1864 1687 1916 de
1770 1905 1783 1918 .
1818 1863 1851 1917 a
1884 1864 2109 1918 Luther.
2148 1864 2281 1918 Gen.
2319 1864 2473 1919 1648.
2512 1864 2564 1918 4.

607 1934 809 1988 Postea
842 1933 899 1986 in
919 1932 1211 1987 Loescheri
1246 1932 1420 1986 diario
1439 1932 1740 1987 Unschuldi
1828 1932 2197 1987 Nachrichten
2234 1931 2372 1987 1722
2388 1951 2442 2004 p.
2462 1933 2566 1988 626

607 2004 743 2067 (L).
815 2003 883 2055 In
919 2002 1111 2056 eodem
1156 2001 1329 2054 diario
1367 1999 1505 2054 1724
1538 2018 1590 2071 p.
1629 1999 1730 2054 107
1810 2004 1898 2055 vir
1941 2002 2137 2056 doctus
2182 2003 2380 2072 aliquis
2427 2004 2564 2057 Loe-

606 2071 783 2126 scheri
820 2073 928 2140 (cui
967 2071 1107 2124 Mori
1145 2070 1314 2123 editio
1349 2086 1459 2124 non
1494 2071 1834 2135 innotuerat)
1881 2076 2096 2124 textum
2141 2087 2263 2125 cum
2299 2088 2364 2126 eo
2440 2088 2564 2125 uem

606 2141 749 2195 Mori
782 2140 1004 2195 libellus
1051 2138 1275 2193 exhibet
1319 2140 1565 2193 contulit.
1636 2140 1753 2194 Iam
1785 2140 1987 2209 legitur
2034 2140 2200 2194 etiam
2244 2157 2330 2210 ap.
2368 2089 2564 2212 qunry

895 2209 956 2263 Τ.
992 2208 1065 2262 Π.
1104 2225 1228 2278 app.
1264 2225 1316 2277 p.
1354 2207 1455 2262 106
1492 2208 1607 2275 (Η.)
1646 2209 1875 2278 Anglice
1911 2210 1946 2261 l.
1983 2210 2018 2262 1.
2054 2210 2100 2263 1.
2136 2206 2284 2277 416.)

606 2397 1182 2465 Excellentissimo
1237 2397 1637 2464 christianae
1680 2396 1989 2464 ecclesiae
2032 2398 2280 2481 pastori
2306 2397 2354 2483 ¹)
2398 2398 2482 2464 D.
2506 2403 2563 2478 2)

604 2485 898 2550 Martino
920 2484 1220 2550 Luthero
1256 2484 1432 2567 patri
1464 2483 1631 2548 mihi
1666 2483 2025 2566 plurimum
2061 2483 2486 2581 observando.
2507 2483 2563 2571 ⁸)

778 2619 849 2685 S.
895 2618 1120 2701 Quum
1173 2619 1406 2686 Gallos
1463 2627 1722 2685 nostros
1777 2619 2103 2699 viderem,
2159 2627 2479 2704 quotquot
2523 2639 2564 2687 a

604 2705 891 2772 tenebris
944 2713 1220 2789 papatus
1282 2706 1365 2771 ad
1423 2704 1578 2770 fidei
1634 2705 1982 2770 sanitatem
2037 2703 2291 2773 reducti
2350 2711 2561 2788 erant,

604 2792 771 2857 nihil
816 2799 1040 2856 tamen
1095 2790 1177 2856 de
1222 2791 1627 2857 confessione
1645 2794 1704 2864 ⁴)
1758 2799 2021 2856 mutare
2079 2813 2156 2857 ac
2211 2792 2485 2877 perinde
2501 2796 2560 2870 6)

603 2900 673 2944 se
712 2877 1005 2963 polluere
1049 2877 1409 2962 sacrilegiis
1453 2878 1878 2960 papistarum,
1925 2897 2002 2942 ac
2044 2878 2103 2942 si
2144 2878 2400 2943 nullum
2446 2901 2561 2945 ve-

602 2985 716 3029 rae
760 2962 1095 3029 doctrinae
1130 2971 1398 3048 gustum
1432 2963 1768 3041 haberent,
1814 2969 2184 3046 temperare
2226 2965 2393 3029 mihi
2428 2987 2563 3031 non

600 3051 787 3135 potui
830 3049 990 3134 quin
1031 3057 1289 3116 tantam
1333 3048 1504 3116 hanc
1521 3051 1579 3129 ⁶)
1626 3048 2007 3128 socordiam,
2048 3050 2245 3117 sicuti
2279 3072 2426 3117 meo
2459 3053 2560 3117 iu-

603 3137 774 3204 dicio
831 3137 1227 3216 merebatur,
1249 3140 1304 3215 ⁷)
1372 3136 1612 3202 acriter
1670 3136 2237 3220 reprehenderem.
2326 3137 2561 3220 Qualis

604 3224 781 3289 enim
825 3222 988 3288 haec
1031 3221 1214 3302 fides,
1271 3243 1439 3304 quae
1481 3223 1662 3289 intus
1716 3221 1791 3287 in
1835 3223 2053 3287 animo
2112 3224 2370 3307 sepulta
2409 3225 2560 3289 nul-

601 3309 735 3374 lam
778 3310 851 3374 in
894 3308 1046 3374 fidei
1091 3309 1561 3374 confessionem
1607 3307 1933 3391 erumpit?
2024 3308 2262 3391 Qualis
2304 3310 2556 3395 religio,

602 3416 769 3479 quae
814 3394 935 3462 sub
993 3392 1401 3460 idololatriae
1455 3394 1868 3461 simulatione
1921 3394 2293 3476 demersae)
2338 3397 2555 3461 iacet?

599 3481 856 3548 Verum
891 3488 1361 3564 argumentum
1401 3481 1525 3547 hoc
1543 3480 1602 3568 ⁹)
1638 3480 2055 3547 tractandum
2084 3504 2218 3546 non
2254 3482 2556 3565 suscipi0,

600 3567 775 3651 quod
838 3566 1079 3633 libellis
1144 3564 1400 3633 duobus
1426 3567 1510 3651 ¹⁰)
1576 3568 1832 3650 copiose
1896 3587 2043 3632 sum
2098 3576 2557 3651 prosequutus,

601 3654 775 3719 unde
819 3654 877 3720 si
934 3652 1144 3719 obiter
1197 3673 1308 3719 eos
1367 3654 1688 3735 inspicere
1712 3654 1732 3694 ¹
1748 3651 1794 3738 ¹)
1842 3653 2188 3719 molestum
2231 3675 2366 3720 non
2409 3656 2554 3735 erit,

600 3747 746 3805 tum
788 3738 944 3823 quid
988 3739 1299 3818 sentiam,
1359 3747 1504 3807 tum
1547 3738 1781 3822 quibus
1823 3739 2145 3822 impulsus
2188 3739 2556 3807 rationibus

601 3826 697 3891 ita
740 3825 1039 3904 sentiam,
1082 3827 1318 3892 melius
1362 3826 1734 3909 perspicies.
1762 3827 1842 3903 ια)
1918 3825 2180 3892 Horum
2223 3847 2379 3892 vero
2423 3827 2555 3894 lec-

601 3912 783 3977 tione
837 3910 1142 3976 nonnulli
1208 3933 1293 3978 ex
1356 3912 1600 3977 nostris
1656 3909 2033 3978 hominibus
2088 3911 2553 3998 expergefacti,

601 4018 806 4082 quum
828 4004 984 4063 ante
1003 3998 1217 4063 securi
1242 4000 1321 4075 18)
1368 3996 1733 4062 dormirent
1765 3995 1976 4063 altum
2012 4018 2336 4079 somnum,
2381 4000 2557 4083 cogi-

600 4091 743 4149 tare
787 4090 1169 4166 coeperunt,
1225 4083 1539 4166 quidnam
1591 4083 1716 4149 sibi
1768 4083 2099 4167 agendum
2144 4083 2329 4150 foret.
2418 4083 2555 4151 Sed

601 4171 756 4254 quia
800 4167 1039 4235 durum
1083 4177 1185 4236 est
1227 4168 1335 4236 vel
1372 4172 1613 4235 omissa
1653 4169 1908 4235 ratione
1950 4170 2056 4236 sui
2099 4170 2309 4236 vitam
2353 4192 2437 4237 ex
2483 4192 2555 4236 o—

604 4277 763 4321 nere
803 4256 1112 4338 periculo,
1157 4255 1269 4322 vel
1312 4253 1656 4323 concitatis
1688 4255 2046 4322 hominum
2089 4256 2434 4323 offensioni
2477 4278 2558 4323 us

625 4495 777 4554 605.
813 4494 868 4561 1)
905 4495 1117 4550 doctori
1156 4493 1272 4559 194,
1310 4493 1410 4548 111
1452 4495 1533 4548 M.

809 4565 872 4625 2)
908 4564 977 4618 D.
1012 4564 1222 4618 doctori
1258 4562 1376 4627 194,
1414 4563 1513 4616 111
1553 4563 1636 4618 Μ.

808 4632 872 4698 3)
919 4632 1108 4686 Totam
1140 4633 1550 4701 inscriptionem
1585 4650 1685 4688 om.
1723 4634 1791 4689 L.
1833 4633 1888 4688 S.

809 4701 871 4766 4)
910 4701 979 4757 de
1012 4702 1141 4755 fidei
1175 4701 1509 4756 confessione
1556 4701 1614 4755 Τ.

811 4768 867 4834 5)
902 4771 1134 4841 proinde
1169 4769 1271 4824 111
1308 4770 1383 4824 H.

809 4838 871 4905 6)
906 4857 1036 4894 sane
1071 4840 1147 4894 H.

812 4907 872 4971 7)
911 4910 1196 4963 merebant
1236 4908 1319 4962 M.

811 4977 870 5041 8)
908 4979 1190 5032 submersa
1226 4977 1296 5031 L.

814 5046 870 5112 9)
910 5046 997 5100 hic
1031 5047 1151 5114 111,
1187 5045 1290 5099 194
1325 5044 1394 5096 Β.
1432 5044 1520 5097 1ιί0
1554 5062 1666 5115 arg.
1713 5045 1771 5100 T.
1812 5046 1868 5101 S.
1909 5047 1981 5101 H.

777 5113 871 5182 10)
906 5122 1095 5183 postea
1130 5116 1230 5170 sub
1265 5114 1538 5169 commum·
1569 5116 1726 5169 titulo
1743 5135 1758 5164 .·
1790 5117 1873 5169 De
1892 5117 2129 5171 vitandis
2154 5116 2554 5185 superstitioni-

606 5184 707 5238 bus
743 5185 1156 5253 comprehensis.
1242 5183 1375 5236 Vide
1416 5180 1550 5252 Opp.
1602 5182 1698 5238 VI.
1738 5183 1912 5239 Proll.
1989 5225 2002 5239 .
2038 5184 2123 5238 31.

784 5252 874 5318 11)
914 5254 1226 5335 conspicere
1267 5251 1362 5305 194
1399 5252 1680 5321 adspicere
1717 5253 1787 5307 Β.
1836 5253 1894 5307 T.
1938 5202 1993 5309 ἔ.
2032 5255 2107 5309 H.

777 5322 868 5390 12)
904 5324 1171 5393 percipies
1206 5322 1276 5377 L.

781 5391 868 5459 13)
907 5408 1096 5447 secure
1133 5392 1211 5446 H.
1246 5407 1348 5446 om.
1385 5394 1454 5448 L.

2668 622 2903 690 mundi
2957 622 3280 690 invidiam
3336 623 3591 705 subire,
3649 625 3763 692 vel
3818 625 4067 693 relictis
4108 625 4392 692 fortunis
4444 646 4521 694 ac
4543 630 4624 708 Ι4)

2669 709 2878 775 natali
2919 709 3059 776 solo
3102 710 3553 777 voluntarium
3596 709 3779 778 adire
3820 711 4147 786 exsilium,
4194 712 4304 779 his
4346 711 4628 780 difficul-

2668 796 2916 863 tatibus
2957 798 3328 863 retinentur
3369 795 3722 881 quominus
3756 799 3919 865 certi
3937 797 4291 882 quidquam
4312 802 4629 865 constitu-

2669 889 2813 947 tum
2840 884 2925 958 ιὃ)
2960 881 3264 948 habeant.
3331 883 3521 949 Alias
3553 891 3782 949 tamen
3804 887 3885 964 ¹⁶)
3920 885 4226 964 rationes,
4262 892 4330 950 et
4363 884 4630 968 quidem

2670 968 3013 1053 speciosas,
3036 968 3416 1048 obtendunt,
3453 969 3570 1034 sed
3635 970 3828 1037 uibus
3863 977 4178 1055 appareat
4210 979 4631 1054 praetextum

2669 1053 3191 1138 qualemcunque
3249 1053 3332 1126 ab
3383 1055 3588 1137 ipsis¹
3711 1057 3956 1139 quaeri.
4061 1055 4417 1122 Caeterum
4474 1057 4631 1142 quia

2671 1140 2977 1223 suspensi
3021 1140 3497 1223 quodammodo
3533 1140 3885 1221 haesitant,
3930 1149 4122 1207 tuum
4159 1142 4475 1209 iudicium
4510 1164 4629 1208 au-

2670 1225 2812 1291 dire
2856 1225 3249 1305 desiderant,
3280 1228 3365 1304 ¹⁸)
3424 1225 3598 1309 quod
3657 1234 3736 1293 ut
3796 1229 4036 1294 merito
4093 1236 4486 1294 reverentur
4534 1229 4629 1294 ita

2667 1312 2803 1377 illis
2846 1331 3129 1397 magnae
3175 1313 3690 1379 confirmationis
3747 1314 3888 1380 loco
3927 1315 4070 1380 erit.
4161 1314 4275 1380 Me
4319 1334 4477 1400 ergo
4519 1334 4629 1379 ro·

2669 1404 2912 1483 garunt
2953 1407 3028 1462 ut
3075 1407 3329 1464 certum
3372 1399 3684 1464 nuncium
3730 1398 3885 1465 data
3925 1419 4123 1484 opera
4166 1399 4249 1465 ad
4294 1409 4359 1466 te
4401 1400 4629 1465 mitte-

2669 1505 2828 1562 rem,
2874 1484 2989 1567 qui
3033 1505 3421 1568 responsum
3465 1505 3668 1568 super
3708 1485 3833 1552 hac
3875 1507 3948 1555 re
3997 1494 4183 1551 tuum
4234 1485 4317 1550 ad
4360 1507 4482 1553 nos
4521 1488 4630 1552 're-

2668 1569 2904 1636 ferret:
2951 1590 3073 1654 ego
3113 1590 3293 1650 vere,
3338 1571 3491 1654 quia
3534 1578 3601 1634 et
3641 1572 3935 1654 ipsorum
3979 1592 4377 1657 magnopere
4417 1573 4629 1637 inter-

2668 1677 2814 1722 esse
2858 1657 3169 1739 putabam
3214 1666 3326 1721 tua
3368 1657 3719 1722 autoritate
3762 1657 4079 1738 adiuvari,
4126 1679 4210 1723 ne
4253 1658 4349 1724 sic
4388 1678 4629 1742 perpe-

2668 1751 2780 1806 tuo
2815 1743 3230 1820 fluctuentur‚
3274 1748 3342 1808 et
3383 1743 3549 1807 mihi
3593 1743 3792 1808 etiam
3821 1742 3901 1829 ιο)
3935 1745 4062 1827 ipsi
4097 1743 4276 1808 ultro
4310 1751 4630 1827 expeten-

2669 1828 2825 1893 dum
2868 1827 2938 1893 id
2979 1829 3122 1907 fuit,
3169 1849 3414 1912 negare
3455 1828 3589 1894 illis
3607 1827 3698 1912 ⁴²⁰)
3741 1830 3924 1895 nolui
3969 1831 4143 1914 quod
4181 1829 4625 1913 postulabant.

2669 1914 2864 1979 Nunc
2908 1935 3080 1998 ergo,
3126 1922 3314 1998 pater
3354 1915 3427 1978 in
3462 1915 3752 1979 Domino
3796 1916 4154 1998 plurimum
4198 1915 4626 1996 observande,

2668 2021 2787 2083 per
2830 1998 3175 2065 Christum
3241 2007 3309 2065 te
3364 2001 3654 2066 obtestor
3708 2000 3834 2066 hoc
3890 2013 3967 2066 ut
4021 2001 4310 2068 taedium
4367 2022 4520 2067 mea
4562 2010 4631 2067 et

2668 2086 2965 2168 ipsorum
3010 2106 3209 2151 causa
3265 2087 3582 2152 devorare
3639 2108 3775 2151 non
3829 2088 4127 2171 graveris
4143 2139 4159 2167 ,
4216 2088 4509 2172 primum
4553 2095 4629 2154 ut

2670 2171 3014 2255 epistolam
3058 2192 3282 2236 eorum
3331 2173 3595 2238 nomine
3647 2172 3963 2256 scriptam
3982 2177 4011 2216 ‘⁴'
4025 2176 4094 2250 ¹),
4123 2173 4508 2256 libellosque
4532 2176 4626 2251 ²²)

2667 2277 2866 2336 meos,
2913 2267 3230 2340 tanquam
3273 2279 3391 2341 per
3433 2258 3670 2336 lusum,
3689 2261 3780 2334 ²⁸)
3836 2259 4060 2325 otiosis
4118 2259 4301 2325 horis
4357 2280 4627 2343 percur-

2666 2364 2792 2422 ras,
2841 2343 2945 2409 vel
2989 2341 3252 2427 legendi
3309 2344 3649 2428 negotium
3705 2345 3902 2410 alicui
3946 2344 4302 2412 demandes
4345 2346 4458 2429 qui
4503 2346 4627 2411 tibi

2667 2450 2995 2495 summam
3036 2430 3308 2494 referat:
3355 2428 3593 2495 deinde
3637 2438 3713 2495 ut
3748 2431 4144 2497 sententiam
4180 2441 4363 2497 tuam
4397 2434 4628 2514 paucis

2667 2515 2887 2581 verbis
2943 2515 3284 2583 rescribas,
3389 2516 3654 2582 Invitus
3708 2517 3834 2582 hoc
3889 2515 4159 2600 quidem
4176 2519 4266 2595 ²⁴)
4319 2517 4493 2583 facio
4549 2527 4626 2583 ut

2666 2600 2788 2667 tibi
2830 2602 3005 2666 inter
3046 2609 3145 2667 tot
3186 2610 3324 2666 tam
3370 2622 3607 2686 graves
3665 2609 3933 2685 tamque
3945 2604 4033 2684 ²⁵)
4081 2604 4303 2668 varias
4345 2624 4625 2687 occupa-

2665 2687 2875 2752 tiones
2920 2686 3092 2754 hanc
3134 2686 3504 2753 molestiam
3547 2688 3926 2754 exhibeam:
3993 2688 4111 2755 sed
4151 2709 4321 2771 quae
4363 2697 4485 2754 tua
4527 2697 4626 2755 est

2665 2774 2990 2856 aequitas,
3048 2794 3252 2856 quum
3312 2796 3445 2839 non
3500 2775 3631 2840 nisi
3674 2776 4063 2841 necessitate
4107 2785 4368 2841 coactus
4411 2775 4488 2840 id
4529 2777 4623 2840 fa-

2665 2859 2868 2937 ciam,
2935 2861 3196 2925 veniam
3261 2866 3328 2924 te
3392 2859 3559 2924 mihi
3622 2858 3927 2926 datiuum
3980 2860 4256 2926 confido.
4344 2860 4621 2927 Utinam

2666 2945 2889 3010 isthuc
2922 2944 3107 3023 mihi,
3127 2943 3226 3031 26)
3253 2963 3381 3027 quo
3417 2946 3651 3010 saltem
3682 2945 3764 3011 ad
3804 2967 4047 3029 paucas
4080 2947 4280 3013 horas
4314 2954 4429 3012 tuo
4470 2968 4614 3014 con·

2666 3051 2899 3115 gressu
2944 3031 3216 3109 fruerer,
3262 3031 3490 3099 liceret
3532 3030 3873 3099 advolare!
3963 3033 4236 3099 Mallem
4292 3035 4506 3114 enim,
4557 3039 4618 3098 et

2665 3118 2862 3201 longe
2905 3125 3290 3201 praestaret,
3358 3141 3491 3184 non
3536 3117 3618 3183 de
3662 3120 3787 3186 hac
3842 3121 4223 3202 quaestione
4263 3118 4462 3185 modo
4509 3118 4620 3186 sed

2666 3202 2746 3267 de
2791 3204 2936 3269 aliis
2982 3204 3178 3268 etiam
3222 3212 3442 3278 tecum
3487 3208 3817 3282 coram27)
3853 3226 4065 3290 agere.
4155 3205 4409 3271 Verum
4448 3204 4622 3289 quod

2662 3288 2771 3355 hic
2805 3290 2875 3354 in
2910 3292 3107 3354 terris
3144 3311 3277 3355 non
3321 3290 3533 3367 datur,
3579 3291 3783 3370 brevi,
3827 3299 3903 3356 ut
3918 3293 4009 3375 28)
4047 3311 4258 3375 spere,
4300 3292 4374 3356 in
4411 3311 4621 3377 regno

2662 3373 2793 3440 Dei
2834 3376 3021 3442 nobis
3056 3376 3406 3459 continget.
3476 3376 3664 3455 Vale,
3710 3377 4074 3444 clarissime
4109 3378 4231 3456 vir,
4275 3386 4625 3461 praestan·

2663 3460 2914 3527 tissime
2972 3460 3225 3527 Ohristi
3280 3463 3582 3528 minister
3637 3484 3712 3529 ac
3770 3470 3958 3547 pater
3975 3464 4069 3548 ²⁰)
4133 3464 4301 3530 mihi
4360 3484 4626 3548 semper

2662 3546 3085 3613 observande.
3109 3546 3199 3634 ³⁰)
3286 3549 3615 3614 Dominus
3669 3556 3737 3614 te
3802 3549 4040 3634 spiritu
4085 3571 4203 3616 suo
4249 3549 4623 3635 gubernare

2660 3644 2894 3784 pergat
2935 3628 3162 3761 {isque'
3183 3636 3255 3698 in
3297 3636 3497 3700 finem
3516 3686 3533 3714 ‚
3588 3636 3660 3699 in
3714 3655 4060 3702 commune
4103 3636 4419 3703 ecclesiae
4461 3656 4623 3703 suae

2703 3740 2926 3785 onum.
3011 3727 3034 3795 )

3586 3806 3868 3873 Ioannes
3913 3807 4236 3875 Calvinus
4275 3815 4450 3875 tuus.

2831 4077 2920 4145 14)
2956 4084 3014 4132 et
3050 4078 3119 4132 H.
3161 4095 3261 4132 om.
3301 4079 3370 4134 L.

2835 4148 2927 4211 15)
2965 4148 3250 4202 constituti
3296 4148 3355 4202 T.
3395 4147 3451 4204 S.
3491 4150 3564 4203 H.

2834 4215 2928 4284 16)
2967 4232 3068 4271 om.
3106 4216 3176 4270 L.

2835 4284 2922 4351 17)
2961 4287 3030 4339 ab
3065 4285 3174 4338 illis
3249 4287 3642 4356 ualemcunque
3687 4285 3746 4342 T.
3786 4285 3841 4341 S.
3881 4287 3955 4342 H.

2835 4352 2930 4421 18)
2974 4353 3057 4420 Gf.
3096 4354 3171 4408 N.
3206 4302 3325 4423 387,
3361 4361 3472 4411 not.
3509 4353 3562 4408 3.
3613 4414 3618 4418 ,

2833 4422 2927 4489 19)
2963 4439 3062 4478 om.
3100 4422 3164 4476 H.

2833 4491 2928 4560 20)
2963 4493 3032 4545 iis
3068 4489 3185 4545 194.

2832 4560 2928 4625 21)
2966 4560 3056 4615 De
3088 4577 3200 4630 qua
3234 4559 3359 4614 vide
3395 4560 3557 4615 Prole
3587 4577 3641 4630 q.
3677 4568 3871 4616 nostra
3905 4575 4079 4631 supra
4112 4566 4223 4621 not.
4260 4562 4330 4617 10
4361 4563 4614 4620 madata.

2829 4628 2926 4698 22)
2961 4636 3018 4684 et
3050 4630 3266 4684 libellos
3312 4627 3371 4685 T.
3411 4626 3468 4684 Β.
3505 4577 3590 4683 d

2829 4698 2921 4765 23)
2959 4716 3140 4752 casum
3177 4697 3293 4751 194.
3471 4750 3476 4755 ,

2827 4766 2924 4889 ἐξ)
2961 4767 3165 4889 iungas
3202 4767 3420 4837 quidem
3457 4764 3558 4818 111
3597 4766 3665 4819 Β.
3715 4766 3773 4820 Τ.
3810 4769 3921 4821 inv.
3960 4767 4212 4835 equidem
4250 4768 4323 4821 H.
4363 4768 4444 4821 M.
4484 4768 4542 4823 S.

2901 4839 2924 4901 )
2963 4842 3019 4889 et
3116 4876 3128 4887 .

2830 4904 2927 4971 26)
2964 4922 3063 4959 om.
3104 4903 3172 4958 L.

2831 4972 2927 5036 27)
2965 4990 3064 5028 om.
3107 4972 3172 5024 L.

2830 5042 2922 5109 28)
2960 5059 3059 5096 om.
3102 5038 3215 5102 194,
3261 5040 3356 5094 111
3393 5041 3461 5094 Β.
3513 5040 3569 5096 Τ.
3611 5039 3666 5094 S.
3709 5040 3792 5094 M.
3834 5041 3908 5095 H.

2832 5110 2928 5175 29)
2963 5111 3137 5164 frater
3173 5107 3292 5162 194.

2831 5180 2926 5245 30)
2965 5178 3279 5233 honorande
3317 5176 3435 5242 194,
3472 5177 3569 5231 111
3610 5178 3678 5230 Β.
3727 5176 3785 5231 T.
3824 5176 3876 5231 S.
3915 5177 3988 5231 H.

2830 5248 2926 5312 31)
2964 5248 3113 5302 Αᾱά.
3152 5245 3253 5301 196
3292 5246 3373 5300 M.
3425 5247 3678 5301 Ianuario
3726 5244 3877 5300 1545.
3917 5275 3980 5284 -
4022 5246 4238 5301 Castori
4268 5246 4351 5300 12.
4387 5246 4612 5302 Oalend.

2659 5318 2822 5373 Febr.
2857 5316 3010 5372 1545.
3085 5317 3379 5371 Raetos-ea
3415 5316 3545 5372 God.
3578 5312 3682 5369 194
3717 5316 3848 5371 haec
3883 5315 4067 5370 habet.-
4119 5316 4167 5370 11
4201 5334 4239 5387 y
4285 5318 4437 5370 avoit
4470 5332 4614 5386 pour

2658 5390 2712 5442 le
2748 5387 2939 5442 cachet
2972 5387 3041 5440 de
3076 5386 3151 5440 M.
3187 5384 3380 5439 Oalvin
3415 5401 3520 5439 une
3554 5385 3700 5439 main
3735 5390 3928 5438 tenant
3960 5402 4034 5437 un
4069 5402 4250 5440 cueur.
4307 5385 4388 5439 La
4420 5385 4611 5439 devise

4803 3846 4811 3923 —n—
