4825 6175
615 409 698 472 15
2271 406 2801 488 EPIS‘BOLAE
2846 411 2972 476 607
4535 408 4601 471 16

609 594 808 662 etiam
851 592 1155 678 adiungit
1192 613 1299 659 me
1336 593 1553 664 facere
1628 596 1760 664 uod
1792 598 2008 665 solent
2039 597 2308 665 rabulae
2349 599 2565 664 foren-

608 703 735 760 ses,
781 681 893 764 qui
934 701 1053 764 pro
1097 681 1452 747 asserenda
1493 704 1560 748 m
1711 705 1916 751 88888
1956 694 2189 751 contra
2230 684 2564 751 conscien-

609 769 772 834 tiam
814 766 994 851 leges
1036 763 1121 830 ad
1163 765 1363 832 falsos
1406 789 1638 835 sensus
1673 768 2082 854 detorquent.
2152 771 2252 837 Ac
2296 769 2566 836 tandem

609 860 898 921 astutam
946 851 1366 936 vulpeculam
1422 854 1729 937 appellat.
1833 857 2044 923 Taceo
2102 855 2276 939 quod
2331 877 2440 921 me
2493 857 2566 920 in

609 938 970 1023 Anticyras
1011 937 1265 1022 relegat
1279 988 1296 1018 ‚
1355 960 1430 1004 ac
1473 940 1654 1007 mille
1697 940 2016 1008 eiusmodi
2059 942 2370 1008 conviciis
2412 962 2565 1025 pro-

607 1024 867 1093 scindit.
977 1023 1127 1089 Hae
1204 1033 1367 1089 8881
1429 1024 1693 1093 delitiae
1771 1028 2007 1110 quibus
2070 1048 2331 1094 mecum
2396 1026 2567 1092 ludit

608 1120 926 1195 tanquam
970 1110 1237 1175 amicus.
1328 1111 1474 1195 Ego
1518 1132 1673 1178 vero
1718 1135 1934 1196 neque
1975 1114 2060 1179 ad
2100 1113 2300 1179 istam
2337 1112 2564 1178 verni-

604 1198 742 1265 lem
784 1196 1187 1280 proterviam
1230 1217 1381 1261 8818
1424 1208 1757 1277 88888188,
1812 1220 2022 1283 neque
2076 1220 2183 1265 me
2227 1198 2566 1265 assuefieri

605 1283 860 1369 patitur
901 1291 1160 1347 natura.
1250 1283 1536 1349 Animus
1591 1284 1791 1351 etiam
1841 1295 2168 1368 repugnat
2224 1293 2292 1349 81
2333 1305 2374 1349 8
2415 1304 2565 1349 1888

607 1388 892 1455 persona
943 1367 1140 1433 nimis
1198 1376 1301 1443 est
1355 1369 1660 1435 alienum.
1764 1373 1860 1436 At
1922 1371 2241 1453 scriptum
2308 1371 2386 1435 ad
2457 1392 2564 1436 me

605 1456 794 1522 misit
836 1454 1002 1520 bene
1047 1474 1123 1519 ac
1167 1451 1519 1538 diligenter
1565 1456 1916 1535 occlusum,
1961 1478 2045 1522 ne
2094 1456 2342 1521 famam
2387 1455 2563 1538 apud

607 1541 770 1608 81188
813 1560 1026 1604 meam
1070 1538 1378 1606 laederet.
1469 1539 1679 1622 Quasi
1731 1563 1890 1607 vero
1945 1564 2078 1608 non
2141 1543 2386 1626 passim
2430 1544 2563 1606 iam

610 1648 652 1693 a
689 1636 826 1692 1818
868 1624 1158 1691 11188818
1185 1625 1275 1711 ¹⁰)
1317 1627 1658 1693 iactaverit
1700 1649 1771 1694 88
1813 1629 1886 1693 18
1931 1650 2005 1693 88
2044 1627 2564 1695 consarcinando

608 1734 752 1779 esse
796 1719 1204 1794 occupatum,
1250 1714 1436 1794 quasi
1482 1714 1685 1778 etiam
1728 1735 1861 1780 non
1906 1714 2044 1779 suis
2088 1713 2388 1779 amiculis
2431 1713 2563 1779 lec-

607 1798 938 1876 titaverit,
1005 1797 1192 1880 quasi
1245 1820 1381 1863 non
1424 1819 1503 1863 eo
1556 1820 1762 1882 usque
1805 1799 2240 1882 improbitatis
2283 1800 2372 1865 811
2412 1819 2563 1882 pro-

607 1905 892 1971 gressus,
937 1891 1016 1949 ut
1057 1884 1182 1966 piis
1227 1895 1293 1949 81
1328 1883 1536 1950 (188118
1569 1884 1954 1967 quibusdam
1997 1885 2161 1950 viris
2198 1884 2446 1968 aliquid
2480 1906 2564 1950 ex

608 1991 687 2037 eo
729 1971 1051 2036 recitaret.
1141 1967 1219 2035 si
1262 1970 1476 2035 voluit
1536 1971 1659 2036 hoc
1700 1972 2003 2037 omnibus
2041 1971 2289 2054 passim
2332 1979 2563 2035 notum

608 2078 771 2134 esse,
816 2076 951 2121 888
994 2062 1097 2121 881
1138 2054 1311 2137 quod
1353 2056 1537 2122 vobis
1579 2077 1697 2140 per
1731 2079 1837 2122 me
1879 2057 2239 2123 innotuisse
2283 2078 2563 2140 conque-

609 2151 811 2209 ratur.

783 2227 980 2292 Nunc
1023 2224 1104 2290 de
1146 2227 1386 2309 scripto
1428 2226 1600 2310 quod
1653 2248 2039 2310 responsum
2084 2228 2182 2293 illi
2227 2228 2373 2294 volo
2416 2228 2564 2292 bre-

608 2315 783 2382 viter
826 2311 1054 2379 dicam.
1121 2313 1576 2379 Vehementer
1616 2314 1904 2398 profecto
1942 2336 2046 2379 me
2088 2314 2296 2398 ipsius
2321 2316 2337 2354 ¹
2358 2314 2402 2394 ¹)
2439 2313 2563 2377 mi-

609 2408 804 2478 seret,
851 2398 1006 2463 dum
1051 2408 1285 2483 reputo
1328 2408 1652 2482 quantum
1695 2420 1766 2464 se
1808 2399 1882 2463 in
1917 2421 2112 2483 opere
2147 2411 2284 2465 tam
2319 2399 2562 2486 infelici

608 2508 686 2553 88
730 2493 1145 2569 praepostero
1198 2485 1595 2568 fatigaverit.
1697 2485 1869 2550 Nam
1935 2507 2136 2568 quum
2196 2485 2563 2569 elegantiae

611 2581 681 2639 et
733 2571 968 2636 nitoris
1025 2570 1319 2654 cupidior
1375 2581 1582 2649 88881,
1641 2591 1715 2637 88
1769 2572 2035 2637 18181118
2091 2592 2251 2636 vera
2310 2572 2563 2635 ratione

608 2658 1094 2735 destitueretur,
1135 2658 1410 2723 corrasit
1443 2658 1600 2723 hinc
1631 2656 1784 2722 inde
1819 2656 2136 2740 quidquid
2164 2658 2381 2740 potuit
2413 2677 2563 2739 pro-

610 2744 1002 2818 verbiorum,
1048 2740 1364 2825 quidquid
1409 2753 1545 2807 tota
1598 2744 1741 2807 vita
1780 2742 2034 2826 legerat
2077 2742 2250 2826 quod
2293 2743 2566 2809 haberet

610 2830 892 2914 speciem
933 2829 1202 2896 facetiae
1238 2829 1666 2906 coacervavit,
1702 2839 2041 2894 mutuatus
2075 2836 2175 2895 est
2219 2829 2374 2895 hinc
2408 2828 2563 2893 inde

610 2915 818 2984 verba
875 2936 1040 2997 quae
1100 2912 1494 2979 videbantur
1550 2915 1869 2979 sonantia.
1958 2916 2190 2997 Itaque
2235 2914 2345 2979 diu
2391 2912 2561 2978 mul-

611 3013 886 3085 tumque
943 2998 1207 3067 sudavit
1263 3010 1340 3064 ut
1394 3000 1622 3082 putida
1679 3001 2092 3066 affectatione
2150 3003 2362 3085 magis
2421 3020 2562 3064 cor-

612 3095 950 3171 rumperet
1006 3108 1193 3153 suam
1247 3089 1606 3152 orationem
1666 3109 1862 3170 quam
1919 3099 2198 3153 ornaret.
2297 3087 2566 3152 Interea

611 3196 770 3241 vero
814 3173 938 3239 sub
981 3173 1149 3256 pelle
1192 3172 1400 3238 leonis
1436 3184 1756 3257 apparent
1791 3174 1974 3239 albae
2010 3173 2362 3240 auriculae.
2428 3172 2576 3238 Sed

614 3260 740 3327 hoc
782 3280 1039 3343 quoque
1083 3260 1334 3324 omitto.
1425 3259 1640 3325 Venio
1685 3259 1768 3324 ad
1812 3270 2291 3344 argumentum.

787 3345 1079 3411 Multum
1172 3344 1255 3410 de
1353 3344 1844 3429 reduplicativis
1939 3347 2197 3410 rixatur
2283 3366 2559 3410 meeum.

612 3433 860 3509 Primo,
906 3432 1059 3514 quia
1098 3451 1254 3496 vere
1287 3431 1826 3514 reduplicativam
1862 3453 2004 3497 8888
2040 3431 2210 3497 11888
2254 3431 2563 3496 dixerim:

616 3518 943 3596 Christus,
988 3519 1057 3581 in
1102 3526 1423 3599 quantum
1465 3519 1668 3596 Deus,
1707 3527 1808 3582 est
1852 3540 1892 3582 a
1926 3539 1997 3583 se
2037 3518 2198 3602 ipso.
2287 3515 2563 3595 Deinde,

615 3607 774 3689 quia
816 3624 953 3669 non
996 3611 1260 3668 teneam
1304 3602 1604 3667 ordinem
1642 3602 2288 3686 reduplicativarum.
2356 3601 2563 3683 Quasi

614 3710 911 3773 unquam
946 3709 1067 3773 ego
1103 3689 1174 3752 in
1218 3689 1616 3755 mentionem
1652 3690 1925 3755 istarum
1962 3709 2189 3754 rerum
2223 3686 2564 3753 inciderim

615 3777 750 3842 nisi
804 3776 946 3841 eius
1009 3785 1078 3839 et
1136 3774 1402 3840 Gortesii
1454 3775 1872 3858 improbitate
1931 3784 2210 3853 coactus,
2240 3776 2323 3853 12)
2382 3776 2568 3856 (18881

615 3861 784 3928 1111111
834 3860 1239 3944 propositum
1299 3860 1481 3925 aliud
1536 3861 1737 3926 fuerit
1796 3882 1993 3945 quam
2042 3860 2285 3944 partim
2336 3881 2567 3927 conce-

616 3946 834 4015 dendo
928 3944 1061 4011 uod
1126 3946 1439 4029 petebant
1488 3967 1713 4013 eorum
1774 3960 1996 4012 tamen
2053 3946 2414 4011 calumnias
2469 3945 2566 4011 di-

616 4034 819 4101 luere.
950 4034 972 4095 i
1006 4052 1352 4115 negassem
1385 4032 2010 4117 reduplicativarum
2045 4032 2303 4116 legibus
2346 4032 2566 4099 subia-

620 4138 769 4186 cere
812 4118 1319 4201 propositionem
1358 4118 1562 4198 illam,
1631 4118 2075 4187 clamitassent
2101 4118 2184 4205 ¹⁸)
2229 4117 2420 4184 ambo
2465 4140 2571 4183 me

623 4202 1122 4290 tergiversando
1186 4203 1401 4269 lucem
1463 4206 1708 4288 fugere.
1819 4206 2010 4272 Nunc
2075 4205 2228 4288 quia
2291 4204 2570 4269 nimium

619 4290 911 4358 liberalis
972 4290 1209 4354 fuerim
1282 4290 1433 4373 plus
1494 4291 1630 4357 illis
1694 4291 2030 4376 largiendo
2092 4311 2290 4374 quam
2356 4289 2570 4368 debui,

621 4387 942 4460 tanquam
1007 4396 1231 4441 meum
1294 4375 1641 4461 impugnat
1719 4377 1828 4443 hic
1905 4376 2115 4443 bonus
2192 4377 2299 4443 vir
2397 4375 2572 4458 quod

621 4484 818 4531 suum
860 4469 979 4527 881.
1070 4460 1358 4527 Multum
1412 4455 1708 4547 exagitat
1760 4462 1931 4546 quod
1989 4462 2154 4543 dixi,
2213 4461 2573 4529 secundum

623 4546 954 4635 quendam
995 4547 1401 4614 intellectum
1440 4569 1670 4615 verum
1712 4569 1856 4615 esse
1872 4599 1890 4629 ,
1945 4547 2105 4614 11881
2146 4568 2278 4613 888
2323 4548 2572 4630 simpli-

623 4637 806 4716 citer,
844 4633 1190 4701 Christum
1225 4654 1267 4699 a
1288 4653 1357 4698 se
1389 4634 1532 4719 ipso
1565 4655 1724 4702 esse.
1786 4633 1997 4716 Quasi
2031 4633 2215 4700 aliud
2247 4632 2575 4699 voluerim

624 4812 709 4822 ——-

802 4925 896 4990 10)
936 4925 999 4979 Si
1032 4926 1164 4980 haec
1205 4930 1391 4980 818818
1435 4931 1498 4979 ut
1538 4932 1738 4980 sonant
1781 4941 1895 4979 com
1974 4924 2147 4979 tanda
2187 4931 2317 4978 sunt
2360 4932 2412 4978 et
2460 4940 2574 4979 non

628 4988 758 5047 καθ’
789 4988 1084 5062 ὖπερβολὴν
1119 4992 1292 5063 dicta,
1338 4999 1487 5062 patet
1535 4994 1840 5063 Capaneu&
1882 5012 1944 5048 m
1985 4992 2272 5048 Calvinum
2307 4993 2573 5048 dedoma-

626 5067 800 5120 tiones
835 5065 946 5117 iam
980 5069 1146 5117 antea
1178 5063 1441 5130 incepisse
1472 5079 1635 5133 quam
1680 5063 1743 5117 id
1783 5078 1849 5117 ex
1885 5063 2139 5118 tloeaauro
2172 5063 2449 5130 epistolica
2483 5078 2572 5116 su-

625 5135 847 5204 peraeae
883 5132 1089 5213 discere
1122 5140 1173 5186 et
1208 5132 1577 5187 demonstrare
1604 5148 1910 5201 possumus.

803 5200 899 5405 ii}
926 5216 1056 5324 gif¹¹³
1040 5199 1264 5339 8Ν159,
1296 5267 1402 5323 472
1436 5277 1538 5323 ew.

805 5336 872 5392 13
930 5339 1254 5392 clamassent
1293 5337 1355 5392 T.
1394 5340 1463 5393 Β.
1504 5336 1559 5393 8.

2665 597 2775 664 his
2817 596 3040 664 verbis
3096 594 3225 662 nisi
3276 592 3720 661 adhibendum
3789 613 3933 662 esse
3989 592 4369 674 candorem,
4426 595 4605 664 sicuti

2667 683 2882 749 solent
2924 679 3142 747 dextri
3175 687 3243 746 et
3274 680 3550 765 ingenui
3582 679 3995 764 interpretes,
4040 701 4172 746 nou
4216 689 4437 747 autem
4469 680 4604 748 bar·

2669 768 2829 834 bara
2869 767 3128 846 ferocia,
3174 766 3346 851 quod
3389 764 3497 831 hic
3538 764 3711 845 facit,
3768 764 4142 849 quaerenda
4181 787 4327 832 esse
4367 764 4440 831 in
4481 768 4605 853 syl-

2668 853 2834 921 labis
2876 854 3169 936 aucupia.
3259 850 3474 917 Valde
3515 851 3859 917 invehitur
3891 853 3967 917 in
4007 873 4225 918 meam
4269 853 4604 933 inscitiam,

2670 940 2843 1025 quia,
2888 960 3092 1022 quum
3136 938 3218 1004 de
3262 938 3659 1004 affirmativa
3704 939 4140 1021 propositione
4182 938 4474 1022 quaestio
4513 960 4605 1005 es-

2668 1036 2787 1106 set,
2831 1026 3173 1110 negativas
3214 1024 3618 1108 protulerim.
3688 1022 3898 1105 Quasi
3933 1045 4086 1089 vero
4120 1024 4195 1088 in
4229 1024 4355 1089 hac
4388 1044 4610 1108 quaes-

2668 1112 2848 1177 tione
2892 1110 3246 1176 affirmatio
3291 1117 3407 1175 aut
3459 1110 3720 1193 negatio
3777 1109 4135 1194 spectanda
4190 1110 4279 1176 sit
4293 1161 4309 1188 ,
4366 1129 4442 1175 ac
4482 1131 4606 1176 non

2667 1199 2886 1281 potius
2930 1196 3046 1262 illa
3087 1195 3434 1280 particula:
3504 1205 3847 1279 quatenus.
3935 1195 4192 1262 Acerbc
4244 1195 4412 1260 mihi
4453 1197 4606 1263 iras·

2667 1285 2840 1350 citur
2897 1282 3072 1366 quod
3127 1282 3323 1347 rebus
3381 1280 3577 1347 818118
3632 1281 3873 1364 ubique
3938 1281 4242 1348 tenebras
4281 1279 4604 1347 obducam.
4629 1283 4644 1300 ⁰

2668 1367 2878 1451 Quasi
2920 1390 3081 1435 vero
3123 1389 3256 1433 non
3298 1388 3527 1433 omnes
3586 1365 3762 1434 docti
3815 1366 4016 1434 simul
4070 1378 4140 1433 et
4179 1366 4427 1433 indocti
4468 1389 4607 1451 per-

2667 1454 3038 1538 spicuitatis
3081 1453 3345 1519 laudem
3386 1452 3551 1517 mihi
3595 1453 3909 1520 tribuant.
3974 1451 4110 1520 Sed
4154 1451 4310 1536 quid
4353 1453 4609 1539 singula

2666 1539 3063 1626 persequor?
3151 1540 3283 1605 Hic
3327 1546 3536 1604 status
3580 1547 3680 1603 881
3721 1540 4237 1606 controversiae:
4282 1537 4608 1622 Numquid

2666 1648 2822 1692 vere
2861 1625 2943 1691 de
2984 1625 3253 1692 Christo
3296 1623 3659 1709 praedicari
3693 1624 3936 1708 possit,
3993 1624 4231 1708 ipsum,
4334 1632 4608 1691 uatenus

2667 1714 2853 1778 Deus
2911 1723 3043 1788 est,
3110 1733 3253 1777 esse
3308 1732 3348 1776 a
3404 1731 3475 1776 se
3532 1710 3722 1793 ipso?
3825 1711 4042 1796 Negat
4097 1710 4225 1777 hoc
4366 1731 4609 1793 pancu-

2667 1798 2787 1863 bus.
2901 1797 3077 1863 Cur?
3204 1796 3381 1879 Quia
3458 1795 3714 1862 Christi
3766 1817 4029 1869 ,nomen
4113 1796 4471 1863 secundam
4543 1799 4609 1861 in

2667 1885 2811 1949 Deo
2882 1903 3232 1966 personam
3299 1881 3601 1966 designet
3677 1881 3785 1949 cui
3859 1882 4092 1948 relatio
4170 1894 4271 1948 est
4340 1881 4426 1948 ad
4503 1904 4607 1967 pa-

2667 1977 2855 2035 trem.
2958 1969 3202 2035 Fateor
3217 2020 3233 2047 ,
3292 1970 3351 2034 81
3396 1974 3730 2051 respectus
3788 1968 3873 2033 ad
3931 1988 4274 2051 personam
4317 1968 4608 2045 habetur,

2667 2077 2801 2121 non
2844 2056 2937 2121 ita
2979 2054 3381 2137 loquendum
3425 2075 3587 2120 esse.
3678 2052 3815 2119 Sed
3872 2052 4047 2131 dico,
4105 2054 4231 2118 hoc
4282 2075 4427 2120 esse
4483 2074 4611 2119 non

2666 2161 2986 2225 personae
3050 2140 3165 2205 sed
3224 2143 3544 2206 essentiae
3603 2138 3911 2225 elogium.
4010 2139 4243 2208 Habeo
4308 2139 4612 2206 idoneum

2669 2229 2865 2293 huius
2928 2226 3327 2310 loquutionis
3381 2237 3678 2292 autorem
3743 2225 4045 2309 spiritum
4111 2234 4443 2305 sanctum,
4509 2226 4613 2309 qui

2667 2313 3031 2379 sententias
3075 2332 3333 2390 omnes,
3386 2313 3624 2395 quibus
3679 2309 3956 2376 αὖτουσία
4000 2312 4127 2377 Dei
4184 2311 4612 2396 praedicatur,

2666 2397 2749 2464 ad
2794 2398 3139 2465 Christum
3180 2399 3397 2474 refert,
3444 2419 3644 2480 quum
3689 2397 3834 2465 aliis
3875 2398 4034 2464 locis
4070 2407 4210 2463 tum
4251 2398 4471 2481 primo
4513 2417 4611 2463 ca-

2666 2486 2801 2569 pite
2844 2484 2927 2549 ad
2970 2484 3326 2550 Hebraeos.
3415 2484 3722 2566 Denique
3775 2486 3934 2550 satis
3989 2485 4071 2549 (18
4128 2506 4200 2549 18
4256 2484 4401 2566 ipsa
4447 2485 4612 2548 inter

2666 2592 2789 2637 nos
2824 2570 3148 2648 convenit,
3193 2569 3323 2635 nisi
3364 2568 3757 2635 insatiabilis
3800 2570 4063 2635 rixandi
4107 2569 4306 2635 libido
4353 2570 4463 2635 vel
4506 2588 4610 2652 po-

2664 2658 2800 2722 tius
2845 2656 3181 2721 muliebris
3221 2656 3608 2738 impotentia
3648 2654 3983 2721 hominem
4026 2656 4369 2740 abriperet.
4448 2656 4612 2722 Con-

2665 2742 2881 2807 tendit
2921 2741 3285 2818 Christum,
3333 2742 3490 2824 quia
3534 2742 3622 2806 sit
3666 2762 3763 2806 tex
3807 2743 4177 2807 substantia
4216 2743 4447 2824 patrie,
4491 2761 4612 2806 non

2667 2850 2706 2893 a
2750 2850 2819 2894 se
2873 2828 3017 2912 ipso
3076 2848 3252 2906 esse,
3326 2847 3529 2910 quum
3587 2825 3852 2892 aliunde
3906 2828 4300 2911 principium
4363 2826 4610 2893 habeat.

2664 2915 2849 2980 Haec
2893 2913 2991 2977 illi
3034 2912 3114 2978 de
3157 2934 3436 2996 persona
3470 2915 3802 2978 confiteor.
3871 2911 4045 2993 Quid
4092 2913 4375 2995 amplius
4410 2910 4610 2997 petit?

2664 3001 2758 3065 Et
2800 2999 3016 3065 adhuc
3058 3000 3260 3065 iactat
3312 2999 3419 3065 hie
3477 3010 3761 3083 nugator
3815 3000 3938 3064 sibi
3999 3020 4115 3082 pro
4158 2999 4298 3064 sola
4342 3000 4614 3065 veritate

2665 3095 2998 3152 certamen
3021 3107 3180 3151 8888.
3250 3083 3460 3166 98881
3483 3108 3638 3150 vero
3673 3085 4020 3168 quisquam
4054 3085 4263 3170 magis
4307 3102 4613 3152 strenuus

2665 3173 2966 3257 magisve
3024 3172 3357 3237 animosus
3414 3171 3523 3237 vel
3578 3194 3728 3236 acer
3781 3172 4084 3241 veritatis,
4138 3171 4447 3238 defensor
4499 3192 4614 3238 un-

2667 3279 2862 3343 quam
2922 3257 3252 3323 exstiterit
3309 3280 3502 3340 quam
3549 3258 3817 3323 Paulus.
3921 3262 4013 3322 At
4073 3256 4377 3324 videmus
4423 3276 4614 3342 quam

2668 3366 2895 3410 severe
2954 3344 3142 3409 nobis
3193 3343 3635 3427 logomachias
3689 3342 4057 3409 interdicat.
4147 3342 4342 3410 Unde
4397 3354 4614 3410 autem

2666 3430 2830 3495 mihi
2876 3431 3387 3495 controversiam
3431 3439 3688 3508 movet,
3747 3429 3878 3494 nisi
3923 3431 4077 3513 quia
4119 3451 4202 3494 ex
4248 3430 4388 3495 eius
4436 3449 4616 3513 prae·

2666 3518 2910 3598 scripto
2955 3536 3089 3580 non
3133 3514 3403 3597 loquar?
3493 3517 3575 3579 In
3619 3537 3692 3580 re
3728 3516 3926 3593 enim,
3985 3526 4061 3580 ut
4105 3514 4262 3594 dixi,
4308 3515 4482 3580 nihil
4525 3524 4616 3579 est

2668 3601 3105 3668 dissensionis,
3196 3600 3374 3681 Quid
3429 3602 3488 3665 si
3545 3601 3925 3685 contigisset
3979 3601 4169 3665 illum
4226 3621 4369 3666 esse
4414 3600 4616 3667 diser-

2670 3686 2859 3753 tum?
2950 3687 3253 3768 Qualem,
3300 3688 3481 3752 Deus
3525 3686 3711 3767 bone,
3757 3685 4174 3772 tyrannidem
4219 3690 4620 3752 exercuisset

2670 3775 2739 3839 in
2782 3773 3089 3856 loquendi
3132 3774 3404 3849 ratione,
3449 3793 3656 3855 quum
3698 3795 3874 3840 nunc
3918 3772 4148 3839 balbus
4183 3782 4250 3838 et
4282 3793 4488 3856 prope
4522 3772 4617 3836 in-

2668 3860 2814 3926 fans
2849 3859 3013 3924 velit
3046 3868 3269 3924 tamen
3305 3880 3424 3923 nos
3464 3858 3546 3922 ad
3570 3880 3725 3925 suas
3753 3858 4059 3943 loquendi
4095 3858 4275 3943 leges
4310 3855 4616 3942 adigere?

2843 3943 2980 4010 Sed
3038 3944 3122 4009 ad
3172 3965 3310 4009 rem
3370 3945 3581 4026 ipsam
3635 3942 3845 4010 redeo.
3935 3945 4181 4011 Fateor
4223 3945 4350 4009 Dei
4407 3944 4621 4008 filium

2671 4053 2812 4098 esse
2855 4053 2896 4096 a
2937 4040 3140 4113 patre.
3228 4030 3460 4112 Itaque
3504 4050 3706 4113 quum
3750 4051 4069 4113 personae
4108 4032 4276 4096 ratio
4317 4030 4617 4107 habetur,

2671 4117 2876 4182 fateor
2920 4136 3071 4181 eum
3115 4136 3250 4181 nou
3293 4137 3434 4181 esse
3483 4135 3524 4180 a
3578 4138 3649 4181 se
3689 4116 3851 4198 ipso.
3941 4114 4166 4196 Quum
4207 4125 4428 4183 autem
4478 4116 4619 4181 abs·

2673 4225 2799 4286 que
2843 4223 3156 4286 personae
3193 4201 3440 4267 intuitu
3478 4202 3559 4266 de
3601 4201 3742 4268 eius
3782 4201 4157 4278 divinitate,
4220 4202 4325 4266 vel
4367 4200 4619 4286 simpli·

2673 4289 2835 4355 citer
2893 4287 2974 4353 de
3031 4288 3345 4368 essentia,
3406 4287 3576 4371 quod
3631 4286 3806 4354 idem
3861 4298 3989 4367 est,
4048 4288 4326 4354 habetur
4382 4308 4619 4364 sermo,

2674 4375 2817 4441 dico
2857 4373 2983 4440 hoc
3023 4395 3181 4441 vere
3223 4371 3304 4439 de
3343 4373 3489 4456 ipso
3523 4373 3888 4456 praedicari
3930 4372 4102 4457 quod
4139 4374 4229 4440 sit
4269 4397 4310 4439 a
4352 4395 4424 4440 se
4460 4376 4616 4458 ipsc.

2677 4460 2845 4542 Quis
2887 4461 3065 4525 enim
3107 4460 3427 4527 hactenus
3480 4458 3605 4525 sub
3656 4460 3921 4527 nomine
3961 4460 4258 4526 Iehovah
4302 4458 4622 4526 contineri

2677 4546 3161 4629 expressionem
3218 4543 3527 4618 αὖτουσίας
3581 4545 3898 4630 negavit?
3984 4546 4113 4611 His
4155 4545 4375 4612 verbis
4418 4566 4620 4630 quum

2677 4631 2848 4697 nihil
2889 4632 2977 4698 sit
3029 4631 3272 4698 clarius
3286 4681 3304 4711 ,
3361 4630 3604 4715 duplici
3660 4632 4050 4699 obscuritate
4108 4632 4422 4716 perplexa
4477 4651 4621 4698 esse

2678 4719 2988 4802 queritur.
3076 4717 3358 4785 Dubitat
3414 4717 3593 4782 enim
3649 4739 3738 4783 an
3792 4719 4112 4784 essentiae
4166 4719 4478 4784 vocabulo
4523 4717 4620 4781 di-

2676 4805 2906 4870 vinam
2947 4804 3200 4871 Christi
3242 4813 3554 4868 naturam
3596 4803 3989 4887 significem,
4045 4825 4130 4869 au
4174 4803 4420 4887 aliquid
4465 4824 4619 4870 con-

2677 4891 2820 4956 fuse
2863 4912 2947 4955 ex
2998 4889 3251 4955 duabus
3304 4889 3559 4954 naturis
3615 4891 3987 4956 conflatum.
4088 4889 4194 4955 Ita
4235 4890 4621 4975 ingeniosus

2678 4977 2915 5042 artifex
2956 4985 3250 5041 monstra
3289 4975 3435 5058 ipsa
3477 4975 3604 5041 sibi
3646 4976 3839 5060 fingit
3883 4988 3960 5041 ut
4002 4975 4248 5059 aliquid
4291 4975 4618 5060 perplexi·

2677 5063 2836 5127 tatis
2877 5062 2948 5127 in
2989 5062 3188 5127 rebus
3230 5060 3445 5146 planis
3477 5061 3796 5128 inveniat.
3860 5061 3998 5129 Sed
4038 5071 4265 5146 postea
4306 5063 4410 5128 sui
4453 5060 4618 5126 obli-

2676 5155 2784 5215 tus
2818 5147 3046 5214 relicta
3078 5146 3364 5214 secunda
3395 5146 3791 5213 obscuritate
3825 5147 3955 5215 8118
3990 5149 4326 5215 1188881111.
4383 5150 4618 5230 Longo

2676 5234 3030 5301 verborum
3086 5233 3362 5300 81188118
3411 5234 3732 5300 conficere
3784 5233 3909 5299 hoc
3963 5233 4185 5301 studet
4198 5284 4215 5315 ,
4275 5234 4619 5301 Christum

2676 5341 2810 5387 non
2851 5340 2995 5386 esse
3037 5341 3080 5385 a
3119 5340 3190 5386 88
3229 5320 3392 5403 11188.
3454 5318 3692 5386 Plures
3732 5319 3805 5385 in
3846 5320 3986 5387 eius
4029 5321 4127 5387 rei
4167 5319 4618 5406 probationem
