4825 6175
216 502 294 565 37
1870 502 2033 565 1545
2079 495 2546 568 FEBRUAR.

1114 687 1260 761 617.

699 840 1174 911 GALVINUS
1216 842 1684 911 FARELLO.

385 1029 669 1096 Petitut
724 1050 1216 1114 operamsuam
1270 1032 1623 1114 intemmmt
1678 1031 2163 1115 apudsuoswt

215 1114 558 1184 Gorderius
605 1115 1062 1184 Genevensibus
1101 1118 1487 1184 concedam.

211 1287 313 1355 (Ex
359 1293 493 1342 auto
592 1288 702 1358 pho
733 1286 859 1343 God.
897 1286 1102 1344 Gener.
1140 1286 1261 1356 106,
1296 1288 1388 1343 fol.
1428 1287 1529 1344 185
1562 1289 1685 1344 coll.
1718 1305 1841 1343 cum
1875 1287 2007 1344 Cod.
2042 1287 2161 1359 111,

306 1356 398 1410 fol.
444 1355 474 1409 1
580 1374 632 1411 v.
667 1357 812 1427 Epp.
848 1358 1014 1410 Bern.
1052 1354 1176 1410 VII.
1213 1375 1268 1428 p.
1304 1354 1410 1411 810
1443 1363 1500 1411 et
1535 1358 1746 1412 Simler.
1781 1358 1910 1412 Vol.
1944 1356 2058 1426 63.)

215 1562 431 1630 Fideli
486 1562 760 1628 Domini
813 1563 1024 1630 nostri
1066 1562 1224 1629 Iesu
1276 1562 1531 1630 Christi
1590 1585 1780 1632 servo
1829 1565 2166 1632 Guilelmo

213 1648 481 1716 Farello
532 1648 1005 1717 Neocomensis
1063 1649 1372 1751 ecclesiae
1430 1650 1681 1735 pastori
1735 1651 1923 1716 fratri
1998 1651 2167 1717 mihi

1011 1754 1367 1801 Oanflmmo.

372 1889 579 1956 Nunc
619 1911 784 1974 opus
836 1897 938 1955 est
991 1898 1070 1956 ut
1120 1898 1189 1956 te
1241 1891 1460 1956 virum
1514 1891 1844 1975 praebeas.
1938 1889 2167 1959 Corde-

211 1978 376 2043 riam
419 1976 633 2041 nostri
673 1974 1103 2041 vehementer
1146 1974 1542 2043 desiderant.
1610 1977 1742 2042 Hic
1777 1977 1860 2043 ad
1894 1997 2168 2043 manum

213 2064 391 2129 vobis
435 2070 541 2127 est
580 2082 915 2128 successor
969 2060 1266 2142 idoneus,
1328 2085 1410 2127 ne
1464 2062 1690 2130 schola
1750 2071 1971 2131 vestra
2016 2061 2166 2132 Gor-

215 2149 369 2217 deuii
412 2146 710 2213 discessu
754 2168 1021 2230 pessum
1064 2157 1191 2213 eat.
1280 2147 1561 2215 Senatui
1617 2158 1809 2216 autor
1864 2171 2007 2216 esse
2051 2171 2168 2215 no·

216 2236 299 2300 lui
341 2240 418 2300 ut
463 2233 724 2317 publice
768 2242 1229 2312 accerseretur,
1291 2235 1495 2300 donec
1554 2257 1659 2301 res
1700 2236 1831 2301 iam
1876 2237 2169 2302 confecta

217 2327 395 2387 esset.
505 2319 680 2384 Nam
733 2318 1005 2403 indigne
1060 2319 1309 2385 laturos
1367 2318 1651 2386 sciebam
1711 2322 1766 2387 si
1827 2322 2016 2386 toties
2061 2342 2166 2386 re·

215 2406 465 2506 pulsam
511 2404 691 2488 passi
733 2426 912 2471 nunc
956 2405 1155 2470 etiam
1195 2405 1364 2470 nihil
1411 2406 1762 2472 efficerent.
1850 2406 2167 2473 Incumbe

283 2492 413 2557 'tur
468 2499 787 2574 quantum
844 2499 1029 2573 potes
1083 2497 1158 2556 ut
1198 2510 1239 2555 a
1282 2491 1468 2558 vobis
1554 2513 1765 2575 uoquo
1807 2490 2002 2557 modo
2053 2513 2168 2557 ex-

215 2513 507 2662 ¹lfiioetur.
598 2575 739 2641 Nec
783 2576 1087 2660 respicite
1130 2576 1343 2643 solum
1393 2512 1551 2660 quid
1608 2578 1795 2644 vobis
1840 2576 2167 2662 expediat,

218 2663 324 2730 sed
380 2684 505 2728 vos
562 2661 712 2727 aliis
779 2682 1036 2745 quoque
1099 2660 1335 2728 debere
1406 2662 1711 2728 nonnihil
1775 2664 2167 2731 existimate.

218 2747 544 2830 Quoniam
585 2768 729 2813 rem
770 2747 891 2812 tibi
935 2749 1177 2831 alioqui
1222 2748 1382 2814 satis
1419 2770 1561 2814 esse
1597 2748 1774 2816 cordi
1810 2757 1986 2816 eerto
2021 2772 2171 2816 sum

218 2854 563 2918 persuasus
629 2843 697 2898 et
760 2834 998 2899 fratres
1061 2855 1194 2899 non
1254 2833 1603 2900 admodum
1670 2833 1969 2903 difficiles
2032 2836 2170 2901 fore

220 2920 483 2998 confido,
546 2918 937 3004 supersedeo
994 2941 1034 2984 a
1090 2918 1495 3002 longioribus
1547 2921 1775 2989 literis.
1881 2921 1962 2989 Si
2003 2921 2171 2987 nihil

219 3005 407 3072 fuerit
449 3006 898 3090 impetratum,
944 3026 1067 3090 ego
1110 3005 1228 3070 tibi
1272 3012 1476 3071 totam
1514 3007 1773 3091 culpam
1811 3008 2169 3093 imputabO.

221 3090 563 3173 Quantum
608 3091 691 3158 ad
736 3101 924 3157 tuum
968 3092 1329 3157 adventum
1374 3102 1641 3176 spectat,
1700 3095 1755 3160 si
1812 3096 1912 3160 vis
1968 3094 2172 3160 bonae

221 3177 364 3244 fidei
418 3178 529 3245 vir
572 3199 612 3243 a
654 3177 841 3243 nobis
894 3177 1190 3256 iudicari,
1254 3178 1353 3244 fac
1396 3188 1471 3243 ut
1514 3188 1580 3244 te
1622 3179 1754 3246 huc
1796 3201 1992 3263 quam
2035 3181 2172 3264 pri-

222 3285 392 3329 mum
462 3264 682 3329 sistas.
800 3263 999 3329 Certe
1069 3263 1124 3329 si
1196 3262 1614 3331 Francisoum
1683 3264 1891 3331 solum
1974 3266 2172 3331 remi·

226 3349 378 3415 seris
432 3350 570 3415 iam
632 3349 762 3415 eris
815 3350 887 3413 in
946 3370 1148 3414 mora.
1237 3348 1456 3415 Nullis
1514 3359 1580 3414 te
1639 3349 2006 3417 rationibus
2047 3352 2170 3415 im·

225 3434 402 3518 pello,
446 3434 605 3520 quia
646 3434 845 3500 fidem
881 3443 1066 3499 tuam
1100 3437 1231 3500 iam
1268 3433 1475 3500 habeo
1510 3437 1908 3503 obstrictam.
1980 3436 2170 3516 Vale,

228 3521 455 3604 optime
499 3528 571 3586 et
612 3520 1032 3606 integerrime
1076 3522 1294 3585 frater.
1383 3521 1733 3588 Fratribus
1767 3533 1835 3589 et
1882 3522 2172 3588 familiae

230 3607 570 3758 &gig-imam
618 3606 919 3673 salutem.
1009 3606 1337 3672 Dominus
1381 3629 1500 3673 vos
1535 3630 1763 3674 omnes
1807 3616 2169 3676 conservet.

388 3691 609 3759 videte
654 3706 730 3757 ut
774 3715 889 3759 vos
932 3714 1158 3759 omnes
1200 3694 1441 3759 amicos
1485 3695 1902 3778 experiamur
1943 3695 2017 3761 in
2058 3696 2171 3761 ob·

234 3778 486 3844 tinendo
535 3776 848 3846 Gorderio.
940 3778 1254 3846 Genevae
1300 3782 1398 3843 25.
1445 3779 1766 3846 Februar.
1823 3786 1984 3845 1545
2013 3785 2083 3858 ¹).

1131 3883 1416 3948 Ioannes
1459 3881 1778 3950 Calvinus
1822 3892 1995 3950 tuus.-

392 4052 736 4120 Franeisoo
791 4052 1090 4136 cupimus
1157 4074 1554 4138 magnopere

241 4157 367 4204 esse
398 4139 793 4206 consultum.
853 4137 989 4205 Sed
1023 4139 1181 4222 quia
1212 4140 1399 4206 vobis
1435 4162 1554 4206 no·

242 4234 337 4290 tus
367 4234 464 4291 est
495 4246 573 4292 ae
604 4224 919 4308 probatus
954 4225 1123 4291 sicut
1156 4225 1363 4303 nobis,
1407 4225 1554 4292 ideo

240 4311 479 4392 parcius
522 4333 675 4376 eum
720 4311 904 4376 vobis
946 4310 1347 4378 commendo,

244 4499 527 4509 ’,κῇ-ρ

270 4614 388 4671 617.
422 4619 476 4683 l)
521 4616 698 4686 Quum
734 4619 796 4670 in
832 4617 1175 4684 autographo
1211 4617 1461 4672 ultimum
1540 4619 1550 4631 “
1582 4619 1693 4671 lum
1744 4618 1826 4685 (5)
1853 4621 2035 4675 minus
2058 4622 2168 4676 dis·

246 4684 387 4738 tm
437 4689 694 4754 scriptum
739 4688 814 4740 sit
858 4686 1182 4740 Turretinus
1227 4686 1306 4740 ad
1347 4703 1401 4740 a.
1451 4686 1552 4740 154
1632 4688 1774 4742 hanc
1817 4691 2033 4761 retulit,
2075 4691 2173 4744 sed

248 4752 337 4830 nbi
370 4756 480 4821 ipse
513 4756 798 4821 diffident&
845 4756 943 4825 qui
976 4755 1046 4809 ab
1080 4771 1142 4809 eo
1174 4755 1426 4823 pendent,
1474 4756 1738 4810 librarius
1775 4756 2074 4813 Bemmaris
2120 4766 2171 4814 et

251 4815 489 4876 Samlerus
522 4825 660 4879 m7u'l
692 4826 935 4879 cunctati
962 4824 1168 4889 falsum
1198 4841 1479 4877 numerum
1509 4832 1906 4893 εωρνεεεενωιί.
1974 4829 2170 4882 Verum

250 4888 379 4943 mazzo
412 4895 616 4961 negotio
649 4910 716 4948 ex
749 4895 1021 4962 proximis
1054 4894 1320 4947 restitues.
1388 4894 1617 4949 Constat
1687 4901 1932 4950 raeterea
1974 4895 2170 4952 corae-

250 4959 373 5010 rt'um
404 4964 509 5013 iam
544 4979 582 5015 a
615 4962 748 5017 1545
788 4964 1154 5018 Lausannam
1206 4962 1538 5031 demiyrasse
1575 4968 1597 5029 (
1664 5004 1680 5019 .
1715 4962 1834 5020 669.
1871 4963 1989 5018 697.
2028 4964 2170 5033 724).

4140 505 4226 569 38

3119 686 3243 760 617
3260 689 3380 757 bis.

2783 824 3216 894 BUOERUS
3261 825 3700 896 GALVINO.

2444 995 2721 1064 Pertinet
2785 996 2873 1064 ad
2932 997 3160 1064 seriem
3220 998 3627 1085 epistolarum
3700 1004 4068 1067 mutuarum
4145 1002 4224 1068 de
4314 953 4321 962 -

2265 1082 2813 1184 superstitionibus
2864 1084 3146 1150 vitandis
3222 1085 3536 1152 occasione
3589 1084 3787 1154 libelli
3855 1084 4222 1154 calviniani

2491 1344 2678 1394 entum
2721 1309 2826 1394 hoc
2871 1339 3136 1410 epistolae
3219 1358 3320 1396 uae
3365 1342 3500 1396 alias
3535 1358 3646 1396 non
3688 1347 3869 1396 exstat
3919 1343 4222 1412 reperimus

2267 1409 2325 1462 in
2374 1409 2514 1462 Bibl.
2549 1409 2721 1463 civica
2766 1408 3048 1463 'turicensi
3270 1408 3397 1464 MS.
3443 1411 3509 1465 F.
3553 1409 3625 1464 46
3671 1411 3801 1465 olim
3848 1411 3990 1481 Epp.
4028 1411 4089 1464 Τ.
4127 1410 4221 1466 XI.

2269 1493 2323 1546 p.
2357 1475 2463 1530 628
2495 1494 2596 1547 per
2629 1493 3010 1532 amanuensem
3045 1477 3364 1547 Hottingeri
3398 1484 3675 1602 scn51ssitum,
3712 1480 3856 1534 unde
3892 1486 3949 1534 et
3982 1479 4220 1549 descrip-

2904 1547 2980 1599 sit
3015 1546 3278 1602 Simlerus
3312 1548 3439 1603 Vol.
3547 1551 3585 1614 .)

2620 1733 2731 1799 Ex
2773 1733 3044 1817 epistola
3084 1734 3330 1802 Buoeri
3372 1735 3458 1803 ad
3502 1712 3878 1806 calvinum.

2444 1905 2554 1971 An
2594 1905 2723 1989 piis
2763 1904 2957 1972 liceat
2998 1906 3202 1972 sacris
3242 1927 3391 1991 pap.
3435 1905 3798 1973 interesse?
3877 1909 3980 1973 26.
4025 1907 4221 1973 Febr.

2277 1994 2462 2056 1545.
2528 1992 2633 2057 De
2667 1992 2861 2057 modo
2905 1999 2972 2057 et
3005 1990 3317 2078 gradibus
3337 1992 3766 2061 confessionis
3789 1993 4222 2078 singulorum,

2270 2078 2431 2143 item
2476 2076 2558 2143 de
2601 2077 3014 2161 quarundam
3074 2080 3636 2144 caeremoniarum
3679 2079 4231 2145 contaminatione

2272 2173 2339 2229 et
2381 2185 2512 2229 usu
2554 2162 2794 2229 haereo
2849 2162 3111 2247 quidem
3167 2163 3402 2244 adhuc,
3463 2164 3578 2230 sed
3636 2185 3827 2249 spero
3866 2163 4232 2230 Dominum

2271 2257 2524 2315 certum
2557 2247 2806 2333 aliquid
2837 2257 2903 2315 et
2938 2250 3020 2314 de
3044 2249 3128 2316 iis
3160 2249 3629 2330 revelaturum,
3666 2251 3781 2316 ubi
3815 2257 3882 2316 et
3912 2250 4230 2316 Wittem·

2271 2334 2698 2419 bergensium
2764 2355 3084 2418 responsa
3158 2357 3307 2401 cum
3352 2337 3487 2402 tuis
3543 2336 3806 2420 scriptis
3871 2336 4229 2402 contulero.

2270 2420 2553 2486 Interim
2599 2441 2639 2485 a
2681 2431 2802 2486 tua
2844 2421 3260 2488 conclusione
3303 2441 3441 2486 non
3483 2422 3802 2487 recedam.
3831 2426 3897 2502 ¹).

3179 2930 3330 3003 618.

2764 3085 3255 3187 MYoomus
3302 3085 3744 3155 oALviNO.

2455 3262 2721 3328 Gratias
2766 3261 2900 3345 ayit
2955 3260 3031 3325 de
3083 3280 3237 3325 novo
3292 3261 3431 3325 eius
3485 3260 3781 3342 opusculo
3833 3266 4052 3327 contra
4100 3259 4233 3327 Pa-

2264 3369 2424 3431 pam
2479 3349 2706 3428 scripto
2770 3351 2827 3412 et
2893 3346 3009 3410 hac
3063 3346 3377 3411 occasione
3438 3349 3674 3411 statum
3727 3365 3944 3410 rerum
3987 3350 4233 3427 protes-

2274 3439 2474 3500 tantes
2516 3434 2680 3498 inter
2722 3437 2777 3498 et
2819 3432 3149 3499 catholicos
3189 3431 3544 3514 perlustrat.

2277 3606 2472 3667 (Manu
2517 3604 2723 3674 scripta
2767 3620 2878 3657 non
2927 3607 3125 3656 exstat.
3211 3602 3377 3656 Edita
3424 3608 3510 3655 est
3556 3620 3589 3655 a
3622 3603 3768 3655 Besa
3802 3599 4007 3656 Gener.
4047 3619 4120 3725 ᾖ
4141 3600 4232 3669 57,

2345 3675 2507 3728 Laus.
2544 3691 2597 3743 p.
2638 3672 2750 3740 131,
2787 3672 3001 3726 Hanov.
3037 3689 3091 3741 p.
3126 3669 3246 3739 147,
3281 3670 3493 3725 Ohouet
3526 3688 3581 3740 p.
3619 3670 3703 3739 75,
3740 3673 3919 3726 Amst.
3953 3688 4008 3741 p.
4121 3672 4162 3738 .)

2452 3830 2601 3913 Ago
2655 3828 2781 3893 tibi
2832 3827 3097 3912 gratias,
3152 3825 3527 3893 doctissime
3574 3824 3847 3904 camno,
3904 3845 4022 3908 pro
4066 3825 4235 3891 libro

2276 3924 2392 3981 tuo
2437 3934 2635 3999 quem
2680 3913 3005 3996 scripsisti
3052 3912 3136 3979 ad
3176 3911 3469 3978 Garozum
3506 3908 3835 3992 Quintum
3861 3909 3926 3996 ¹),
3973 3919 4051 3976 ut
4092 3930 4233 3976 ma-

2276 4002 2448 4066 iores
2523 4020 2860 4083 nequeam.
2981 3997 3344 4075 Profuerit‚
3400 4018 3523 4063 nec
3589 4018 3705 4076 ne,
3777 3995 4049 4081 perinde
4112 4010 4234 4077 est,

2276 4087 2466 4170 quasi
2507 4085 2669 4168 ipsis
2712 4107 2843 4150 non
2880 4084 3081 4150 fuerit
3113 4085 3425 4165 scriptus:
3473 4082 3621 4148 aliis
3654 4094 3880 4148 tamen
3916 4081 4224 4166 proderit.

2276 4174 2469 4252 Nam,
2514 4169 2707 4236 crede
2748 4170 2932 4249 mihi,
2979 4169 3222 4236 habere
3263 4177 3450 4233 tuam
3483 4169 3939 4234 inventionem
3973 4169 4229 4249 saltem,

2322 4279 2445 4325 uae
2487 4258 2592 4341 pie
2636 4256 2946 4322 studiosis
2981 4256 3341 4339 plurimum
3383 4253 3563 4319 valet
3603 4254 3933 4337 prodesse.
4000 4255 4226 4322 Unum

2277 4280 2457 4411 dolet
2497 4341 2663 4408 mihi
2705 4340 2879 4425 quod
2922 4342 3034 4423 qui
3092 4340 3315 4406 attulit
3367 4340 3655 4423 primum
3711 4340 4225 4425 quaternionem,

2276 4430 2434 4496 fecit
2474 4428 2873 4513 illegibilem,
2920 4425 3080 4493 adeo
3116 4426 3381 4492 madore
3418 4426 3639 4492 nescio
3674 4447 3804 4510 quo
3838 4426 4069 4491 literae
4112 4444 4226 4508 pe-

2276 4517 2456 4582 nitus
2501 4522 2660 4581 sunt
2702 4513 2991 4579 abrasae.
3080 4511 3327 4577 Caesar
3373 4513 3430 4576 si
3478 4512 3657 4596 legit,
3712 4514 3777 4576 in
3811 4511 4225 4576 ‘contrarium

2277 4610 2493 4667 motus
2515 4610 2634 4680 est,
2675 4600 2838 4665 adeo
2861 4598 3278 4683 persequitur
3315 4599 3379 4661 in
3405 4597 3633 4681 Belgis
3658 4605 3937 4664 sanctos.
3998 4594 4224 4659 Maria

2273 4690 2504 4771 regina
2524 4691 2597 4763 ²),
2635 4685 3061 4769 Imperatoris
3087 4704 3286 4759 soror,
3333 4704 3468 4747 non
3504 4683 3713 4766 potuit
3754 4681 3920 4747 tueri
3956 4680 4221 4746 sacella-

2306 4941 2422 4997 617
2446 4944 2546 4996 bis.
2593 4940 2651 5005 1)
2704 4939 2896 5008 Ipsum
2945 4939 3151 4994 Bucen·
3206 4940 3494 4994 eonsilium
3545 4944 3737 5007 postea
3799 4935 4004 4991 editum
4053 4937 4220 5006 (Opp.

2276 5012 2425 5067 Galv.
2476 5010 2573 5066 V1.
2608 5008 2732 5078 625)
2763 5024 2941 5063 mense
2977 5008 3138 5063 Maio
3169 5015 3459 5065 exaratum
3490 5013 3582 5062 est.

2302 5081 2441 5136 618.
2477 5079 2534 5141 1)
2577 5078 2721 5134 Cave
2755 5094 2814 5133 co
2853 5080 2954 5133 itas
2989 5078 3058 5132 ds
3089 5078 3346 5146 Supplice
3377 5076 3751 5131 exhortatione
3784 5079 3913 5129 ante
3946 5074 4227 5129 biennium

2274 5149 2439 5205 edita.
2496 5147 2770 5219 Loquittu·
2802 5094 2869 5201 (ἵε
2885 5146 3275 5200 Admonitione
3296 5147 3465 5201 Pauli
3496 5146 3571 5198 ad
3595 5142 3882 5198 Gaesarem
3918 5158 4038 5197 cum
4060 5141 4224 5197 Scho-

2273 5219 2368 5272 liis
2406 5217 2903 5341 Gaffvgffeougb
2964 5214 3103 5285 Opp.
3151 5215 3207 5268 T.
3257 5215 3391 5270 VII.
3437 5212 3542 5267 253
3588 5219 3639 5266 et
3676 5212 3918 5282 Proleqy.
3952 5228 4007 5279 p.
4046 5209 4114 5264 28
4149 5212 4225 5275 cf.

2273 5288 2431 5355 mfm
2485 5354 2545 5422 2)
2580 5353 2852 5409 Ludomet‘
2845 5356 2855 5366 '
2888 5353 3221 5435 Hunqart'ae
3264 5353 3410 5419 regis
3441 5350 3628 5416 vadum'
3678 5350 3872 5418 Belqii
3915 5347 4045 5403 inde
4079 5347 4148 5404 ab
4183 5362 4224 5404 a

2281 5423 2412 5480 1531
2446 5424 2825 5494 quomam-122².
2896 5421 3089 5488 (Slad.
3126 5421 3175 5476 Ι.
3209 5417 3349 5489 457).

3748 5501 3816 5556 3*
