4825 6175
209 465 320 527 625

205 672 384 738 gens,
441 650 689 735 recepit
729 648 1305 735 Ohrysostomum,
1354 652 1791 732 Ambrosium,
1839 652 2134 737 Aquina-

202 750 340 816 tem,
385 758 535 803 cum
579 735 726 802 aliis
766 736 992 820 paucis
1047 757 1211 818 quos
1253 735 1336 801 ad
1381 760 1487 803 me
1531 740 1725 804 misit.
1818 738 1958 807 Our
2004 739 2134 806 Pa-

200 824 509 890 terniana-9
549 821 742 900 dicat,
786 843 856 889 se
883 821 1049 887 duas
1074 830 1294 905 partes
1320 822 1634 889 librorum
1680 826 1953 904 misisse,
1999 848 2133 891 non

202 909 348 976 satis
401 907 716 993 intelligo,
818 907 1023 990 Quali
1096 908 1275 973 enim
1329 907 1719 977 bibliotheca
1770 911 2133 978 instructus

198 997 384 1063 fuerit
422 995 703 1061 Dianius
755 994 955 1077 probe
997 995 1147 1060 scio.
1235 994 1363 1058 Est
1405 996 1764 1063 etiamnum
1808 997 1984 1080 apud
2027 1020 2133 1063 me

199 1080 516 1165 catalogus
559 1101 787 1145 eorum
820 1079 1134 1145 librorum
1164 1078 1539 1147 Paterniani
1583 1104 1780 1147 manu
1818 1086 2130 1166 scriptus:

198 1189 313 1250 quo
354 1176 611 1233 constat
651 1167 990 1249 pulchram
1037 1186 1078 1230 a
1118 1166 1356 1232 Dianio
1411 1167 1880 1248 supellectilem
1923 1170 2131 1235 Lute-

199 1253 315 1317 tiae
365 1252 663 1318 relictam
719 1274 879 1317 esse.
983 1250 1173 1317 Unde
1227 1272 1382 1318 vero
1440 1255 1766 1337 acceperit
1820 1256 1993 1338 quod
2051 1256 2132 1321 de

197 1346 573 1403 testamento
617 1336 851 1403 Diazii
893 1337 1151 1417 scribis,
1206 1337 1404 1406 valde
1460 1340 1679 1405 miror.
1768 1342 1907 1406 Vix
1951 1342 2129 1406 enim

195 1425 378 1508 plura
431 1423 801 1508 intelligere
866 1424 1084 1507 potuit
1144 1444 1344 1507 quam
1405 1445 1526 1491 nos
1583 1426 1727 1508 ipsi.
1829 1427 1998 1504 Nec,
2053 1437 2130 1491 ut

196 1509 482 1589 arbitror,
542 1509 719 1574 aliud
764 1509 1014 1592 accepit
1067 1530 1264 1591 quam
1310 1510 1482 1592 quod
1540 1511 1752 1577 literis
1812 1513 2131 1579 Senon-olei

196 1608 256 1660 et
294 1594 636 1682 ἄπογράφφ,
695 1617 863 1678 quae
919 1617 1001 1660 ex
1060 1616 1167 1660 me
1211 1597 1334 1679 ipsi
1382 1595 1536 1662 data
1579 1608 1753 1675 sunt,
1799 1599 2128 1683 significa-

194 1681 395 1747 batur.
472 1680 802 1764 Equidem
846 1701 924 1745 ea
966 1680 1085 1745 tibi
1129 1681 1426 1747 exhiberi
1467 1683 1894 1749 vehementer
1933 1704 2128 1768 cupe-

194 1788 342 1843 rem,
386 1778 463 1832 ut
505 1788 646 1832 rem
690 1787 951 1832 omnem
1012 1788 1051 1830 a
1106 1766 1425 1850 principio
1477 1768 1900 1853 intelligeres,
1989 1771 2131 1836 Me-

191 1853 344 1916 mini
384 1854 458 1917 in
503 1874 581 1917 eo
626 1861 1019 1918 testamento
1062 1853 1537 1935 perofficiosam
1582 1856 1685 1920 tui
1727 1857 2126 1920 mentionem

192 1938 416 2005 factam
465 1960 506 2004 a
547 1938 816 2017 Dianio,
877 1939 1123 2020 tibique
1181 1939 1431 2023 legatas
1486 1961 1628 2005 esse
1671 1943 2129 2008 annotationes

191 2024 596 2109 theologicas,
640 2022 873 2106 quibus
918 2043 1145 2090 omnes
1187 2024 1387 2089 libros
1432 2046 1585 2091 suos
1629 2026 1824 2110 longe
1867 2028 2128 2110 postha-

190 2109 389 2176 bebat.
459 2109 699 2178 Libros
740 2131 894 2174 vero
927 2110 1178 2194 legatos
1219 2132 1355 2176 non
1398 2113 1685 2176 memini.
1755 2113 1889 2179 Eas
1924 2134 2129 2179 anno·

190 2197 462 2261 tationes
532 2194 904 2262 Senarcleus
966 2198 1060 2260 ait
1136 2217 1176 2260 a
1241 2218 1311 2262 se
1376 2196 1640 2263 relictas
1702 2200 2142 2284 Argentinae,

188 2303 381 2365 quum
424 2282 692 2347 iamiam
738 2302 815 2346 eo
858 2282 933 2344 in
968 2281 1106 2346 loco
1147 2282 1266 2348 tibi
1302 2283 1478 2365 ipsas
1513 2282 1871 2350 obtulisset.
1937 2286 2002 2349 N
2006 2308 2129 2350 un-

191 2385 375 2449 quam
444 2368 623 2433 enim
679 2388 788 2432 eas
848 2367 1040 2450 attigi
1097 2389 1179 2432 ex
1240 2388 1368 2451 quo
1414 2390 1454 2433 a
1501 2367 1738 2434 Demo
1781 2370 2049 2436 discessi
2095 2393 2131 2436 e

187 2452 467 2519 Lutetia.
557 2453 698 2519 Nec
741 2464 917 2518 certe
961 2453 1071 2517 alii
1128 2453 1309 2532 libri,
1369 2464 1628 2537 praeter
1683 2475 1794 2520 eos
1846 2478 2129 2538 quorum

186 2538 309 2602 iam
351 2541 641 2618 memini,
696 2539 777 2604 ad
822 2561 929 2605 me
971 2539 1210 2623 perlati
1254 2552 1424 2606 sunt.
1514 2540 1851 2625 Quidquid
1905 2553 2129 2608 autem

185 2626 354 2706 apud
387 2646 495 2690 me
543 2627 975 2709 Argentinam
1020 2626 1436 2709 proficiscens
1491 2627 1846 2709 reliquerat
1901 2629 2128 2693 statim

185 2712 342 2775 misi.
449 2710 604 2778 Scio
658 2711 820 2776 alias
876 2713 1167 2778 sarcinas
1225 2734 1261 2777 e
1305 2712 1639 2797 Lugduno
1695 2715 2129 2797 Argentinam

186 2794 503 2879 adipsum
527 2808 747 2863 vectas
792 2819 951 2876 esse,
997 2819 1203 2880 quum
1248 2798 1464 2865 adhuc
1507 2799 1646 2864 illic
1681 2808 1921 2881 ageret.
1992 2800 2128 2866 Sed

181 2902 286 2948 eas
307 2904 642 2967 nunquam
668 2882 820 2948 vidi.
888 2885 1234 2962 Mercator,
1281 2885 1544 2967 quicum
1580 2885 1923 2951 familiaris
1968 2898 2126 2967 erat,

182 2967 495 3035 Henricus
558 2971 853 3043 nomine,
921 2992 1031 3035 eas
1098 2972 1372 3035 curavit.
1485 2970 1838 3035 Caeterum
1905 2972 2129 3039 fratris

178 3054 371 3121 etiam
419 3055 516 3121 tui
554 3055 619 3120 in
667 3076 743 3120 eo
788 3063 1180 3122 testamento
1224 3057 1526 3123 meminit
1568 3056 1867 3124 Diazius.
1955 3060 2129 3125 Nam

181 3159 374 3222 quum
421 3143 703 3208 alterum
743 3143 1149 3226 Hispanum,
1204 3166 1244 3208 a
1286 3164 1413 3226 quo
1458 3164 1607 3226 spes
1653 3155 1826 3209 esset
1868 3145 2128 3230 religio-

179 3247 326 3292 nem
368 3230 444 3293 in
487 3229 812 3312 Hispania
855 3230 1225 3311 promoveri
1262 3251 1482 3312 posse,
1542 3250 1689 3294 cum
1744 3230 2129 3298 Paterniano

179 3312 264 3376 ali
304 3335 437 3379 uno
481 3335 654 3379 anno
700 3314 1105 3399 Argentinae
1148 3325 1487 3393 statueret,
1534 3316 1727 3381 simul
1773 3319 1994 3384 fratris
2030 3319 2129 3383 tui

176 3401 585 3482 potissimum
627 3401 946 3466 rationem
992 3401 1221 3467 haberi
1252 3400 1568 3484 cupiebat.
1657 3400 1792 3467 Sed
1836 3413 2129 3486 praestat

180 3492 240 3549 te
292 3488 518 3551 omnia
575 3507 660 3551 ex
732 3487 875 3569 ipso
938 3487 1260 3553 Senarcleo
1315 3487 1698 3572 intelligere.
1800 3491 1902 3555 Ac
1960 3492 2125 3557 mihi

177 3572 434 3654 quidem
471 3572 666 3655 longe
709 3572 1154 3654 gratissimum
1200 3573 1407 3639 fuerit
1448 3575 1504 3638 si
1549 3595 1585 3638 e
1619 3573 1973 3660 Neoburgo
2017 3577 2123 3640 αό-

175 3657 461 3745 εὸγραφον
502 3658 613 3723 vel
654 3660 990 3741 exemplar
1032 3659 1298 3743 aliquod
1332 3661 1787 3743 subsignatum
1833 3665 2122 3729 nancisci

171 3752 395 3830 possis.
464 3748 522 3812 N
530 3769 601 3813 ec
644 3768 800 3812 vero
845 3745 1067 3812 dubito
1103 3748 1262 3829 quin
1307 3767 1485 3811 nunc
1528 3748 1858 3828 pacatiore
1900 3770 2120 3814 rerum

171 3843 343 3900 statu
401 3835 591 3900 facile
643 3841 1084 3915 recuperetur.
1174 3833 1267 3897 Et
1319 3843 1422 3911 tu,
1482 3834 1594 3914 qui
1650 3832 1733 3897 ab
1788 3833 1906 3897 illa
1959 3835 2119 3901 urbe

171 3923 437 4004 propius
479 3922 632 3985 abes
677 3940 873 4002 quam
919 3939 1035 3984 nos
1077 3919 1222 4001 ipsi,
1264 3925 1331 3982 et
1365 3917 1469 3982 cui
1515 3918 1867 3984 certiorum
1912 3918 2121 3986 homi-

169 4028 324 4072 num
368 4015 654 4090 potestas
689 4016 807 4083 est,
849 4004 1084 4070 melius
1118 4004 1184 4068 id
1232 4004 1499 4069 omnino
1533 4013 1869 4087 praestare
1911 4017 2114 4089 potes.

168 4090 258 4158 Ut
309 4114 466 4177 ergo
519 4091 587 4157 id
644 4112 866 4169 cures,
926 4091 1235 4156 maiorem
1291 4089 1363 4153 in
1423 4089 1690 4155 modum
1740 4112 1780 4155 a
1836 4097 1904 4157 te
1944 4103 2113 4176 peto.

167 4175 337 4244 Nam
382 4199 500 4262 pro
541 4179 686 4242 iure
730 4176 1083 4253 amicitiae,
1141 4197 1307 4260 quae
1365 4174 1534 4240 mihi
1589 4183 1744 4241 ante
1800 4187 2115 4260 quatuor-

169 4262 376 4330 decim
421 4284 625 4329 annos
663 4282 811 4327 cum
857 4262 1092 4328 Diazio
1132 4261 1667 4348 coniunctissima
1707 4262 1853 4339 fuit,
1913 4263 1994 4328 de
2038 4287 2114 4331 ea

169 4369 238 4415 re
280 4350 599 4416 sollicitus
641 4368 785 4415 esse
826 4348 1046 4414 debeo.
1134 4347 1407 4414 Accedit
1449 4348 1769 4412 institutio
1812 4349 2115 4418 haeredis

168 4455 296 4535 qua
339 4437 549 4520 magis
584 4437 782 4500 etiam
827 4433 1176 4500 devincier.
1265 4431 1478 4514 Saepe
1521 4453 1776 4498 mecum
1821 4436 1961 4518 ipse
2006 4459 2111 4503 co-
2171 4503 2172 4506 ,

165 4522 394 4606 gltavi,
437 4541 566 4604 qua
606 4521 718 4586 via
759 4528 1222 4586 testamentum
1267 4518 1431 4584 illud
1474 4541 1945 4603 recuperarem,
1991 4539 2112 4590 nec

167 4605 302 4672 ulla
343 4627 416 4673 se
458 4607 625 4671 mihi
664 4605 994 4672 offerebat.
1083 4606 1252 4671 Eam
1289 4607 1346 4669 si
1389 4614 1462 4671 tu
1497 4627 1674 4672 nunc
1716 4608 1885 4672 mihi
1927 4618 2111 4692 pate-

165 4689 384 4772 facias,
429 4713 668 4777 magno
710 4713 816 4757 me
859 4690 984 4756 tibi
1025 4692 1287 4757 vinculo
1332 4691 1719 4777 adstringes.
1767 4730 1850 4738 —
1898 4731 1967 4742 --
2026 4732 2106 4743 -

166 4809 252 4826 ——
291 4815 379 4826 —
421 4813 507 4825 ——
549 4777 772 4859 Quum
827 4785 977 4842 ante
1035 4775 1197 4842 duos
1249 4797 1509 4843 menses
1549 4799 1760 4844 essem
1801 4779 2110 4847 Lutetiae

172 4861 631 4931 Paterninum
683 4861 1102 4946 quaerebam,
1172 4865 1247 4928 u't
1310 4862 1391 4928 de
1445 4864 1551 4930 his
1603 4863 1903 4931 omnibus
1958 4886 2105 4932 cum

168 4947 309 5033 ipso
349 4970 630 5035 agerem.
716 4950 910 5016 Nunc
968 4970 1008 5013 a
1062 4969 1170 5014 me
1228 4949 1570 5015 inventum
1622 4971 1754 5016 non
1798 4971 1944 5017 esse
1985 4955 2107 5018 mi-

169 5035 346 5101 nime
386 5037 606 5101 miror.
697 5034 970 5101 Gaudeo
1014 5056 1171 5100 vero
1224 5036 1438 5117 ipsum
1492 5035 1640 5101 istic
1683 5045 1898 5101 tecum
1943 5059 2106 5120 esse,

168 5119 283 5187 nbi
325 5122 606 5188 multum
649 5122 959 5203 proficere
1018 5126 1086 5185 et
1140 5121 1250 5205 pia
1305 5121 1525 5186 studia
1581 5122 1916 5188 commode
1959 5146 2106 5207 pro-

167 5226 430 5274 movere
471 5208 701 5291 possit,
761 5214 838 5273 ut
889 5206 997 5291 pio
1040 5205 1270 5274 Diaeii
1319 5207 1530 5274 nostri
1583 5217 1738 5274 voto
1798 5230 1953 5274 vere
2004 5232 2109 5276 ro-

165 5291 495 5375 spondeat.
562 5293 707 5378 Ego
746 5313 866 5359 vos
909 5313 1043 5358 una
1072 5294 1290 5361 salvos
1332 5315 1494 5374 esse,
1533 5293 1907 5378 multosque
1947 5296 2108 5364 His·

166 5396 373 5463 panos
411 5385 637 5447 vestro
678 5378 979 5461 exemplo
1021 5378 1104 5445 ad
1152 5378 1499 5446 Christum
1540 5379 1774 5447 adduci
1817 5391 2107 5467 peropto.

375 5477 594 5536 caum
616 5494 803 5550 opem.
878 5481 993 5538 701.
1032 5481 1183 5538 ΧΗ.

1902 468 2062 528 1547
2107 462 2525 532 NOVEMB.

4072 482 4200 546 626

2238 653 2571 722 Dominus
2613 654 2873 738 piorum
2918 656 3214 722 omnium
3260 666 3417 727 vota
3474 667 3543 728 et
3596 680 3823 746 preces
3864 666 4199 745 exaudiat,

2237 746 2314 805 ut
2356 740 2531 825 apud
2575 761 2805 808 omnes
2840 742 3139 808 nationes
3183 764 3257 810 re
3303 768 3464 813 num
3523 749 3730 832 ipsius
3773 771 3970 833 quam
4012 753 4199 820 latis-

2238 825 2406 893 sime
2450 834 2866 911 propagetur.
2956 828 3143 896 Bene
3185 853 3233 896 v
3299 854 3352 899 e.
3445 832 3760 901 Genevae
3803 836 4014 919 pridie
4054 838 4195 906 Cal.

2235 911 2546 979 Decemb.
2601 916 2779 978 1547.
2802 915 2861 992 2)

3008 1210 3421 1222 m

3137 1445 3285 1516 972.

2793 1598 3144 1668 PAGIUS
3187 1601 3615 1670 FALESIO.

2407 1767 2714 1835 Hortatur
2754 1775 2824 1835 ut
2859 1790 3002 1836 oum
3048 1771 3315 1839 Pollano
3356 1774 3427 1839 in
3465 1775 3747 1858 qratiam
3789 1777 4015 1844 redeat.

2235 1937 2485 2005 (Initium
2531 1944 2744 1994 tantum
2800 1941 3092 2012 descripsit
3139 1944 3402 1998 Simlerus
3450 1945 3575 2000 Vol.
3623 1946 3693 2000 65
3737 1963 3805 2001 ex
3853 1951 4190 2020 autographo

2234 2007 2362 2061 eod.
2408 2008 2699 2062 Ulstetteri
2748 2010 3253 2080 Argentoratensis,
3301 2029 3462 2083 quem
3509 2016 3750 2070 nondum
3792 2019 4191 2073 contuleramus

2235 2093 2401 2151 quum
2436 2077 2688 2131 incendio
2734 2079 2828 2134 illo
2874 2096 3151 2151 nunquam
3187 2081 3321 2134 satis
3357 2083 3590 2152 lugendo
3627 2085 3873 2153 perierit,
3909 2086 4002 2143 fol.
4040 2087 4186 2155 197.)

2349 2248 2449 2313 Ad
2492 2240 2803 2315 Iacobum
2851 2271 2891 2315 a
2932 2250 3325 2337 Burgundia
3368 2254 3668 2322 Falesiae
3712 2255 4069 2325 dominum.

2406 2383 2649 2451 Servet
2690 2393 2759 2450 te
2801 2385 3108 2453 Christus
3152 2390 3346 2455 unica
3389 2391 3566 2456 salus
3609 2401 3854 2458 nostra.
3946 2394 4192 2462 Olaris-

2234 2471 2398 2536 sime
2443 2471 2565 2551 vir,
2612 2492 2815 2554 quum
2859 2492 3117 2556 semper
3161 2475 3646 2542 Dominationis
3705 2489 3853 2544 tuae
3896 2481 4193 2565 sing-ula-

2234 2576 2376 2620 rem
2421 2556 2944 2622 benevolentiam
3004 2581 3162 2644 erga
3211 2582 3316 2626 me
3374 2563 3953 2631 animadverterim
3973 2618 3987 2644 ‚
4043 2566 4192 2634 ideo

2234 2639 2544 2707 audaeior
2598 2663 2775 2708 nunc
2832 2645 2926 2708 fui
2978 2645 3175 2711 hasce
3232 2646 3313 2711 ad
3367 2654 3432 2713 te
3533 2649 3891 2716 erscribere
3947 2651 4188 2721 literas.

2237 2727 2455 2793 Audio
2512 2748 2647 2794 non
2705 2729 2850 2795 sine
2910 2751 3152 2815 magno
3221 2733 3423 2799 animi
3474 2670 3727 2811 dolore,
3800 2737 4192 2807 acerrimum

2235 2812 2584 2879 dissidium
2639 2814 2814 2880 inter
2870 2817 2942 2881 Τ.
2992 2818 3072 2883 D.
3122 2828 3190 2883 et
3233 2820 3318 2884 D.
3396 2820 3830 2886 Valeo-andum
3886 2833 4190 2891 exortum

2233 2919 2411 2978 esse,
2467 2899 2640 2982 quod
2704 2910 2881 2966 certe
2940 2903 3168 2968 multis
3221 2903 3410 2971 bonis
3454 2907 3615 2972 viris
3659 2907 3945 2973 multum
3989 2907 4187 2977 dolet.

2235 2984 2459 3064 Quum
2494 3007 2655 3052 vero
2690 2996 2981 3053 servator
3010 2997 3230 3055 noster
3267 2990 3616 3075 diligenter
3650 2992 3999 3060 admodum
4036 3017 4190 3064 suos

2234 3071 2539 3137 hortetur
2582 3072 2664 3137 ad
2709 3093 2933 3140 veram
2980 3075 3319 3141 caritatem
3373 3087 3441 3142 et
3498 3075 3579 3142 ad
3639 3078 4188 3151 condonationem

2235 3157 2542 3236 offensae,
2589 3160 2645 3223 si
2689 3179 2822 3242 qua
2853 3162 3240 3242 intercessit,
3285 3171 3364 3229 ut
3396 3163 3740 3231 redeamus
3775 3166 3848 3230 in
3884 3169 4185 3252 gratiam,

2233 3244 2291 3307 si
2335 3242 2527 3309 modo
2569 3242 2788 3309 Deum
2835 3254 3090 3329 patrem
3147 3248 3337 3315 nobis
3380 3250 3737 3333 propitium
3786 3251 4028 3320 habere
4074 3277 4186 3320 vo-

2229 3328 2476 3395 lumus:
2523 3328 2763 3396 idcirco
2807 3332 3084 3415 supplex
3148 3355 3382 3400 moneo
3426 3343 3492 3401 et
3536 3357 3692 3421 rogo
3734 3339 3808 3402 Τ.
3856 3340 3941 3404 D.
3988 3342 4189 3406 susti·-

2230 3435 2387 3481 nere
2434 3416 2594 3481 velit
2632 3424 2709 3480 nt
2748 3416 2872 3482 hoc
2918 3418 3263 3485 dissidium
3321 3422 3768 3507 qualecunque
3820 3446 3940 3507 per
3982 3426 4184 3493 bonos

2230 3511 2297 3564 et
2349 3502 2490 3584 pios
2548 3502 2725 3568 viros
2778 3505 3078 3586 componi
3127 3507 3351 3588 possit.
3452 3509 3739 3574 Videtur
3793 3511 3973 3576 enim
4015 3513 4185 3580 mihi

2245 3586 2642 3653 Valerandus
2677 3588 2839 3654 alias
2883 3591 2988 3654 vir
3031 3612 3164 3656 non
3208 3592 3423 3660 malus
3465 3616 3626 3674 esse,
3685 3596 3765 3661 de
3808 3619 3937 3679 quo
3982 3601 4180 3665 etiam

2227 3671 2422 3738 audio
2467 3673 2637 3757 quod
2683 3674 2800 3739 tibi
2845 3676 2913 3739 in
2957 3676 3153 3743 rebus
3196 3679 3328 3743 tuis
3371 3701 3503 3745 non
3549 3681 3897 3747 infeliciter
3940 3687 4182 3751 servie-

2226 3758 2349 3837 rit,
2411 3767 2479 3824 et
2533 3768 2707 3826 certe
2763 3781 2912 3825 cum
2968 3782 3209 3846 magno
3265 3766 3553 3847 periculo
3610 3767 3784 3832 vitae
3839 3789 4010 3835 suae.
4102 3769 4181 3838 Si

2225 3865 2380 3928 ergo
2430 3853 2562 3909 tam
2608 3846 2820 3911 multa
2864 3845 3130 3914 Christo
3176 3849 3449 3930 donasti,
3496 3850 3698 3918 dones
3757 3874 4012 3938 quoque
4055 3857 4180 3924 hoc
4219 3904 4225 3910 -

2223 3929 2339 4008 illi,
2388 3931 2447 3995 si
2490 3931 2647 4015 quid
2690 3933 2855 3997 forte
2899 3932 2980 3997 ab
3025 3955 3101 3998 eo
3133 3935 3216 3998 ‘in
3263 3948 3326 4000 te
3370 3949 3708 4019 peccatum
3753 3948 3869 4005 est.
3961 3941 4180 4022 Offert

2222 4016 2333 4081 ille
2377 4038 2449 4081 se
2492 4017 2575 4082 ad
2620 4037 2880 4083 omnem
2924 4020 3320 4102 aequitatem
3366 4027 3467 4088 etc.
3495 4026 3542 4106 ¹)

2976 4313 3381 4324 *—

3122 4532 3275 4606 973.

2604 4683 2955 4751 GALVIN
2999 4688 3064 4751 A
3106 4688 3199 4754 M„
3247 4686 3374 4753 DE
3417 4686 3779 4755 FALAIS.

2385 4855 2640 4921 Dbtaas
2660 4856 2894 4922 oubbibs
2916 4879 2998 4924 ou
3024 4858 3301 4944 ηέρῖίρὲε
3321 4859 3485 4923 dans
3507 4859 3575 4925 la
3593 4860 4163 4942 lemeprdcedente.

2246 5129 2388 5185 9¹72.
2418 5061 2484 5197 ig
2520 5060 2632 5117 Μ
2783 5064 3176 5214 ῗῖιεῖἰῖαᾶῗᾝ.
3214 5129 3458 5186 Det-emb.
3506 5147 3703 5215 respon·
3705 5133 3847 5189 derit
3890 5137 4035 5195 hanc
4082 5143 4163 5198 ad

2207 5199 2370 5266 finem
2412 5215 2483 5252 m.
2592 5202 2857 5255 ovombns
2911 5202 2997 5256 vel
3047 5204 3265 5255 indum
3320 5199 3636 5256 Decembris
3677 5209 3950 5270 peremere
3988 5216 4158 5278 patet.

2216 5267 2496 5322 Caeterum
2531 5270 2797 5324 nescimus
2829 5279 3013 5324 utrum
3049 5271 3117 5325 ab
3149 5270 3271 5338 ipso
3293 5268 3526 5324 Pollam
3557 5277 3789 5340 rogatus
3819 5290 3896 5329 an
3926 5283 4157 5349 proprio

2209 5342 2358 5390 motu
2392 5335 2460 5391 de
2491 5337 2868 5394 condictione
2899 5337 3143 5395 ineunda
3176 5354 3299 5393 cum
3335 5337 3579 5393 Fallacia
3611 5343 3795 5409 egerit,
3841 5360 4013 5415 neque
4044 5366 4154 5419 quo

2200 5411 2368 5475 pacto
2400 5404 2492 5460 ille
2520 5406 2682 5462 rebus
2714 5407 2882 5463 latim
2911 5409 3038 5464 olim
3069 5408 3336 5463 sembi-it.
