4825 6175
639 439 761 501 291

637 621 941 707 publicae
974 617 1441 701 caeremoniae,
1482 618 1718 702 quibus
1751 624 1820 685 et
1838 616 2025 685 Deus
2057 618 2366 704 obsignat
2399 639 2589 684 suam

638 708 828 775 nobis
870 706 1412 785 benevolentiam,
1458 725 1579 772 sua
1621 703 1808 784 dona,
1855 712 1923 770 et
1962 704 2211 789 colligit
2251 706 2322 770 in
2366 704 2591 769 unita-

636 800 773 859 tem
817 793 1124 876 corporis.
1180 792 1288 857 De
1329 791 1568 877 quibus
1601 791 1734 857 iam
1775 810 1910 855 non
1943 791 2202 856 institui
2236 790 2588 874 disputare.

635 880 744 948 Ita
786 879 1053 945 omnino
1096 898 1344 945 novum
1398 876 1565 944 mihi
1608 877 1823 943 visum
1876 884 2011 956 est,
2067 876 2240 958 quod
2282 875 2591 942 videbam

636 972 705 1031 te
758 973 1053 1033 veterem
1122 963 1303 1029 illam
1364 962 1842 1047 expositionem
1900 962 2247 1029 verborum
2306 960 2588 1028 Christi:

636 1050 786 1118 Hoc
829 1059 930 1116 est
970 1071 1207 1134 corpus
1248 1070 1505 1130 meum,
1547 1047 1620 1113 id
1660 1056 1791 1128 est,
1845 1049 2039 1133 panis
2081 1049 2408 1149 significat
2448 1068 2591 1148 cor-

634 1134 2593 1303 ttsztffitiffiffiffitzssffinffinasssstszt

636 1328 762 1374 nec
818 1308 1075 1373 reiecta.
1161 1306 1408 1372 Petrus
1451 1305 1869 1372 Lombardus
1922 1305 1995 1371 in
2048 1305 2394 1371 sententiis
2453 1306 2591 1372 suis

633 1395 890 1477 primus
932 1391 1189 1476 publico
1232 1393 1475 1476 scripto
1519 1411 1898 1476 oppugnare
1940 1393 2172 1474 coepit,
2218 1411 2589 1475 quanquam

634 1500 770 1545 non
811 1480 1117 1557 nesciam,
1162 1498 1273 1544 eos
1315 1479 1429 1562 qui
1472 1476 1927 1544 contradixere
1960 1477 2367 1562 Berengario
2400 1478 2593 1542 initia

632 1566 696 1631 ei
730 1563 1142 1630 damnationi
1176 1563 1641 1648 suppeditasse.
1699 1563 1955 1629 Verum
1995 1562 2158 1630 haec
2201 1584 2332 1628 non
2377 1564 2590 1629 scribo

634 1659 713 1716 ut
754 1659 974 1717 tecum
1032 1649 1391 1733 disputem,
1448 1656 1564 1714 aut
1603 1656 1671 1714 te
1714 1669 2064 1732 provocem
2117 1649 2190 1714 in
2232 1656 2589 1728 certamen,

636 1736 752 1803 sed
794 1744 870 1801 ut
911 1734 1248 1819 intelligas
1291 1757 1410 1801 cur
1450 1734 1526 1800 in
1567 1736 1918 1818 postremis
1961 1735 2126 1800 meis
2170 1734 2264 1801 sic
2307 1734 2585 1818 scripse-

634 1821 795 1901 rim,
853 1827 969 1886 aut
1018 1820 1337 1905 quidnam
1394 1819 1561 1886 illud
1616 1821 1702 1886 sit
1755 1820 1928 1905 quod
1970 1821 2043 1885 in
2085 1821 2220 1886 tuis
2260 1841 2394 1886 non
2436 1841 2588 1903 pro-

631 1907 790 1974 bare
834 1906 1094 1990 possim.

806 1990 959 2059 Scio
1014 1991 1376 2075 plurimum
1438 1990 1642 2058 tribui
1697 1989 2079 2058 concordiae
2122 2013 2273 2058 cum
2315 1989 2588 2056 Duthero

627 2075 926 2228 initae?
1014 2077 1368 2145 Caeterum
1434 2097 1558 2161 ego
1623 2098 1757 2142 non
1819 2075 2008 2142 video
2062 2076 2274 2159 qualis
2328 2075 2446 2142 illa
2501 2076 2590 2141 sit

628 2185 865 2231 concor
909 2163 976 2228 ia
1020 2184 1218 2246 quam
1264 2162 1581 2229 Lumerus
1622 2182 1965 2245 nunquam
2009 2162 2230 2230 violat.
2286 2160 2439 2227 Non
2482 2183 2586 2227 ar-

626 2249 837 2316 bitror
874 2269 1014 2332 ego,
1061 2269 1290 2314 omnes
1325 2268 1446 2331 per
1480 2247 1911 2314 Germaniam
1952 2269 2102 2315 cum
2139 2269 2217 2314 eo
2255 2268 2397 2314 esse
2432 2267 2585 2312 con-

628 2334 874 2414 cordes,
919 2334 1095 2417 quod
1139 2334 1382 2411 scribit,
1428 2332 1605 2413 dicit,
1648 2334 1998 2417 praedicat,
2044 2342 2234 2418 urget
2274 2341 2343 2399 et
2375 2333 2586 2400 incul-

629 2429 762 2499 cat,
818 2421 1221 2504 ipsissimum
1262 2419 1535 2485 Domini
1588 2439 1825 2504 corpus
1884 2420 1954 2484 in
2009 2439 2133 2485 sua
2187 2419 2477 2484 essentia
2517 2426 2587 2484 et

626 2514 866 2573 natura
909 2506 1242 2588 integrum
1285 2526 1421 2570 non
1466 2505 1688 2571 minus
1732 2504 1838 2570 edi
1873 2526 1913 2570 a
1945 2504 2114 2570 Iuda
2155 2512 2220 2570 et
2252 2504 2585 2588 proditore

670 2590 918 2657 uolibet
959 2612 1156 2673 quam
1202 2611 1243 2656 a
1286 2589 1357 2657 S.
1403 2590 1624 2656 Petro.
1714 2589 1791 2657 Si
1832 2611 1992 2657 vero
2035 2592 2107 2656 in
2151 2591 2274 2656 hoc
2316 2611 2583 2656 concor-

714 2685 791 2742 nt
843 2698 992 2743 cum
1049 2678 1193 2759 ipso
1211 2727 1229 2755 ,
1283 2685 1460 2741 certe
1516 2675 1913 2743 concordant
1967 2696 2118 2743 cum
2169 2677 2584 2743 Antichristo

675 2784 817 2846 apa,
862 2783 985 2829 nec
1028 2769 1128 2829 est
1171 2761 1344 2846 quod
1386 2783 1595 2845 usque
1629 2761 1790 2827 adeo
1824 2762 2204 2847 vituperent
2237 2763 2581 2846 sophistas.

624 2784 708 2915 gi
750 2856 969 2914 autem
1014 2848 1088 2912 in
1132 2846 1257 2914 hoc
1301 2854 1402 2913 est
1442 2846 1788 2913 concordia
1840 2849 2015 2931 quod
2071 2851 2212 2932 ipse
2258 2849 2584 2914 Dominus

627 2954 772 2999 sese
837 2933 1028 3000 nobis
1107 2932 1480 3017 praebuerit
1542 2934 1613 2998 in
1676 2953 1869 3000 cruce
1947 2933 2164 3001 cibum
2226 2934 2581 3013 vivificum,

627 3039 822 3105 quem
867 3018 997 3085 fide
1040 3040 1199 3087 vera
1241 3019 1636 3105 percipimus
1679 3027 1758 3084 ut
1799 3020 1985 3086 vivat
2024 3021 2094 3086 in
2137 3020 2324 3086 nobis
2362 3028 2432 3085 et
2465 3041 2584 3085 nos

624 3106 699 3172 in
733 3107 893 3189 ipso,
931 3104 1126 3188 idque
1162 3112 1609 3189 repraesentet
1642 3111 1921 3171 testetur
1953 3114 2023 3171 et
2054 3107 2357 3191 obsignet
2383 3125 2586 3173 coena

624 3192 701 3257 in
742 3212 873 3275 qua
917 3190 1271 3259 visibiliter
1326 3191 1400 3255 in
1440 3211 1651 3256 unum
1712 3212 1948 3275 corpus
2002 3192 2413 3277 colligamur,
2471 3192 2584 3275 qui

624 3278 868 3362 spiritu
933 3285 1002 3343 et
1065 3297 1389 3344 consensu
1451 3276 1638 3361 prius
1701 3297 1915 3343 unum
1979 3299 2133 3345 cum
2190 3277 2459 3345 Christo
2516 3284 2586 3344 et

623 3362 930 3429 omnibus
989 3362 1235 3429 sanctis
1277 3362 1430 3427 facti
1471 3383 1702 3429 sumus
1754 3369 1906 3430 etc.:
1971 3364 2104 3429 iam
2170 3363 2584 3429 concordiam

622 3448 832 3515 violat
873 3447 1195 3514 Lutherus
1236 3448 1348 3532 qui
1391 3448 1487 3514 sic
1529 3449 1889 3515 sentientes
1943 3449 2350 3516 condemnat.
2437 3449 2583 3515 Nisi

622 3554 786 3600 vero
829 3541 898 3599 te
943 3553 1233 3599 amarem
1268 3540 1336 3598 et
1368 3532 1668 3614 colerem,
1713 3534 2215 3619 haudquaquam
2249 3535 2319 3600 in
2360 3534 2582 3601 sinum

623 3626 814 3686 tuum
857 3618 1263 3685 effunderem
1306 3617 1469 3686 haec
1512 3639 1678 3699 mea
1725 3618 2015 3688 Μαθθαῖος
2057 3622 2462 3690 suavissime.

797 3704 994 3785 Quod
1037 3726 1194 3772 vero
1238 3707 1571 3771 communi
1613 3727 1812 3789 opera
1845 3713 1914 3771 et
1947 3707 2186 3792 spiritu
2228 3706 2583 3774 concordes

622 3790 695 3857 in
736 3789 1009 3857 Christo
1062 3799 1137 3856 tu
1181 3799 1249 3858 et
1290 3791 1529 3875 reliqui
1588 3800 2004 3877 symmystae,
2047 3814 2195 3859 cum
2240 3792 2506 3859 Hauero
2521 3796 2583 3873 ⁴)

623 3876 970 3945 ecclesiam
1027 3876 1372 3945 aedificare
1427 3885 1496 3943 et
1548 3897 1938 3945 conservare
1994 3879 2329 3964 cogitatis,
2386 3879 2584 3945 valde

624 3985 733 4029 me
790 3962 1158 4030 oblectavit.
1243 3963 1452 4029 Faxit
1490 3962 1802 4030 Christus
1855 3971 1931 4030 ut
1971 3965 2065 4032 sic
2106 3965 2395 4050 pergatis
2437 3964 2582 4030 feli-

625 4050 810 4116 citer.
898 4048 1205 4115 Hallerus
1259 4048 1449 4114 nobis
1490 4069 1627 4115 non
1754 4048 1884 4115 tuit
1919 4051 2080 4117 satis
2122 4048 2584 4136 depraedicare

624 4144 918 4202 vestram
993 4133 1473 4200 humanitatem
1540 4141 1610 4200 et
1750 4136 2208 4203 nevolentiam.

711 4220 973 4288 llicetur
1052 4220 1249 4285 fidem
1314 4229 1383 4286 et
1454 4220 1794 4287 caritatem
1869 4234 2173 4289 mutuam

623 4242 896 4374 gohristo
938 4305 1228 4372 Domino
1271 4306 1396 4373 tibi
1438 4313 1507 4372 et
1549 4308 1852 4374 omnibus
1893 4308 2023 4393 piis
2066 4308 2260 4374 fratri
2305 4330 2383 4374 us
2426 4307 2586 4374 fide-

622 4393 779 4459 liter
819 4389 1375 4459 commendamus.
1420 4390 1612 4472 Vale,
1657 4393 1991 4460 carissime
2031 4394 2127 4459 mi
2169 4393 2475 4473 Mascula,
2520 4407 2589 4460 et

625 4500 733 4545 me
776 4499 946 4546 ama.
1036 4475 1347 4544 Salutant
1388 4484 1457 4543 te
1499 4478 1737 4544 fratres
1788 4500 2039 4547 omnes.
2126 4476 2467 4547 Salutabis
2508 4487 2585 4546 tu

626 4564 817 4632 nobis
860 4583 1090 4631 omnes
1131 4571 1536 4649 symmystas
1577 4564 2084 4633 colendissimos.
2135 4566 2368 4652 'sigui-i
2400 4566 2582 4633 festi·

623 4650 1013 4717 nantissime
1062 4652 1158 4715 18.
1203 4647 1521 4716 Februar.
1564 4654 1747 4716 1546.
1763 4648 1821 4738 ⁶)

1634 4785 1724 4853 H.
1767 4786 2196 4873 Bullingerus
2236 4796 2409 4856 tuus.

2296 4136 2585 4238 Ideoque

2292 4244 2447 4288 uam
2509 4244 2585 4288 in

674 5106 687 5121 ·
804 4967 897 5121 ἐξ
930 4968 1314 5107 aliaest&
1346 5039 1658 5164 Ammon·
1685 5041 2085 5099 Vindelicos-um
2118 5050 2341 5101 vocam
2371 5045 2585 5115 t'bo'per

627 5107 906 5164 bosnam
933 5113 1180 5175 pasione
1213 5110 1289 5164 ad
1327 5108 1387 5164 8.
1506 5126 1613 5164 nae
1645 5127 1866 5169 munere
1894 5113 2123 5179 functus
2155 5118 2250 5169 eet.

836 5173 899 5244 5)
943 5174 1064 5246 Quo
1098 5177 1188 5233 die
1221 5177 1498 5235 Lamenta
1533 5180 1687 5237 obiit.

1402 5373 1808 5380 -.---.-.-,---,

2187 427 2715 497 ΕΡῙΒΤΟΙιΑΕ
2759 428 2795 490 7
2801 430 3009 492 69-’1
3015 432 3051 490 7
3061 432 3090 491 1

4516 435 4612 498 292

3596 617 3747 691 wo,

3051 769 3725 839 BULLINGERUS
3770 768 4294 840 SCHULERO.

2873 942 3000 1025 Qui
3064 942 3124 1007 ei
3187 943 3575 1025 quaestiones
3637 943 3948 1026 quasdam
4009 948 4069 1010 et
4129 945 4514 1027 defflmuones'
4358 945 4373 960 ’
4559 948 4618 1015 de

2693 1048 2883 1180 m
2925 1027 3197 1095 Domini
3226 1034 3643 1111 proposuerat
3697 1031 3830 1095 iam
3868 1030 3972 1097 hic
4011 1030 4343 1097 ventilatas
4384 1037 4441 1098 d
4475 1033 4618 1117 refu-

2696 1285 2808 1353 (Ex
2844 1284 3038 1340 eodem
3074 1286 3351 1340 volumine
3386 1302 3452 1339 ac
3482 1285 3814 1356 praecedens
3847 1286 3940 1340 fol.
3975 1302 4091 1356 seq.
4123 1285 4245 1356 356,
4278 1304 4383 1359 per
4415 1290 4622 1345 eundem

2697 1370 3105 1420 amanuensem,
3145 1359 3204 1410 et
3231 1372 3317 1425 ap.
3345 1354 3636 1409 Simlerum
3659 1356 3695 1408 1.
3709 1357 3745 1409 l.
3779 1355 4071 1426 Inscriptio
4103 1356 4275 1426 ipsius
4306 1358 4623 1430 Bullingeri.)

2866 1560 3188 1628 Gervasio
3230 1581 3353 1628 suo
3394 1560 3842 1646 Bullingerus.
3910 1565 4010 1628 20.
4048 1562 4244 1630 Febr.
4288 1568 4469 1630 1546.

2864 1713 3169 1779 Gratiam
3211 1722 3281 1779 et
3320 1733 3565 1798 pacem.
3656 1713 3796 1782 Sex
3847 1717 4009 1781 istas
4064 1724 4240 1796 tuas,
4293 1717 4564 1785 Ger-vasi
4584 1720 4628 1806 ¹)

2694 1798 2943 1878 dilecte,
2986 1801 3400 1883 quaestiones
3434 1799 3568 1885 legi
3606 1808 3673 1866 et
3707 1802 4009 1885 expendi,
4046 1824 4165 1887 pro
4199 1825 4349 1870 mea
4381 1805 4629 1888 quidem

2691 1885 3007 1950 tenuitate
3041 1906 3194 1985 ‘non
3248 1885 3702 1988 indiligenter:
3765 1909 3840 1953 ac
3891 1908 3964 1953 re
4017 1888 4165 1971 ipsa
4220 1892 4523 1989 experior
4570 1888 4629 1958 to

2690 1991 2899 2121 {3⁰33
2936 1971 3791 2140 Jssviffffintffiffl
3803 1976 4630 2148 ffifflfflgmmffl

2691 2163 2980 2208 essemus
3023 2151 3320 2226 pastores
3362 2150 3433 2208 et
3473 2145 3669 2211 unius
3713 2145 4022 2212 ecclesiae
4065 2147 4380 2214 doctores.
4437 2148 4632 2215 Valde

2689 2227 2755 2292 id
2798 2248 2906 2293 me
2961 2229 3188 2294 turbat
3203 2276 3219 2303 ,
3274 2248 3351 2295 ac
3392 2249 3697 2312 cuperem
3742 2240 3808 2296 te
3848 2252 3991 2296 rem
4045 2232 4442 2316 expendisse
4496 2234 4630 2300 dili-

2688 2316 2968 2399 gentius.
3056 2314 3208 2379 Non
3249 2316 3470 2380 nescio
3513 2317 3608 2382 sic
3652 2316 3877 2382 doceri.
3907 2317 4046 2382 fere
4089 2338 4130 2383 a
4174 2319 4466 2399 Lathon-0,
4509 2342 4634 2387 non

2688 2401 2909 2465 nescio
2948 2401 3150 2466 verba
3206 2402 3299 2467 sic
3351 2403 3654 2484 usurpari
3700 2411 3769 2467 et
3810 2404 4097 2486 torqueri
4115 2456 4134 2485 ,
4190 2406 4307 2490 figi
4342 2416 4414 2471 et
4454 2407 4637 2491 refigi

2688 2486 2771 2552 ab
2815 2485 2949 2551 illis
2990 2487 3100 2569 qui
3144 2486 3453 2553 videntur
3495 2488 3619 2553 sibi
3659 2486 3945 2554 mediam
3988 2496 4216 2556 tenere
4251 2494 4636 2558 sententiam

2686 2572 2862 2637 inter
2904 2571 3359 2638 Lutheranam
3405 2582 3474 2637 et
3514 2580 3832 2640 nostram.
3915 2574 4063 2660 Ego
4114 2596 4275 2642 vero
4335 2579 4637 2644 existimo

2685 2669 2985 2740 pastores
3029 2657 3335 2724 ecclesiae
3380 2657 3717 2725 doctrinae
3843 2681 3967 2725 nus
4095 2671 4235 2728 tere
4279 2661 4524 2729 debere
4565 2663 4639 2729 ab

2687 2742 3168 2826 archipastore,
3213 2765 3349 2809 non
3391 2766 3476 2810 ex
3520 2745 3769 2810 homini
3811 2767 3909 2811 us.
3999 2683 4181 2828 &aid
4218 2769 4380 2833 ergo
4423 2770 4534 2815 me
4572 2750 4638 2814 in

2686 2829 2823 2895 tuis
2888 2828 3022 2894 illis
3131 2828 3580 2897 uaestionibus
3643 2831 3967 2914 offendat,
4034 2834 4261 2916 paucis
4322 2835 4639 2914 indicabo,

2686 2936 2827 3065 3²⁰AE
2865 2915 3037 3065 iusdte
3124 2936 3162 2981 e
3204 2916 3310 2982 his
3353 2916 3744 3000 disputando
3797 2917 3914 2984 sed
3955 2917 4276 3003 quaedam
4320 2919 4643 2987 duntaxat

2685 3022 2757 3065 ιιι
2827 3022 2951 3066 can
2998 3021 3054 3065 o.

2856 3085 3330 3153 Definitionem
3385 3108 3627 3154 coenae
3680 3089 3908 3175 legens
3960 3090 4248 3176 cogitavi
4291 3114 4461 3157 num
4506 3092 4642 3160 ani-
4760 3072 4766 3081 ¹

2684 3171 3222 3326 ἓιιᾜέῖῗῖὶῗ
3263 3174 4643 3331 Βῗὲῗέἓαᾭῖωοοὲὓᾙξῇῗὲεἳοῗὲὲ

2687 3345 2981 3410 definitio
3016 3364 3057 3409 a
3087 3365 3162 3410 re
3194 3280 3357 3429 ἔξω,
3400 3346 3693 3430 adeoque
3726 3355 3795 3413 et
3831 3347 4119 3414 absurda
4150 3349 4365 3433 plane.
4421 3350 4645 3416 Coena

2686 3438 2790 3496 est
2809 3452 2847 3495 e
2869 3451 3108 3515 genere
3128 3431 3479 3498 actionum.
3525 3432 3719 3499 Actio
3754 3453 3915 3519 ergo
3949 3454 4139 3500 sacra
4171 3444 4275 3500 est
4305 3454 4346 3499 a
4375 3435 4644 3503 Christo

2686 3517 3008 3596 instituta,
3052 3538 3186 3601 qua
3226 3525 3489 3601 sumpto
3533 3538 3721 3584 sacro
3755 3539 3925 3603 pane
3961 3528 4030 3586 et
4064 3521 4218 3587 vino
4250 3523 4642 3588 memoriam

2687 3600 2960 3668 Domini
2992 3602 3416 3683 celebramus,
3461 3605 3708 3689 gratias
3746 3605 3873 3689 ipsi
3909 3613 4181 3690 agentes
4219 3608 4397 3690 quod
4433 3615 4645 3674 morte

2685 3688 2958 3755 innoxia
3009 3709 3132 3754 nos
3183 3688 3481 3755 liberarit
3521 3709 3563 3755 a
3604 3700 3832 3757 morte.
3917 3691 4032 3759 Sic
4074 3693 4253 3758 enim
4296 3694 4393 3759 ait
4412 3693 4643 3760 Domi·

2686 3793 2842 3840 nus:
2897 3774 3047 3841 Hoc
3102 3773 3299 3840 facite
3352 3775 3424 3840 in
3467 3776 3598 3841 mei
3652 3778 4052 3844 memoriam.
4138 3779 4235 3844 Et
4275 3781 4643 3863 apostolus:

2687 3858 2963 3942 Quoties
3064 3881 3261 3925 anem
3317 3861 3500 3929 hunc
3558 3861 3825 3929 ederitis
3868 3871 3935 3928 et
3976 3864 4284 3947 poculum
4324 3864 4645 3946 biberitis,

2687 3955 2966 4011 mortem

2686 4032 2887 4098 finem
2929 4032 3251 4111 indicans,
3296 4031 3646 4099 hominum
3688 4034 4072 4102 traditiones
4129 4038 4455 4121 sequeris,
4513 4054 4643 4102 non

2684 4117 4643 4275 {ktfflifflnssvssffissffiffimfflssffufflssffiffi

2684 4291 2882 4374 poris,
2928 4290 3176 4374 gratias
3220 4311 3436 4375 agere,
3479 4291 3675 4358 sicuti
3717 4291 3908 4358 modo
3944 4292 4197 4359 dictum
4229 4304 4350 4374 est,
4396 4293 4644 4361 coales-

2684 4397 2833 4443 cere
2874 4377 2944 4441 in
2985 4397 3195 4443 unum
3235 4398 3474 4460 corpus
3516 4376 3580 4464 (1
3621 4376 3931 4459 Cor.10),
3975 4400 4284 4446 exercere
4325 4379 4537 4447 fidem
4574 4378 4643 4443 in

2685 4461 3033 4529 Christum
3049 4512 3068 4541 ,
3111 4462 3226 4546 qui
3268 4464 3694 4530 sacramentis
3735 4464 4063 4532 institutis
4104 4466 4509 4532 testificatur
4550 4463 4642 4531 vi·

2688 4547 2967 4613 sibiliter
3045 4556 3115 4613 et
3186 4549 3495 4633 obsignat
3568 4550 4030 4633 promissiones
4104 4552 4443 4637 evangelii
4523 4549 4641 4616 sui.

2688 4634 2912 4718 (Rom.
2939 4633 3030 4715 4.)
3075 4633 3441 4718 Evangelio
3484 4644 3705 4701 autem
3748 4635 4077 4717 docemur,
4120 4635 4248 4704 fide
4292 4639 4362 4703 in
4410 4636 4642 4704 Chris-

2687 4726 2830 4785 tum
2870 4720 3121 4786 remitti
3161 4727 3460 4804 peccata,
3501 4720 3819 4788 haeredes
3862 4743 3980 4787 nos
4023 4723 4164 4788 fieri
4208 4724 4386 4789 vitae
4433 4731 4643 4789 aeterb

2687 4827 2832 4885 nae,
2876 4804 3167 4890 adeoque
3206 4814 3274 4872 et
3316 4805 3572 4873 Christi
3609 4814 3679 4873 et
3719 4808 4015 4873 omnium
4065 4809 4392 4874 bonorum
4436 4806 4642 4893 parti·

2688 4892 2867 4976 cipes
2907 4893 3070 4958 fieri.
3151 4892 3303 4959 Non
3344 4901 3504 4960 tunc
3546 4891 3810 4959 demum
3853 4894 4323 4979 participamus
4363 4895 4640 4962 Christo

2687 4998 2889 5062 quum
2911 4998 3115 5044 coena
3145 4978 3634 5062 participamus,
3670 4980 3788 5046 sed
3820 4979 3977 5063 quia
4008 4980 4361 5065 participes
4383 4976 4639 5048 Christi

2719 5282 2866 5339 7‘10.
2903 5283 2963 5352 1)
2996 5283 3087 5338 Dc
3129 5283 3398 5341 Gereonio
3434 5284 3690 5342 Schslero
3723 5302 3766 5340 s.
3796 5285 4124 5343 &hemico
4145 5304 4196 5343 υ.
4220 5287 4299 5345 N.
4314 5285 4633 5360 553,not.1.

2688 5353 2813 5410 Hoc
2845 5359 3079 5423 tempore
3115 5353 3479 5426 Mmmiuqaq
3509 5349 3814 5412 ministerio
3844 5357 4188 5426 sumebatur.

3102 3946 3305 4012 omini
3369 3948 3786 4016 annunciate.
3875 3947 3991 4016 Sic
4054 3972 4249 4016 usum
4293 3972 4546 4018 coenae
4584 3955 4646 4016 et
4772 3945 4779 4002 ’ἕ
