4825 6175
222 445 291 508 69
1945 440 2107 503 1545
2144 436 2454 504 APRIL.
4120 445 4206 508 ⁷0

368 627 804 710 Integerrimo
868 627 1117 710 pastori
1189 627 1276 693 D.
1343 625 1581 691 Ioanni
1643 624 1923 692 Calvino
2000 626 2147 691 viro

217 717 328 803 piis
363 712 661 778 omnibus
703 712 1115 778 observando
1156 713 1345 778 fratri
1391 720 1457 777 et
1499 713 1705 777 amico
1748 712 2101 777 carissimo.

1596 812 1973 880 Cebennas.

369 970 438 1037 S.
473 971 549 1037 P.
618 968 812 1050 Quod
855 970 987 1035 tuis
1029 970 1240 1035 serius
1280 967 1659 1051 respondeo,
1705 977 1927 1050 pastor
1969 965 2149 1032 fidis-

216 1060 361 1127 sime
417 1066 487 1121 et
540 1057 702 1120 mihi
765 1056 1131 1132 carissime,
1186 1054 1254 1120 in
1310 1073 1507 1120 causa
1547 1054 1675 1119 fuit
1716 1052 1982 1118 morbus
2023 1072 2149 1135 quo

216 1144 528 1228 superiore
598 1162 825 1206 mense
889 1140 1197 1206 laboravi.
1311 1138 1462 1221 Quo
1535 1139 1798 1221 quidem
1854 1138 2145 1204 nondum

215 1231 391 1315 plane
431 1228 746 1293 liberatus
791 1246 973 1291 sum:
1019 1234 1177 1291 sunt
1211 1227 1389 1291 enim
1433 1224 1648 1290 adhuc
1681 1224 2001 1307 quaedam
2045 1244 2148 1289 re-

215 1316 435 1400 liquiae
490 1313 666 1378 illius
683 1364 697 1390 ‚
756 1312 990 1395 quibus
1047 1311 1366 1377 liberarer
1431 1311 1656 1394 procul
1728 1310 1925 1376 dubio
1990 1311 2044 1374 si
2110 1328 2151 1373 a

214 1402 478 1468 lectione
533 1399 699 1463 mihi
751 1411 1121 1482 temperare
1175 1418 1449 1480 possem.
1552 1395 1687 1462 Sed
1744 1397 1816 1460 in
1874 1415 1950 1459 oo
2016 1415 2147 1459 non

215 1508 459 1572 possum
522 1484 688 1549 mihi
734 1484 864 1567 ipsi
920 1485 1263 1567 imperare.
1380 1484 1560 1549 Dum
1622 1482 1825 1548 semel
1893 1481 2149 1563 suscepi

214 1571 440 1655 aliquid
490 1568 856 1655 legendum,
902 1590 1035 1634 non
1080 1589 1348 1652 possum
1391 1568 1553 1633 illud
1588 1568 1977 1651 relinquere,
2024 1566 2152 1631 nisi

215 1657 612 1725 satisfactum
676 1657 764 1720 sit
830 1655 1049 1721 animo
1109 1675 1271 1720 meo.
1383 1655 1604 1719 Meam
1668 1653 1749 1718 ad
1816 1674 1936 1718 vos
2003 1671 2150 1736 pro-

212 1744 542 1811 fectionem
588 1751 958 1807 remoratur
1000 1741 1239 1822 partim
1291 1739 1612 1814 valetudO,
1672 1741 1910 1821 partim
1955 1739 2150 1803 etiam

213 1829 651 1896 hebraicarum
695 1827 1034 1891 literarum
1083 1825 1394 1891 studium.
1483 1825 1633 1890 Non
1679 1823 1849 1908 quod
1896 1844 2150 1906 sperem

212 1937 307 1982 me
370 1914 569 1979 etiam
642 1914 748 1978 vel
819 1910 1209 1977 mediocrem
1275 1910 1473 1976 huius
1546 1923 1808 1975 sanctae
1889 1910 2152 1994 liuguae

213 2002 641 2085 cognitionem
699 2011 1231 2082 assequuturum‚
1289 1995 1404 2061 sed
1448 1996 1730 2079 optarim
1776 1996 2028 2073 saltem,
2097 1995 2151 2059 si

213 2109 473 2171 possem,
516 2085 697 2151 illius
741 2085 956 2168 prima
1011 2083 1383 2147 rudimenta
1440 2083 1693 2164 assequi
1739 2093 1806 2145 et
1847 2101 1887 2144 a
1928 2081 2153 2145 limine

215 2172 505 2249 salutare,
551 2171 706 2236 dum
753 2171 963 2235 multa
1007 2171 1089 2234 ad
1135 2188 1408 2233 manum
1453 2167 1644 2232 nobis
1690 2167 2023 2234 habemus.

370 2258 479 2323 De
534 2257 744 2322 literis
801 2255 971 2338 quod
1032 2252 1262 2321 scribis
1310 2254 1425 2320 tibi
1492 2253 1687 2319 fidem
1742 2253 1982 2331 habeo,
2047 2273 2155 2317 eas

213 2344 445 2410 scilieet
492 2365 623 2409 non
665 2342 866 2408 fuisse
920 2340 1042 2405 tibi
1097 2337 1402 2405 redditas.
1503 2341 1690 2423 Rogo
1732 2347 1831 2416 te,
1892 2339 1942 2403 si
1992 2359 2158 2421 quae

214 2428 286 2495 ad
329 2440 391 2494 te
433 2429 828 2513 perveniant
863 2448 975 2493 eas
1010 2447 1096 2491 ne
1130 2425 1427 2510 graveris
1460 2423 1542 2490 ad
1567 2446 1686 2489 nos
1720 2421 2154 2507 perferendas.

211 2516 536 2583 Ecclesiae
580 2522 841 2579 nostrae
886 2512 1203 2578 dissensio
1261 2512 1355 2576 ita
1409 2531 1515 2575 me
1568 2510 1739 2574 male
1782 2509 2028 2587 habuit,
2085 2519 2159 2573 ut

213 2623 333 2667 non
389 2601 595 2667 semel
653 2599 1052 2683 poenituerit
1108 2618 1213 2663 me
1266 2595 1517 2662 reditus
1581 2598 1708 2661 mei
1775 2595 1932 2672 huc,
2001 2596 2154 2678 quin

212 2688 583 2754 maluissem
638 2695 816 2753 recta
875 2684 958 2750 ad
1020 2705 1135 2750 vos
1204 2683 1580 2748 instituisse.
1682 2682 2032 2763 Nunquam
2086 2681 2158 2744 in

214 2774 325 2841 has
386 2775 616 2839 turbas
680 2769 1164 2848 incidissemus,
1242 2769 1301 2834 si
1362 2770 1573 2853 primo
1639 2789 1761 2833 nos
1824 2767 2159 2850 aequiores

254 2860 774 2935 raestitissemus,
820 2864 887 2922 et
920 2857 1050 2922 nisi
1071 2855 1272 2938 aliqui
1295 2855 1418 2922 sibi
1442 2854 1720 2919 nimium
1743 2854 2156 2936 placuissent.

213 2881 341 3013 god
397 2945 668 3010 Domini
728 2945 937 3027 gratia
996 2942 1220 3006 omnia
1293 2949 1449 3006 sunt
1520 2961 1697 3005 nunc
1767 2939 2021 3017 sedata,
2094 2947 2162 3004 et

214 3032 413 3116 magis
455 3029 814 3114 tranquilla
857 3040 1056 3095 erunt
1085 3027 1305 3093 omnia
1325 3047 1523 3109 quum
1548 3033 1871 3108 pastorem
1904 3033 2156 3090 certum

215 3118 609 3184 habebimus.
733 3117 905 3180 Nam
984 3112 1065 3179 de
1101 3122 1386 3195 ,pastore
1452 3121 1671 3177 nostro
1747 3112 1824 3177 D.
1902 3111 2087 3176 Petro
2102 3115 2159 3193 2)

220 3215 518 3272 constans
573 3204 748 3269 fama
806 3210 906 3266 est
958 3208 1334 3266 constanter
1399 3217 1517 3281 pro
1580 3197 1828 3265 Christi
1896 3197 2161 3262 nomine

222 3300 544 3355 mortuum
589 3310 732 3355 esse
776 3287 1056 3353 Tornaoi
1099 3293 1166 3351 et
1208 3283 1369 3350 duos
1413 3284 1575 3349 alios
1612 3305 1763 3351 eum
1797 3304 1872 3348 eo
1895 3294 2162 3348 exustos

220 3398 367 3442 esse.
461 3377 826 3459 Episcopus
884 3367 1320 3438 'tornacensis
1377 3390 1621 3453 magna
1674 3370 1743 3434 in
1806 3390 1954 3435 eum
2003 3390 2162 3434 usus

222 3473 314 3529 est
363 3462 878 3538 inhumanitate,
941 3457 1139 3523 biduo
1194 3466 1547 3539 antequam
1586 3465 1971 3521 moreretur.
2059 3456 2163 3521 De

223 3569 292 3614 so
352 3546 520 3613 nihil
562 3556 901 3631 praeterea
941 3542 1181 3623 scribo,
1251 3541 1404 3626 quia
1461 3550 1527 3606 te
1570 3549 1733 3623 puto
1777 3541 2054 3608 certiora
2096 3549 2164 3606 et

224 3635 469 3700 veriora
502 3654 589 3700 ex
630 3631 838 3697 literis
886 3629 971 3695 D.
1019 3628 1259 3696 Bucari
1308 3637 1375 3692 et
1418 3626 1698 3692 aliorum
1748 3628 1912 3694 scire
1970 3646 2165 3710 quam

225 3740 298 3785 ex
342 3720 522 3787 meis.
610 3718 756 3783 Hoc
794 3731 1015 3782 tamen
1061 3713 1297 3781 addam
1315 3764 1330 3792 ,
1385 3733 1494 3778 me
1536 3712 1898 3795 plurimum
1942 3720 2164 3797 gratu·

223 3804 335 3871 lari
375 3805 626 3889 pastori
671 3801 873 3880 Petro,
918 3809 987 3867 et
1029 3800 1175 3866 Deo
1216 3808 1350 3883 opt.
1395 3820 1570 3864 max.
1606 3798 1851 3883 gratias
1893 3802 2028 3882 ago'
2053 3819 2168 3879 per

224 3889 429 3956 Iesum
479 3890 843 3965 Christum,
887 3889 1000 3971 qui
1043 3895 1229 3953 tanta
1270 3886 1637 3953 constantia
1677 3893 1745 3948 et
1788 3884 1989 3949 animi
2033 3883 2165 3949 for-

226 3977 493 4043 titudine
550 3997 702 4042 eum
759 3971 1021 4040 donarit
1036 4024 1052 4052 ,
1108 3993 1306 4056 quam
1362 3972 1559 4036 etiam
1618 3970 1804 4037 nobis
1861 3970 2167 4035 omnibus

225 4082 347 4127 non
390 4062 744 4147 denegabit
783 4060 842 4127 si
884 4080 993 4125 res
1035 4059 1131 4125 ita
1171 4056 1473 4141 postulet.
1574 4057 1719 4140 Ego
1775 4057 1858 4121 D.
1912 4054 2168 4121 Petrum

225 4147 599 4215 familiarius
643 4147 798 4212 novi
840 4153 911 4212 et
952 4144 1091 4210 vidi
1134 4143 1206 4209 in
1249 4162 1327 4208 eo
1371 4162 1684 4225 magnam
1716 4143 1787 4207 in
1821 4140 2168 4207 retinenda

226 4253 374 4298 sana
440 4232 739 4301 doctrina
806 4229 1243 4298 constantiam
1259 4279 1274 4306 ,
1363 4234 1430 4293 et
1497 4248 1629 4292 non
1698 4228 2035 4312 vulgarem
2092 4226 2164 4291 in

224 4339 534 4403 pauperes
607 4319 949 4385 caritatem
964 4367 981 4396 ,
1075 4335 1205 4380 non
1284 4311 1679 4378 mediocrem
1756 4312 2163 4379 modestiam.

226 4406 584 4489 Antequam
652 4425 693 4470 a
755 4402 943 4469 nobis
1007 4398 1394 4477 discederet,
1474 4417 1717 4481 magno
1790 4399 2028 4463 affectu
2098 4395 2167 4463 et

225 4489 445 4556 ardore
486 4489 1022 4557 concionabatur:
1081 4485 1363 4569 suspiria
1417 4484 1614 4549 etiam
1658 4483 1755 4549 illi
1798 4483 2059 4550 incauto
2096 4483 2166 4548 in

226 4573 356 4656 ipsa
398 4577 709 4643 concione
750 4574 1215 4657 erumpebant:
1258 4574 1353 4636 ita
1394 4568 1725 4636 Dominus
1769 4568 1957 4633 illum
2002 4569 2166 4636 sele-

229 4671 416 4744 gerat.
538 4662 735 4728 Certe
795 4660 984 4727 nobis
1049 4659 1179 4724 erit
1247 4657 1550 4740 exemplo
1629 4669 1696 4720 et
1760 4654 1931 4729 aliis,
1994 4652 2169 4737 quod

228 4748 467 4813 utinam
512 4768 885 4830 sequamur,
931 4746 987 4811 si
1030 4743 1222 4810 modo
1266 4741 1350 4806 ad
1391 4742 1517 4809 hoe
1560 4762 1599 4806 a
1635 4741 1918 4806 Domino
1951 4740 2170 4805 vocati

228 4830 553 4899 fuerimus.
638 4834 764 4899 Dei
808 4831 984 4898 enim
1030 4842 1131 4896 est
1177 4828 1531 4913 singularis
1574 4826 1844 4904 vocatio,
1902 4827 2016 4909 qui
2059 4845 2171 4891 eos

230 4920 401 4983 novit
437 4940 604 5003 quos
648 4929 829 4986 tanto
879 4918 1127 4983 honore
1174 4914 1409 4999 dignos
1461 4914 1814 4980 existimat.
1916 4911 2166 4978 Eadem

230 5004 410 5069 etiam
438 5005 812 5071 constantia
835 5010 1132 5069 mortuus
1172 5009 1276 5068 est
1314 5001 1703 5068 secretarius
1719 5004 1775 5075 ⁸)
1819 4997 2169 5066 cardinalis

418 5295 454 5349 a
520 5227 919 5351 gam
951 5221 1589 5375 ‘fflmNeoffev-zfssgi.
1625 5292 1693 5347 aa
1709 5289 1876 5361 ιἘρι.
1911 5289 1978 5344 ae
1997 5289 2170 5344 Pam

234 5359 436 5424 (Rem
468 5365 539 5419 ae
585 5364 757 5422 πιέοι.
792 5363 918 5418 111.
955 5362 1101 5429 ua)
1136 5378 1248 5419 non
1282 5361 1615 5432 ωρροαιωε.

2250 624 2500 692 Bella-ii
2566 626 2910 703 Lutetiae,
2977 626 3086 708 qui
3157 626 3265 691 hic
3322 628 3659 694 nobiscum
3727 630 3904 695 vixit
3957 631 4208 715 aliquot

2248 731 2526 777 menses.
2638 710 2802 777 Fuit
2870 711 2967 776 illi
3017 711 3248 796 lingua
3306 713 3591 780 abscissa
3654 722 4008 798 antequam
4062 717 4205 803 igni

2250 796 2730 863 admoveretur.
2800 797 3158 880 Nunquam
3190 799 3426 864 satiata
3450 802 3576 865 erit
3599 802 3920 885 sanguine
3945 803 4204 885 piorum

2247 883 2562 949 meretrix
2618 883 2908 966 impura,
2968 883 3170 949 donec
3233 883 3357 950 sibi
3428 885 3737 951 iudicium
3803 887 4204 954 horrendum

2250 969 2584 1046 acceleret,
2630 967 2800 1051 quod
2846 968 3047 1033 semel
3090 970 3484 1052 experietur.

2427 1053 2724 1119 Conveni
2769 1053 3076 1139 Eyidium
3120 1055 3342 1120 uxoris
3387 1069 3540 1122 tuae
3584 1067 3951 1141 cognatum,
4012 1079 4205 1142 quem

2251 1139 2494 1206 obnixe
2537 1140 2764 1223 rogavi
2809 1147 2887 1204 ut
2928 1138 3046 1203 tibi
3090 1140 3514 1207 satisfaceret.
3561 1217 3570 1224 .
3605 1141 3741 1209 Sed
3787 1143 3951 1208 nihil
4004 1145 4084 1210 ab
4130 1166 4206 1210 eo

2250 1226 2604 1309 impetrare
2627 1225 2832 1309 potui.
2899 1224 2969 1290 Is
3007 1227 3329 1308 promittit
3364 1249 3435 1293 se
3470 1229 3651 1294 brevi
3697 1229 4205 1296 satisfacturum.

2248 1311 2516 1395 Urgebo
2560 1310 2894 1377 hominem
2931 1314 3131 1375 etiam
3165 1310 3247 1376 ad
3284 1313 3650 1378 molestiam
3672 1336 3895 1398 usque.
3965 1315 4210 1381 Petrus

2261 1396 2625 1472 flechia-3⁴)
2669 1397 2968 1480 promisit
3011 1418 3082 1462 se
3124 1397 3207 1461 ad
3256 1407 3433 1463 tuam
3491 1419 3761 1464 uxorem
3807 1402 4209 1484 scripturum

2255 1481 2335 1548 de
2390 1482 2524 1547 filio
2590 1502 2726 1548 suo.
2844 1481 3186 1563 Quantum
3257 1505 3411 1548 vero
3485 1483 3567 1549 ad
3633 1488 4211 1552 commutationem

2256 1569 2521 1644 attinet,
2590 1590 2722 1633 non
2778 1577 2991 1650 potest
3053 1568 3176 1633 hoc
3246 1571 3633 1651 praesertim
3703 1580 3995 1654 tempore
4066 1593 4212 1638 eam

2254 1655 2589 1737 prosequi:
2636 1653 2811 1719 filius
2856 1653 3033 1718 enim
3072 1654 3251 1719 illius
3287 1657 3473 1720 estin
3495 1657 3752 1722 Hessia.
3828 1657 4240 1725 Franciscus

2256 1739 2548 1804 nondum
2629 1740 2785 1805 hinc
2859 1740 3092 1806 abivit:
3170 1740 3351 1805 brevi
3424 1751 3651 1807 tamen
3722 1753 3822 1809 est
3896 1744 4208 1809 abiturus.

2257 1826 2544 1891 Tantum
2620 1831 2957 1908 exspectat
3026 1824 3306 1891 doctoris
3375 1826 3708 1894 Brunonis
3769 1828 4054 1894 reditum
4129 1850 4212 1895 ex

2258 1910 2498 1977 Gallia.
2588 1909 2657 1976 Is
2700 1920 2766 1975 te
2810 1911 3166 1994 plurimum
3212 1911 3470 1977 salutat.
3577 1914 3836 1979 Salutat
3892 1923 3957 1981 te
4015 1916 4214 1980 etiam

2257 1997 2497 2061 Petrus
2541 1995 2797 2063 Duthon
2840 1996 2949 2079 qui
2996 1997 3294 2081 proxime
3337 1997 3532 2063 rediit
3575 2021 3656 2064 ex
3695 2000 3904 2066 Italia.
3975 2001 4045 2066 Is
4080 2021 4215 2066 non

2257 2083 2599 2165 vulgarem
2638 2084 2795 2156 ,fecit
2835 2083 3151 2148 iacturam
3195 2104 3278 2148 ex
3321 2083 3625 2150 incendio
3668 2086 3849 2151 urbis
3893 2107 4068 2153 suae.

2434 2168 2603 2232 Mihi
2676 2167 2940 2232 videtur
3004 2167 3314 2234 ecclesiae
3385 2182 3648 2236 nostrae
3717 2171 4093 2237 consultum
4156 2172 4214 2238 si

2258 2254 2540 2320 Ioannes
2569 2254 2922 2319 Gar-nerias
2954 2254 3023 2318 in
3046 2262 3371 2337 pastorem
3397 2254 3694 2340 eligatur.
3763 2257 3933 2322 Nam
3957 2266 4218 2340 praeter

2258 2337 2327 2403 id
2385 2336 2556 2423 quod
2613 2360 2859 2423 magna
2913 2337 3256 2424 diligentia
3311 2349 3378 2405 et
3416 2340 3809 2407 dexteritate
3854 2343 4059 2422 docet,
4116 2350 4218 2409 est

2266 2426 2363 2490 vir
2429 2424 2764 2490 modestus
2849 2431 2916 2490 et
2980 2426 3127 2509 pius
3203 2435 3523 2508 quantum
3580 2426 3867 2493 iudicare
3932 2448 4217 2513 possum.

2264 2509 2399 2575 Sed
2444 2510 2524 2575 de
2569 2532 2642 2576 eo
2690 2508 3071 2593 prudentius
3128 2510 3422 2577 iudicare
3480 2521 3759 2595 possunt
3816 2513 3925 2578 alii
3982 2516 4217 2598 quibus

2261 2595 2385 2661 hoe
2449 2596 2760 2679 relinquo.
2871 2597 2942 2662 Is
3010 2597 3206 2660 etiam
3287 2607 3352 2662 te
3416 2598 3774 2679 plurimum
3842 2601 4086 2665 salutat
4149 2610 4217 2666 et

2263 2682 2468 2746 mittit
2522 2681 3017 2766 responsionem
3074 2680 3155 2745 ad
3213 2692 3359 2747 tuas
3413 2682 3640 2750 literas
3699 2686 3958 2750 nomine
4015 2686 4216 2752 totius

2264 2768 2571 2833 ecclesiae
2704 2768 2808 2833 Tu
2878 2767 3033 2833 boni
3093 2768 3391 2833 consules
3451 2779 3708 2836 nostras
3763 2771 4216 2837 infirmitates:

2263 2865 2438 2918 certe
2484 2877 2524 2918 a
2564 2852 2791 2918 multis
2834 2855 2902 2917 in
2948 2875 3022 2919 eo
3068 2862 3406 2936 peccatum
3455 2864 3572 2936 est,
3614 2877 3736 2921 nec
3778 2858 3919 2939 ipse
3953 2877 3993 2922 a
4026 2858 4219 2941 culpa

2265 2942 2514 3004 absum.
2631 2938 2961 3005 Dominus
3033 2959 3155 3005 sua
3227 2937 3515 3006 bonitate
3584 2942 3897 3026 ignoscet.
4001 2941 4218 3023 Quem

2264 3046 2380 3109 pro
2427 3025 2617 3091 nobis
2657 3026 2977 3103 omnibus,
3023 3024 3298 3092 candide
3340 3037 3584 3109 pastor,
3645 3027 3931 3113 rogabis,
3993 3036 4062 3096 et
4100 3049 4219 3114 pro

2267 3133 2371 3176 me
2414 3111 2821 3194 praesertim,
2869 3121 2945 3176 ut
2976 3111 3048 3175 in
3083 3112 3483 3179 confessione
3520 3113 3700 3178 fideli
3722 3123 3789 3180 et
3809 3117 4222 3183 sanctissima

2267 3197 2371 3262 sui
2430 3198 2711 3263 nominis
2767 3195 2849 3261 ad
2905 3197 3109 3262 finem
3163 3219 3369 3281 usque
3423 3220 3807 3281 permanere
3877 3202 4218 3284 possimus.

2266 3282 2526 3348 Salutat
2592 3292 2656 3347 te
2718 3282 2952 3365 hospes
3016 3304 3204 3349 meus
3265 3283 3349 3349 D'.
3406 3284 3784 3352 Eonmanuel
3796 3284 3854 3373 ὁ)
3912 3294 3982 3352 et
4043 3286 4223 3354 illius

2265 3389 2453 3435 uxor.
2544 3366 2779 3434 Saluta
2822 3389 2966 3433 meo
3009 3370 3275 3434 nomine
3317 3370 3588 3435 fratrem
3632 3379 3821 3437 tuum
3855 3369 4222 3453 Antonium,

2267 3474 2544 3520 uxorem
2588 3463 2770 3520 tuam
2816 3463 2882 3520 et
2915 3455 3196 3520 Petrum
3234 3454 3613 3537 Stampeum,
3660 3457 3717 3521 si
3740 3456 3821 3523 ad
3846 3465 3912 3524 te
3932 3458 4222 3541 redierit,

2268 3539 2596 3606 Dominus
2641 3540 2822 3607 Iesus
2857 3549 2941 3618 te,
2988 3546 3212 3623 pastor
3245 3540 3506 3625 optime,
3551 3549 3775 3609 servet
3807 3550 3875 3610 et
3905 3552 4221 3629 perpetuo

2268 3626 2514 3691 soletur
2593 3636 2661 3692 et.
2736 3626 3042 3692 fortificet
3116 3626 3190 3693 in
3268 3628 3676 3694 sanctissimo
3748 3635 3865 3695 tuo
3933 3651 4221 3698 munere.

2266 3713 2511 3797 xxviij·
2553 3712 2823 3797 Aprilis.
2845 3714 2903 3795 ⁰)

3147 3849 3332 3915 Tuus
3374 3849 3675 3916 Hilarius
3716 3850 4219 3938 Guymonneus.

3173 4292 3328 4364 636.

2715 4429 3187 4543 CALVINUS
3237 4429 3791 4497 LIBERTETO.

2448 4604 2534 4670 In
2588 4603 2737 4684 ipsa
2790 4601 2983 4667 amici
3033 4600 3301 4668 absentis
3342 4600 3521 4667 domo
3564 4602 3809 4682 scribit,
3866 4602 4077 4669 lautas
4116 4606 4223 4671 do-

2272 4690 2481 4755 minae
2535 4688 2757 4769 epulas
2811 4687 3076 4769 extollit,
3130 4692 3186 4754 ct
3254 4707 3415 4753 nova
3485 4689 3793 4770 quaedam
3854 4687 3934 4753 ab
3997 4692 4226 4760 meris

2272 4774 2472 4841 allata
2504 4775 2718 4841 tradit

2477 5011 2533 5080 4)
2569 5012 2737 5066 Hune
2769 5011 2998 5065 eundem
3033 5027 3148 5066 csse
3198 5013 3544 5080 suspicamur
3707 4940 3755 5000 X
3796 5012 3861 5067 P.
3910 5013 4221 5071 Gon-iuriam

2271 5084 2337 5138 de
2372 5098 2480 5154 quo
2520 5080 2783 5136 Calvinus
2816 5080 2893 5134 ad
2928 5080 3233 5136 Haben-tum
3264 5082 3447 5149 pridie
3487 5079 3599 5136 Gal
3705 5087 3782 5150 pt.
3803 5081 3954 5137 1545.
4012 5083 4226 5140 Gnaeo-⁸·

2271 5150 3095 5282 queritabnoiae’aeuaeuumur
3127 5150 3285 5204 nobis
3319 5150 3542 5204 aliunde
3575 5164 3687 5204 non
3719 5155 3937 5220 coquit&

2478 5287 2537 5354 6)
2576 5286 2798 5341 Annum
2849 5284 2983 5340 1545
3030 5293 3176 5341 certo
3220 5287 3421 5341 certius
3465 5287 3718 5343 indicant
3761 5286 3952 5344 Bruzia·
3988 5306 4136 5346 mors
4170 5295 4224 5346 et

2276 5356 2545 5413 &amerii
2574 5356 2824 5411 acmeio.
3740 5437 3810 5493 5.
3904 5460 3924 5471 ..
