4825 6175
649 424 769 487 431

649 609 859 695 psalte
883 605 967 690 ¹⁸)
1008 624 1144 670 non
1185 623 1563 670 recusamus
1578 653 1596 681 ,
1654 601 2041 686 praesertim
2081 622 2284 685 quum
2324 600 2394 666 id
2439 623 2588 668 nos-

649 695 772 761 tris
816 701 1003 759 vetus
1043 691 1131 756 sit
1167 710 1242 756 ac
1284 689 1461 766 leve,
1527 689 1740 770 inquit
1793 686 2134 753 Eusebius.
2225 685 2359 753 Sed
2402 697 2589 770 opta-

650 800 799 847 mus
831 776 996 843 illud
1027 796 1283 859 quoque
1317 773 1667 856 compleri:
1701 772 2030 840 Dominus
2065 771 2345 839 concidit
2379 773 2587 838 funes.

650 865 784 932 Nos
824 865 899 928 in
939 861 1232 945 singulos
1265 859 1402 925 dies
1435 866 1888 943 exspectamus
1928 868 2242 925 eventum
2285 859 2408 924 rei:
2455 879 2591 923 me-

649 949 963 1017 minimus
1007 946 1182 1012 hunc
1223 966 1364 1011 esse
1407 944 1596 1010 illum
1639 965 1934 1011 mensem
1988 946 2098 1027 qui
2141 945 2296 1010 olim
2339 953 2591 1026 tempo-

651 1038 837 1104 ribus
878 1032 1248 1117 Epiphanis
1290 1038 1359 1096 et
1400 1033 1882 1096 Asmoneorum
1943 1032 2263 1096 maximas
2316 1029 2605 1094 inclina-‘

651 1124 862 1189 tiones
905 1117 1148 1184 viderit
1188 1119 1256 1181 in
1299 1128 1644 1199 utramque
1677 1126 1962 1199 partem,
2019 1115 2078 1180 si
2132 1115 2348 1180 exitus
2385 1115 2592 1179 initiis

652 1205 1084 1277 consentiant.
1153 1200 1287 1268 Sed
1322 1202 1488 1267 nihil
1523 1201 1693 1267 dico:
1739 1198 2137 1267 differendus
2170 1201 2239 1265 in
2284 1200 2592 1266 ultimum

653 1302 868 1361 actum
912 1291 1020 1355 hic
1061 1288 1348 1372 plausus.

823 1378 1031 1442 'I'uam
1075 1373 1155 1439 de
1199 1382 1423 1438 nostra
1463 1374 1534 1437 in
1557 1372 1752 1437 Pauli
1785 1372 2001 1437 locum
2035 1372 2408 1438 coniectura
2443 1391 2591 1435 sen-

653 1465 931 1531 tentiam
964 1459 1365 1526 intellexisse
1398 1459 1561 1523 mihi
1597 1458 1756 1524 satis
1791 1465 1909 1536 est,
1948 1456 2283 1541 habeoque
2317 1477 2593 1540 magnas

653 1573 738 1618 ex
795 1549 1016 1614 animo
1073 1545 1337 1629 gratias.
1424 1544 1666 1609 Fateor
1718 1551 1784 1608 et
1835 1562 2115 1627 agnosco
2171 1564 2301 1608 non
2346 1552 2593 1607 temere

651 1634 938 1702 inveniri
1003 1628 1174 1704 αὐτὸς
1224 1650 1340 1713 pro
1391 1630 1633 1711 ἐκεῖνος,
1705 1639 2031 1696 caeterum
2088 1628 2478 1711 particulam
2529 1625 2593 1690 δὲ

653 1721 1029 1805 frequenter
1081 1716 1212 1800 legi
1269 1737 1384 1798 pro
1439 1716 1803 1797 copulativa
1856 1724 1976 1779 καί.
2084 1715 2178 1780 Et
2235 1713 2482 1778 Paulus
2525 1715 2595 1776 in

656 1805 884 1873 eadem
924 1803 1008 1869 ad
1052 1801 1427 1869 Corinthios
1465 1800 1738 1884 epistola
1791 1819 1931 1883 cap.
1978 1804 2049 1862 12
2110 1809 2383 1882 utraque
2438 1820 2595 1864 voce

657 1892 861 1958 utitur
914 1879 1276 1971 ἀδιαφόρως.
1377 1887 1573 1952 Diem
1628 1895 1849 1951 autem
1903 1884 2283 1967 simpliciter
2348 1884 2593 1950 dictum

658 1997 803 2045 esse
846 1985 1213 2041 extremum
1256 1971 1442 2036 illum
1493 1971 1666 2036 diem
1709 1971 2008 2047 Domini,
2064 1969 2344 2054 legimus
2388 1970 2591 2034 Hebr.

662 2069 743 2128 10
786 2060 950 2146 (25),
992 2061 1105 2125 ubi
1147 2070 1214 2123 et
1255 2055 1478 2123 iudicii
1519 2068 1586 2121 et
1630 2057 1804 2140 ignis
1846 2057 1926 2120 fit
1966 2057 2230 2121 mentio.
2312 2054 2448 2120 Sed
2492 2055 2593 2119 lu-

657 2148 888 2215 benter
928 2145 1217 2212 cedimus
1260 2157 1371 2207 tuo
1415 2162 1744 2225 responso,
1790 2141 1961 2224 quod
1995 2150 2171 2207 certe
2214 2141 2403 2206 nobis
2450 2160 2594 2205 ora·

657 2234 789 2301 culi
843 2234 980 2297 loco
1033 2241 1162 2306 est,
1219 2227 1352 2292 hon
1403 2237 1539 2294 tam
1604 2237 1871 2311 propter
1922 2247 2193 2311 gravem
2250 2225 2596 2292 scribentis

655 2319 1070 2385 autoritatem
1147 2335 1342 2398 quam
1431 2312 1807 2395 affulgentis
1882 2313 2177 2378 veritatis
2252 2312 2483 2377 lucem.
2511 2313 2594 2392 ¹⁴)

657 2404 897 2471 Virum
937 2403 1126 2467 illum
1170 2400 1430 2466 doctum
1474 2409 1542 2464 et
1583 2397 2015 2481 ingeniosum,
2060 2398 2170 2481 qui
2212 2405 2280 2463 te
2323 2417 2407 2462 ex
2442 2395 2596 2461 aula

655 2491 886 2558 invisit
907 2498 973 2552 et
1007 2485 1088 2552 de
1108 2485 1334 2550 eodem
1362 2484 1641 2550 contulit
1673 2483 1831 2559 loco,
1867 2482 2098 2564 opinor
2132 2483 2331 2547 fuisse
2353 2482 2597 2548 Ioachie

655 2596 847 2652 ntum,
888 2592 1013 2638 nec
1054 2571 1277 2637 dubito
1336 2570 1497 2651 quin
1553 2570 1671 2634 tibi
1716 2567 1995 2633 laudarit
2039 2579 2333 2633 autorem
2377 2587 2592 2646 suum,

655 2664 878 2729 virum
919 2668 1094 2724 certe
1147 2659 1218 2721 in
1282 2656 1458 2720 hisce
1510 2653 1718 2719 literis
1774 2665 2104 2719 versatum
2158 2652 2460 2738 religiose
2518 2674 2592 2719 ac

658 2748 1024 2833 diligenter.
1124 2741 1196 2808 Is
1252 2741 1605 2824 plurimum
1661 2749 1726 2805 te
1779 2739 2024 2805 salutat
2084 2739 2330 2822 tibique
2395 2737 2593 2837 vehe-

655 2843 915 2901 menter
977 2829 1160 2912 cupit
1219 2826 1621 2891 innotescere
1635 2875 1650 2902 ,
1717 2832 1794 2890 ut
1855 2845 2268 2908 quascunque
2331 2823 2594 2907 collegit

623 2916 1247 2987 ‘animadversiones
1324 2921 1438 2976 tuo
1509 2910 1747 2977 iudicio
1812 2908 2161 2993 aliquando
2225 2909 2592 2975 verecunde

653 3005 970 3074 subiiciat.
1049 2999 1194 3066 Scit
1233 2996 1410 3063 enim
1453 3017 1586 3061 non
1629 3017 1772 3062 esse
1814 2996 2179 3080 graviorem
2225 3015 2589 3072 censuram,

651 3090 1041 3178 praesertim
1081 3085 1155 3151 in
1195 3082 1479 3168 paulinis
1521 3081 1747 3161 literis,
1794 3103 2073 3165 quarum
2117 3091 2250 3147 tam
2293 3080 2466 3146 fidus
2499 3081 2592 3148 sis

650 3180 973 3260 interpres
1029 3185 1105 3237 ut
1155 3176 1348 3236 autor
1400 3168 1600 3234 fuisse
1643 3167 1942 3234 videaris.
2028 3167 2223 3233 Nunc
2266 3177 2342 3232 ut
2381 3175 2594 3249 poste-

650 3264 892 3329 riorem
926 3258 1009 3324 ad
1046 3254 1423 3323 Corinthios
1453 3254 1903 3320 vehementius
1938 3251 2378 3319 desideremus
2411 3274 2592 3334 prior

652 3360 754 3415 est
791 3348 863 3412 in
905 3363 1116 3412 causa.
1202 3341 1293 3406 Et
1334 3340 1481 3422 quis
1523 3337 1843 3405 desiderio
1887 3339 1975 3403 sit
2025 3336 2255 3403 modus
2313 3346 2430 3402 aut
2471 3359 2591 3421 pu·

653 3433 774 3501 dor
799 3434 882 3509 ιδ)
936 3430 1140 3495 donec
1194 3446 1419 3492 omnes
1474 3423 1704 3489 eadem
1757 3423 2209 3506 explanaveris
2263 3421 2588 3489 methodo.

651 3517 960 3603 Agedum
998 3515 1236 3599 igitur,
1289 3512 1384 3576 mi
1425 3520 1641 3592 pater,
1696 3510 1756 3576 si
1797 3509 1928 3573 alia
1969 3508 2285 3591 quaedam
2327 3509 2594 3591 politica

652 3603 917 3689 negotia
955 3600 1191 3684 quibus
1246 3595 1635 3661 distraheris
1673 3596 1748 3660 in
1802 3593 2004 3658 alium
2057 3594 2328 3661 reiicere
2382 3604 2587 3676 potes,

650 3687 1176 3757 succenturietur
1232 3680 1264 3744 ὅ
1317 3678 1619 3768 συνεργὸς
1652 3679 1995 3764 Saliyniua
2023 3680 2109 3762 ¹⁶)
2207 3679 2269 3744 Ο
2314 3699 2593 3762 magnae

732 3796 803 3841 es
866 3771 1074 3837 altera
1125 3769 1393 3833 Romae.
1493 3765 1816 3848 Equidem
1880 3766 2157 3847 optarim
2201 3765 2323 3829 tibi
2388 3765 2592 3828 altum

654 3862 670 3877 ‘
726 3858 816 3925 ud
858 3858 1064 3924 otium
1107 3852 1279 3937 quod
1321 3861 1685 3935 exposcunt
1740 3870 1980 3933 magna
2031 3870 2199 3933 quae
2253 3849 2593 3916 meditaris

650 3965 868 4031 opera.
955 3939 1093 4007 Sed
1134 3939 1192 4004 si
1232 3947 1419 4022 pater
1461 3937 1571 4002 ille
1613 3936 1914 4004 coelestis
1948 3936 2109 4001 velit
2148 3936 2594 4018 interpretem,

648 4052 786 4098 non
824 4029 1043 4095 minus
1084 4045 1281 4109 quam
1323 4024 1480 4089 olim
1524 4031 1818 4088 autorem
1861 4022 2110 4103 ipsum,
2165 4040 2313 4084 cum
2370 4021 2592 4087 multis

649 4111 1182 4198 occupationibus
1225 4108 1481 4187 luctari,
1517 4128 1645 4190 quo
1685 4107 2005 4172 illustrior
2047 4106 2133 4171 sit
2178 4104 2277 4170 vis
2320 4107 2590 4188 spiritus

650 4198 718 4274 ὃς
758 4205 990 4282 ἐνεργεῖ,
1032 4217 1169 4262 non
1224 4215 1488 4279 possum
1543 4213 1682 4258 non
1731 4192 2020 4257 revereri
2063 4190 2406 4257 consilium
2457 4191 2591 4256 Do·

646 4306 834 4354 mm.

821 4369 885 4435 N
887 4390 1015 4435 unc
1056 4367 1115 4432 si
1155 4364 1504 4431 molestum
1548 4382 1680 4427 non
1725 4368 1828 4427 est
1858 4381 2089 4427 rursus
2124 4360 2349 4426 audire
2383 4367 2588 4425 λεπτο-

651 4456 954 4539 λογῆματα
986 4452 1225 4521 curiosi
1257 4447 1786 4532 interpellatoris,
1831 4448 1939 4529 qui
1984 4456 2049 4512 te
2084 4446 2220 4512 suis
2261 4446 2591 4530 ineptiolis

648 4541 1057 4609 familiariter
1090 4535 1426 4614 obtundat,
1467 4543 1615 4617 peto
1650 4531 1891 4598 Matth.
1933 4537 2008 4596 14
2032 4530 2133 4619 (3)
2176 4553 2333 4597 num
2379 4534 2592 4614 potius

647 4626 999 4712 legendum
1040 4625 1154 4689 sit:
1200 4627 1467 4706 propter
1507 4617 1946 4684 Herodiadem
1989 4638 2262 4683 uxorem
2305 4616 2592 4683 Herodis

651 4713 873 4780 nstris
935 4709 1082 4777 sui?
1170 4707 1343 4773 Nam
1406 4703 1569 4770 haec
1629 4703 1955 4770 Herodias
2020 4723 2175 4769 vere
2234 4724 2404 4769 uxor
2466 4704 2594 4768 fuit

825 4980 919 5115 {23
952 4975 1268 5103 {falmia}
1298 4993 1404 5100 ⁸3
1436 5046 1606 5101 auum
1654 5045 1828 5100 mm
1876 5043 2287 5167 ςινἪῳκ
2336 5043 2590 5127 videatur

850 5117 927 5172 ad
961 5116 1009 5169 1.
1049 5115 1170 5171 Gor.
1202 5113 1254 5183 3,
1291 5113 1388 5197 lB,
1433 5114 1639 5196 detque
1673 5112 1992 5169 Balantum
2142 5127 2326 5167 oman
2370 5113 2587 5170 adm-t.

858 5254 919 5321 5)
955 5200 1347 5309 3333ιῶᾞῖἶῖ
1377 5188 1684 5240 ‘'mmm‘'
2114 5320 2125 5331 ,

826 5323 920 5391 16)
957 5316 2263 5393 AnilkdequoN.855‚noi.2,mltque.

2185 411 2712 482 EPIS‘POLAE
2756 418 3097 479 857-858

4502 422 4603 483 432

2691 599 2996 679 Herodis,
3032 602 3146 685 qui
3168 602 3455 668 Herodis
3488 603 3754 671 maioris
3787 603 3965 670 filius
4000 605 4128 669 fuit
4147 625 4234 670 ex
4253 605 4611 686 Mariamne,

2693 687 2894 751 frater
2946 690 3465 772 consanguineus
3524 688 3806 755 Herodis
3862 691 4231 756 tetrarchae
4284 692 4611 758 Galilaeae.

2695 775 2788 837 At
2828 772 3179 856 Philippus
3232 774 3561 840 tetrarcha
3603 775 4086 842 Trachonitidis
4142 775 4430 843 Herodis
4482 799 4615 859 quo·

2694 879 2819 940 que
2860 859 3126 924 maioris
3171 859 3343 924 filius
3385 881 3468 925 ex
3513 861 3879 943 Cleopatra,
3923 882 4196 926 uxorem
4240 861 4473 928 habuit
4510 863 4617 928 Sa·

2695 944 2915 1008 lomen
2959 943 3164 1009 filiam
3199 945 3378 1010 illius
3412 946 3696 1012 Herodis
3721 948 4111 1012 Mariamnei
4156 957 4225 1011 et
4262 949 4469 1032 ipsius
4500 949 4618 1012 He-

2695 1028 2999 1106 rodiadis,
3045 1030 3172 1094 nisi
3217 1050 3320 1095 me
3363 1031 3534 1095 fallit
3575 1031 3894 1114 Iosephus
3938 1043 4058 1098 aut
4096 1054 4245 1098 mea
4286 1047 4463 1099 certe
4502 1055 4621 1098 me-

2697 1115 2920 1179 moria.
3011 1115 3145 1178 Res
3189 1116 3480 1181 fortassis
3523 1138 3654 1182 non
3700 1127 3803 1183 est
3842 1120 4065 1202 magni
4122 1121 4472 1198 momenti,
4521 1118 4624 1183 sed

2695 1210 2914 1263 tamen
2960 1199 3041 1264 ad
3088 1200 3400 1265 historiae
3433 1201 3630 1267 fidem
3666 1203 3971 1286 pertinet,
4018 1213 4085 1269 et
4126 1226 4248 1287 ego
4285 1205 4463 1270 hisce
4505 1203 4627 1270 die-

2696 1286 2819 1350 bus
2861 1285 2929 1348 in
2983 1286 3260 1367 quadam
3320 1285 3400 1352 de
3456 1289 3700 1370 nuptiis
3744 1287 4207 1373 disceptatione
4268 1311 4408 1355 non
4462 1292 4627 1372 potui

2697 1370 2867 1434 lianc
2912 1391 3122 1435 meam
3177 1371 3615 1454 suspicionem
3673 1373 4098 1440 dissimulare.
4199 1377 4366 1441 Erat
4425 1388 4630 1441 autem

2698 1475 2935 1540 magna
2978 1457 3308 1522 contentio
3365 1457 3448 1522 de
3489 1458 3798 1542 gradibus
3850 1463 4257 1545 cognationis
4315 1471 4383 1526 et
4441 1462 4633 1526 affini-

2698 1547 2872 1616 tatis,
2918 1551 2984 1606 et
3024 1563 3144 1606 nos
3182 1543 3528 1609 tuebamur
3561 1545 3739 1629 leges
3781 1566 4106 1625 romanas,
4151 1568 4311 1630 quas
4355 1569 4481 1613 nec
4516 1546 4633 1611 dis-

2698 1626 2912 1692 soluta
2954 1627 3218 1692 licentia
3273 1650 3393 1694 nec
3435 1634 3785 1695 severitate
3842 1634 4293 1715 superstitiosa
4346 1654 4635 1716 peccasse

2701 1712 3089 1790 dicebamus,
3135 1713 3249 1778 sed
3293 1735 3442 1779 eum
3485 1727 3861 1781 constanter
3893 1720 4181 1784 tenuisse
4222 1719 4495 1784 modum
4540 1719 4637 1801 qui

2702 1819 2821 1862 nec
2886 1797 3199 1880 pudorem
3261 1800 3578 1866 naturalis
3637 1802 3997 1870 honestatis
4063 1807 4344 1887 turpiter
4413 1806 4638 1888 prosti-

2701 1895 2932 1960 tueret,
2981 1906 3101 1950 nec
3145 1885 3510 1949 libertatem
3557 1888 3630 1952 in
3688 1889 4022 1970 republica
4066 1891 4505 1956 necessariam
4551 1901 4638 1954 te-

2702 1990 2877 2034 mere
2918 1970 3388 2035 interturbaret
3447 1981 3644 2055 atque
3686 1983 4029 2040 everteret.
4120 1974 4370 2041 Contra
4434 1987 4640 2041 autem

2700 2075 2812 2119 eos
2835 2055 3300 2121 accusabamus
3337 2056 3450 2139 qui
3485 2078 3689 2139 quum
3719 2067 3925 2124 totam
3961 2060 4287 2144 graduum
4325 2063 4643 2127 rationem

2699 2138 3134 2206 confuderunt
3178 2143 3364 2206 novis
3409 2144 3545 2208 suis
3589 2144 3883 2221 decretis,
3944 2158 4085 2210 tum
4133 2168 4290 2213 vero
4335 2150 4645 2213 terminos

2701 2226 2846 2290 illos
2892 2227 3172 2307 primum
3217 2248 3258 2292 a
3291 2229 3476 2293 Mose
3521 2228 3756 2295 deinde
3797 2251 3837 2295 a
3875 2232 4304 2314 prudentibus
4326 2233 4646 2298 Romanis

2700 2312 3029 2393 sapienter
3077 2313 3241 2377 fixos
3289 2314 3764 2381 inconsiderate
3810 2328 4193 2396 moverunt,
4243 2338 4456 2402 eoque
4511 2332 4647 2384 tan-

2700 2396 2847 2461 dem
2892 2395 3267 2462 reciderunt
3312 2410 3384 2463 ut
3426 2409 3498 2465 et
3547 2402 3865 2483 permissa
3907 2403 4331 2486 prohiberent
4389 2417 4465 2470 et
4511 2427 4648 2488 per-

2699 2485 3037 2547 mitterent
3077 2482 3423 2564 prohibita.

2870 2569 3079 2632 Tuam
3125 2566 3205 2633 de
3260 2570 3341 2636 iis
3394 2574 3503 2654 qui
3559 2569 3974 2655 baptisantur
4028 2595 4146 2657 pro
4197 2578 4485 2641 mortuis
4544 2596 4650 2640 no·

2698 2675 2846 2718 vam
2892 2654 3285 2719 sententiam
3331 2677 3541 2739 nuper
3585 2657 3757 2739 apud
3799 2679 3905 2724 me
3948 2660 4214 2743 quidam
4250 2662 4650 2745 exagitabat,

2695 2738 2866 2821 quod
2909 2739 3184 2805 iactaret
3226 2740 3477 2806 nullam
3534 2762 3680 2808 esse
3735 2744 3910 2827 apud
3970 2757 4222 2812 veteres
4276 2750 4425 2813 cius
4483 2747 4651 2813 anti·

2695 2826 2960 2907 quitatis
3002 2826 3399 2892 memoriam.
3489 2828 3742 2893 Contra
3796 2830 4088 2897 dicebam
4151 2854 4402 2898 morem
4450 2835 4651 2901 fuisse

2694 2910 3223 2992 antiquissimum
3266 2921 3335 2978 et
3376 2913 3601 2978 multis
3651 2916 3846 2979 etiam
3890 2929 4038 2998 post
4081 2919 4412 3000 apostolos
4461 2921 4650 2985 annis

2689 2996 2981 3073 durasse,
3026 3004 3102 3060 ut
3141 2997 3403 3063 iamiam
3426 2998 3727 3065 morituri
3761 3008 3827 3065 et
3860 3004 4144 3068 animam
4181 3022 4459 3090 agentes
4496 3009 4649 3092 bap·

2694 3082 3051 3147 tisarentur
3091 3083 3289 3149 etiam
3335 3085 3407 3149 in
3439 3084 3626 3163 lecto,
3672 3086 3847 3153 unde
3881 3100 3948 3153 et
3981 3090 4195 3156 clinici
4238 3092 4644 3160 dicebantur.

2694 3168 3141 3234 Tertullianus
3184 3171 3403 3237 nescio
3456 3171 3613 3254 quid
3656 3193 3741 3237 ex
3776 3193 4045 3239 suorum
4091 3185 4463 3259 temporum
4511 3201 4645 3246 mo-

2695 3254 2875 3319 ribus
2917 3254 3135 3331 refert,
3176 3254 3313 3318 aar
3351 3255 3518 3320 οὐδὲν
3548 3256 3722 3338 ὑγιές.
3811 3259 4022 3325 Incidi
4081 3274 4305 3344 postea
4363 3266 4437 3329 in
4490 3267 4645 3349 Epi-

2694 3339 3012 3421 phanium
3057 3340 3168 3420 qui
3211 3351 3393 3407 tuam
3426 3342 3608 3407 illam
3641 3344 4249 3429 interpretationem
4293 3351 4645 3418 manifeste

2695 3423 2942 3506 probat.
3029 3424 3214 3491 Haec
3257 3424 3339 3491 ad
3395 3439 3463 3493 te
3516 3430 3727 3496 refero
3773 3452 3859 3495 ne
3916 3433 4071 3514 quid
4128 3433 4352 3500 videar
4406 3459 4492 3503 eo
4547 3440 4645 3503 in·

2693 3510 2993 3576 consulto
3037 3530 3232 3594 agere
3275 3532 3314 3575 a
3356 3533 3482 3595 quo
3525 3522 3700 3580 totus
3743 3517 4028 3598 pendere
4073 3519 4238 3584 volo.

2866 3594 3066 3660 Porro
3108 3596 3268 3677 quid
3326 3597 3433 3663 hic
3485 3610 3723 3682 agatur
3765 3622 3899 3666 non
3948 3605 4177 3670 scribo.
4267 3605 4647 3674 Ediderunt

2694 3681 2981 3745 ieiunam
3043 3681 3369 3762 quandam
3435 3682 3970 3753 declamationem
4038 3691 4291 3772 profani
4357 3694 4645 3760 rhetoris

2695 3766 2918 3849 (quem
2962 3767 3169 3839 nosti)
3212 3767 3528 3835 adversus
3573 3770 3884 3837 Felinum.
3919 3776 4000 3856 ¹⁷)
4089 3776 4345 3841 Vellem
4403 3779 4507 3843 illi
4552 3790 4644 3844 te-

2695 3872 2844 3915 cum
2878 3872 2985 3917 res
3018 3859 3210 3932 esset,
3247 3874 3374 3935 quo
3396 3856 3603 3937 magis
3627 3857 3828 3922 semel
3850 3861 4284 3944 castigaretur
4321 3874 4391 3928 et
4427 3868 4644 3931 acrius

2696 3935 3155 4002 retunderetur
3195 3937 3478 4022 gloriosa
3533 3942 3790 4008 vanitas
3842 3944 4036 4011 huius
4080 3947 4439 4013 Thrasonis
4485 3970 4645 4034 gna-

2697 4022 2967 4088 thonici:
3021 4022 3261 4106 alioqui
3306 4027 3557 4108 garrire
3613 4047 3746 4091 non
3799 4029 4103 4096 desinent
4149 4032 4383 4099 horum
4431 4057 4642 4120 nuga-

2696 4118 2913 4172 torum
2959 4107 3326 4175 meritoriae
3371 4110 3647 4194 linguae,
3692 4133 4065 4199 quanquam
4119 4119 4352 4185 insano
4395 4121 4641 4187 latratu

2696 4202 3079 4258 raucescant
3120 4201 3190 4258 et
3227 4206 3619 4278 rumpantur
3650 4199 3873 4282 potius
3908 4201 4204 4286 hylactes
4246 4217 4314 4270 et
4356 4207 4639 4285 molossi,

2694 4298 2891 4428 guam
2955 4277 3041 4377 iis
3101 4281 3585 4363 compescendis
3646 4283 3889 4367 aliquid
3954 4291 4268 4372 temporis
4328 4292 4642 4375 depereat

2737 4384 2882 4428 oms
2920 4384 3097 4429 viris.

2869 4447 3072 4514 Venio
3127 4448 3210 4515 ad
3268 4453 3527 4522 amicos.
3615 4453 3728 4518 Illi
3784 4467 3849 4521 te
3906 4457 4261 4540 plurimum
4327 4463 4637 4540 salutant,

2696 4534 2809 4598 sed
2854 4532 3016 4599 nihil
3055 4536 3348 4601 scribunt
3391 4539 3546 4620 quia
3589 4540 3827 4624 frigore
3871 4546 4267 4628 congelascit
4308 4559 4638 4615 atramen-

2696 4631 2854 4684 tum.
2943 4620 3287 4686 Interdum
3329 4622 3713 4705 subversor,
3770 4638 3848 4691 ut
3898 4628 4184 4713 ingenue
4238 4632 4498 4716 loquar,
4554 4655 4637 4700 ne

2697 4706 2960 4770 tandem
3015 4707 3084 4769 in
3136 4708 3391 4772 fumum
3446 4723 3840 4778 evanescant
3893 4715 4079 4799 ignes
4142 4717 4407 4799 Capnii,
4465 4740 4637 4785 neve

2695 4791 2975 4877 caligine
3031 4791 3441 4858 obducantur
3496 4798 3816 4864 Asterisci.
3918 4799 4311 4885 Buryundus
4338 4808 4417 4888 18)
4484 4826 4634 4872 cum

2865 5047 2958 5110 17)
2997 5048 3284 5103 Buces-um.
3338 5050 3428 5104 De
3461 5069 3697 5121 quanam
3732 5055 4120 5112 declamatione
4151 5060 4302 5118 dieue
4330 5064 4487 5119 nobie
4519 5081 4633 5119 non

2691 5123 2901 5172 constat
2995 5121 3081 5169 An
3118 5118 3379 5175 Latenoi?

2869 5184 2956 5247 18)
2998 5185 3071 5239 Ν.
3106 5186 3222 5241 808.
3264 5218 3326 5228 -
3365 5189 3435 5243 In
3477 5188 3743 5245 Pie-aratia
3775 5194 3937 5248 etiam
3970 5197 4117 5250 cives
4144 5197 4234 5251 6112·
4263 5200 4564 5270 quaa-endi
4592 5218 4629 5253 a

2696 5315 2701 5319 ,
2764 5255 3109 5376 ibeeadailerae
3143 5262 3217 5310 ad
3258 5257 3536 5312 Calvinum
3574 5262 3866 5315 mittendas
3899 5271 4210 5332 mammo
4242 5282 4298 5323 sc
4333 5270 4477 5338 diat,
4512 5269 4628 5325 oeil-

2757 5340 2877 5375 omo
2920 5340 3161 5381 anemos.
