4825 6175
41 2840 42 2849 ,
141 2806 384 2851 venem
454 2807 615 2851 0888.

168 454 275 520 309

165 637 538 711 assuefacias
579 637 788 703 filium
843 645 920 703 ut
960 637 1150 706 facile
1201 636 1284 703 de
1335 638 1864 724 praeceptoribus
1919 638 2094 724 apud

166 736 222 793 te
258 733 694 806 conqueratur
743 732 859 789 aut
900 744 1013 790 eos
1052 725 1305 790 incuset
1319 775 1334 803 ‚
1392 735 1510 791 aut
1563 747 1650 793 ne
1703 725 1899 792 facile
1953 746 2093 790 mo-

164 810 363 878 vearis
405 809 780 876 huiusmodi
814 809 1114 893 querelis.
1180 808 1331 876 Scis
1371 812 1550 877 enim
1592 833 1789 895 quam
1831 813 2098 877 infirma

164 903 223 966 et
257 897 346 961 im
392 894 635 961 rudens
677 895 766 960 sit
804 916 884 961 ea
925 905 1124 976 aetas,
1165 917 1334 979 quae
1376 898 1704 964 seniorum
1748 897 2098 981 prudentia

301 1004 348 1047 n
477 991 593 1047 est.
683 979 1224 1048 Lacedaemoniis
1278 1003 1421 1049 mos
1464 991 1609 1048 erat
1652 992 1727 1049 ut
1768 984 1824 1050 si
1867 1003 2096 1049 eorum

160 1069 333 1136 liberi
392 1066 567 1152 apud
618 1079 927 1151 parentes
981 1078 1535 1151 conquererentur
1587 1067 1757 1151 qued
1813 1067 1896 1134 ab
1949 1067 2094 1133 aliis

161 1153 451 1238 castigati
492 1162 728 1230 essent,
774 1165 849 1219 ut
891 1153 1107 1220 denuo
1162 1175 1202 1219 a
1258 1154 1637 1237 parentibus
1693 1156 2092 1237 castigaren-

159 1249 278 1318 tur,
323 1239 496 1323 quod
537 1258 926 1323 persuasum
974 1241 1309 1320 haberent,
1353 1261 1505 1306 suos
1551 1240 1789 1307 liberos
1832 1241 1912 1306 ab
1949 1240 2095 1306 aliis

161 1326 335 1411 diligi
379 1325 558 1391 haud
597 1346 784 1391 secus
825 1345 904 1392 ac
946 1326 1002 1392 si
1058 1327 1362 1393 omnibus
1416 1348 1796 1393 communes
1855 1333 2091 1393 essent.

160 1410 230 1480 Si
270 1411 461 1477 nobis
503 1413 845 1496 negotium
887 1420 1061 1478 esset
1100 1433 1253 1478 eum
1294 1413 1618 1497 tyrannis,
1679 1413 1914 1477 merito
1955 1433 2095 1478 me-

158 1507 486 1565 moremus
526 1498 749 1563 liberis
791 1499 1062 1563 nostris:
1117 1498 1231 1563 sed
1289 1519 1330 1564 a
1371 1498 1745 1567 christianis
1789 1518 2094 1581 praecep·

155 1582 400 1651 toribus
462 1582 817 1649 christiana
882 1584 1104 1649 omnia
1165 1594 1326 1649 sunt
1388 1584 1576 1650 nobis
1637 1583 2093 1667 exspectanda.

155 1671 293 1754 Ego
337 1668 499 1735 alios
541 1690 687 1735 meo
729 1667 895 1753 pede
938 1668 1188 1735 metior.
1281 1668 1491 1735 Crede
1536 1669 1731 1735 mihi:
1791 1690 1913 1754 ego
1953 1691 2096 1735 ma-

151 1757 250 1841 gis
293 1775 446 1821 sum
482 1754 563 1820 de
606 1754 835 1821 alienis
878 1776 1073 1838 quam
1109 1753 1189 1820 de
1222 1757 1387 1821 meis
1430 1755 1746 1822 sellicitus
1779 1766 1847 1821 et
1879 1756 2097 1821 indul-

152 1842 412 1927 gentior
476 1842 546 1906 in
610 1840 776 1907 alies
839 1861 1036 1924 quam
1099 1840 1170 1905 in
1233 1862 1434 1907 meos.
1524 1842 1698 1907 Novi
1761 1850 2100 1924 praeterea

152 1948 346 2010 quam
392 1926 742 1993 molestum
785 1927 872 1992 sit
910 1927 1172 1993 cordato
1206 1927 1352 1993 viro
1397 1927 1772 1993 huiusmodi
1815 1927 2098 2011 querelis

149 2013 433 2097 fatigari.
533 2013 721 2078 Haec
776 2011 919 2078 ideo
971 2012 1183 2078 scribo
1237 2011 1409 2096 quod
1464 2021 1754 2079 metuam
1810 2033 1897 2078 ne
1954 2012 2101 2079 Gor-

151 2099 313 2166 devii
357 2099 655 2164 animum
691 2098 1062 2164 huiusmodi
1107 2098 1368 2181 scriptis
1394 2098 1624 2165 Petrus
1657 2121 1697 2164 a
1732 2119 1802 2166 se
1837 2099 2097 2176 alienet,
2154 2112 2162 2145 ἱ

148 2205 344 2268 quem
393 2184 714 2253 haetenus
757 2205 1014 2269 semper
1055 2183 1285 2249 habuit
1326 2184 1791 2251 amicissimum
1835 2191 1904 2250 et
1942 2206 2101 2250 vere

145 2280 527 2355 patronum.
628 2271 802 2336 Nam
858 2291 1084 2336 omnes
1138 2270 1436 2336 homines
1489 2292 1751 2347 sumus,
1808 2271 2103 2353 nihilque

41 2430 42 2435 ἵ
143 2357 424 2441 gravius
466 2355 713 2422 homini
760 2356 1052 2422 accidere
1093 2363 1310 2438 potest
1360 2377 1556 2439 quam
1614 2377 1818 2440 quum
1863 2358 2103 2439 probra

145 2442 436 2508 sustinet
475 2441 585 2507 ubi
640 2442 904 2507 laudem
961 2464 1031 2507 se
1086 2452 1588 2525 assequuturum
1645 2441 1979 2525 sperabat,
2035 2452 2104 2508 et

41 2548 44 2605 ,'
143 2548 354 2610 quum
413 2549 540 2593 sua
594 2529 807 2595 officia
864 2526 1042 2593 videt
1105 2548 1238 2592 non
1292 2527 1519 2610 aequis
1577 2529 1812 2593 animis
1869 2528 2098 2612 excipi.

41 2622 44 2685 f
142 2613 288 2680 Nisi
335 2612 535 2680 valde
577 2613 784 2693 failor,
833 2624 982 2680 tuus
1024 2612 1254 2679 Petrus
1290 2614 1862 2680 innocentissimus
1905 2624 2006 2681 est
2038 2621 2105 2679 et

139 2699 440 2784 optimae
482 2698 737 2779 indolis,
780 2698 898 2765 sed
940 2699 1315 2764 memineris
1368 2721 1516 2765 eum
1572 2720 1852 2784 puerum
1895 2713 1960 2765 et
2001 2701 2102 2765 iu·

41 2856 42 2871 ἦ
733 2784 1054 2867 Quamvis
1120 2786 1294 2849 enim
1359 2805 1481 2868 ego
1546 2784 1820 2851 candide
1884 2787 2105 2851 omnia

41 2880 44 2885 ’
137 2870 566 2955 interpreter,
624 2893 757 2936 non
798 2892 1064 2956 possum
1108 2880 1331 2936 tamen
1374 2893 1524 2937 eum
1569 2871 1746 2936 omni
1789 2871 1981 2953 eulpa
2020 2871 2103 2936 li-

41 2954 42 2965 ’
138 2955 399 3038 berare,
449 2956 619 3040 qued
665 2979 771 3023 me
814 2957 1017 3024 inscio
1075 2958 1204 3022 ista
1244 2955 1327 3021 ad
1373 2966 1440 3020 te
1484 2957 1836 3039 scripserit.
1927 2957 2100 3021 Nam

41 3121 42 3126 ἵ
135 3044 324 3126 prius
373 3064 534 3109 eum
579 3064 962 3110 monueram
1006 3054 1096 3123 ut,
1143 3043 1198 3109 si
1251 3042 1405 3126 quid
1449 3043 1520 3108 in
1566 3038 1719 3108 ludo
1764 3052 1882 3108 aut
1925 3041 2101 3109 domi

43 3153 44 3156 ¹
135 3130 438 3212 iniquius
481 3130 551 3195 in
587 3152 736 3196 eum
772 3140 1094 3214 ageretur,
1132 3129 1198 3194 id
1237 3130 1401 3194 mihi
1433 3130 1845 3213 significaret.
1907 3129 2101 3211 Quod

134 3216 188 3281 si
231 3216 512 3294 faceret,
557 3236 664 3280 me
703 3235 1071 3299 receperam
1115 3216 1337 3280 omnia
1379 3217 1624 3298 optima
1664 3214 1794 3281 fide
1836 3228 2101 3281 curatu-

134 3320 284 3365 rum
331 3322 515 3384 quae
557 3302 627 3366 in
670 3322 811 3367 rem
848 3303 1052 3386 ipsius
1087 3302 1313 3367 futura
1353 3302 1729 3366 iudicarem.
1820 3301 1897 3366 Id
1941 3322 2101 3367 vero

134 3385 472 3453 haetenus
528 3408 662 3453 non
718 3388 1058 3471 praestitit.
1164 3390 1272 3452 An
1329 3386 1410 3451 de
1468 3409 1573 3452 me
1628 3397 1745 3451 aut
1800 3386 1881 3453 de
1936 3387 2102 3454 meis

134 3480 418 3555 questus
465 3473 553 3537 sit
596 3475 829 3540 nescio.
920 3473 1091 3538 Rem
1149 3473 1312 3538 mihi
1369 3476 1613 3539 faceret
1655 3473 2099 3557 gratissimam

133 3558 187 3622 si
229 3579 342 3623 me
381 3570 707 3624 moneret.
771 3559 990 3625 Multa
1023 3560 1200 3624 enim
1238 3558 1412 3625 domi
1448 3559 1592 3624 fieri
1625 3569 1902 3642 possunt
1935 3580 2101 3643 quae

130 3643 268 3725 ipse
311 3644 646 3729 ignorem.
745 3645 956 3711 Porro
974 3698 988 3723 ,
1047 3645 1220 3727 quod
1275 3645 1360 3710 ad
1421 3645 1788 3712 Gorderium
1843 3646 2097 3725 attinet,

132 3729 222 3793 ita
265 3729 531 3809 monui,
576 3738 651 3795 ut
693 3730 945 3796 monita
979 3752 1109 3796 non
1144 3729 1434 3797 dubitem
1477 3732 1836 3813 profutura,
1882 3733 2099 3815 sieque

128 3836 204 3880 ea
239 3815 646 3900 temperavi,
684 3826 759 3881 ut
790 3816 956 3881 nihil
993 3815 1073 3881 de
1109 3823 1379 3899 paterno
1414 3839 1529 3882 suo
1565 3819 1634 3881 in
1671 3831 1855 3883 tuum
1893 3818 2096 3884 filium

130 3902 378 3968 affeetu
455 3901 785 3969 remisisse
861 3902 1174 3968 videatur.
1277 3903 1451 3968 Eum
1525 3903 1728 3986 igitur
1781 3904 2099 3985 persuade

130 3987 246 4053 tibi
309 3990 616 4054 amicum
675 3998 743 4052 et
799 3988 932 4053 filio
978 3999 1089 4053 tuo
1134 3997 1419 4071 patrem,
1476 3988 1645 4071 quod
1706 3988 1824 4053 tibi
1867 3989 1948 4054 de
1992 4010 2098 4054 me

130 4092 395 4158 quoque
446 4095 831 4157 persuasum
876 4094 1019 4139 esse
1058 4074 1279 4139 velim.
1367 4074 1509 4138 Iam
1566 4073 1921 4141 secundum
1980 4094 2095 4141 ve-

129 4158 307 4224 niam
347 4169 667 4243 precatus
702 4181 866 4238 sum,
903 4158 1071 4243 qued
1110 4161 1375 4225 tertium
1413 4160 1597 4240 faeie,
1641 4172 1717 4225 ut
1750 4158 2092 4239 condones,

131 4243 184 4308 si
225 4244 396 4328 quid
448 4245 619 4310 forte
663 4267 810 4310 mea
853 4255 919 4309 te
961 4245 1264 4310 libertate
1307 4245 1719 4324 offenderim,
1780 4255 1848 4310 et
1889 4245 1948 4311 si
1992 4247 2093 4309 ni-

129 4331 334 4396 mium
386 4339 519 4396 tua
564 4331 806 4397 abusus
844 4331 1049 4395 videri
1095 4352 1326 4414 queam
1378 4331 1665 4397 amicitia
1708 4340 1776 4395 et
1813 4330 2093 4396 familia-

129 4415 343 4482 ritate.
399 4456 493 4466 —
538 4456 624 4465 -
667 4454 751 4464 —-
794 4417 982 4494 Vale,
1028 4416 1187 4482 felix
1232 4417 1302 4481 in
1345 4417 1651 4495 Domine,
1709 4418 1821 4500 qui
1866 4425 1932 4481 te
1974 4438 2091 4482 no-

129 4497 222 4569 bis
288 4502 414 4568 diu
482 4513 706 4568 servet
768 4502 1181 4569 incolumem.
1290 4502 1687 4568 Lausannae
1753 4508 1810 4568 8.
1866 4503 2091 4569 Martii

137 4591 315 4654 1546.

720 4728 918 4805 Tuus,
965 4728 1021 4792 si
1064 4748 1227 4794 suus
1268 4707 1385 4804 est,
1429 4727 1673 4793 Petrus
1715 4726 2004 4792 Viretus.

1897 453 2061 517 1546
2104 449 2388 521 MART.

4023 454 4155 521 310

3106 638 3257 711 77⁸.

2683 788 3186 860 FARELLUS
3229 791 3668 863 OALVINO.

2374 962 2590 1048 Peryt't
2624 963 2699 1029 in
2739 965 3126 1032 enarrandi-³
3179 965 3267 1031 iis
3316 984 3478 1047 quae
3516 966 3594 1032 de
3636 967 3997 1034 aoeersendo
4038 967 4161 1037 Li·

2196 1049 2416 1117 berteto
2458 1055 2589 1115 tam
2634 1049 2929 1117 Neocomi
2968 1071 3167 1134 quam
3204 1049 3365 1116 alibi
3396 1055 3574 1134 qesta
3611 1051 3869 1133 fuerunt
3910 1059 3967 1119 et
4003 1052 4159 1122 Gaz-

2196 1137 2686 1289 amangus
2729 1141 2801 1203 ut
2841 1137 2978 1219 ipse
3016 1137 3189 1205 adsit
3227 1137 3482 1220 quando
3525 1157 3724 1205 novus
3753 1144 3978 1222 pastor
4018 1159 4158 1209 mo·

2198 1394 2312 1463 (Ex
2346 1393 2687 1465 autographo
2733 1392 2876 1449 Bibl.
2926 1398 3206 1463 pastorum
3239 1391 3706 1449 Neoeomeusium.
3774 1393 3916 1465 Epp.
3952 1396 4160 1453 Fanni

2887 1462 3065 1516 fascic.
3100 1460 3198 1516 111.
3234 1461 3305 1516 N.
3338 1458 3455 1553 10.)
3568 1464 3573 1471 ’
3938 1464 3945 1471 ’

2299 1644 2312 1655 ’
2372 1650 2768 1719 Doctissimo
2830 1659 2899 1716 et
2961 1649 3311 1734 insigniter
3365 1650 3473 1734 pio
3546 1649 3791 1732 pastori
3845 1651 4162 1719 ecelesiae

2203 1738 2621 1839 Geneyensis
2660 1736 2757 1803 10.
2807 1735 3087 1803 Calvino
3144 1735 3337 1802 fratri
3390 1746 3461 1801 et
3512 1743 3915 1821 symmystae
3957 1758 4161 1821 quam

2203 1844 2542 1892 carissimo

3519 1905 3848 1973 Genevae.

2373 2047 2446 2115 S.
2522 2045 2657 2129 Qui
2699 2045 2850 2111 istie
2893 2044 3164 2110 fuerunt
3202 2043 3440 2109 fratres
3464 2047 3514 2120 ¹)
3560 2050 3919 2108 narrarunt
3960 2065 4160 2127 quam

2204 2133 2584 2200 humaniter
2626 2152 2776 2199 cum
2833 2132 2928 2197 eis
2971 2130 3217 2215 egeris,
3273 2129 3508 2212 quibus
3562 2128 3794 2195 officiis
3848 2136 3917 2194 et
3958 2150 4163 2214 supra

2204 2240 2398 2304 quam
2436 2227 2704 2303 possent
2737 2217 2981 2283 referre
3016 2213 3225 2280 modis
3262 2214 3562 2278 omnibus
3598 2214 4011 2281 contenderis
4047 2236 4162 2284 eos

2205 2306 2528 2389 excipere,
2572 2314 2641 2370 et
2677 2313 2898 2370 tecum
2942 2300 3056 2368 alii
3098 2302 3361 2379 fratreS,
3426 2319 3502 2365 ae
3552 2299 3887 2365 iusserunt
3929 2310 4006 2366 ut
4048 2321 4160 2367 eo·

2204 2413 2354 2458 rum
2397 2391 2662 2456 nomine
2705 2389 2824 2455 tibi
2866 2396 2935 2454 et
2976 2387 3250 2453 caeteris
3293 2388 3539 2471 gratias
3574 2406 3855 2470 agerem.
3945 2388 4163 2454 Doces

2206 2498 2326 2543 nos
2389 2487 2504 2543 tuo
2569 2475 2870 2560 exemplo
2945 2472 3101 2558 quid
3165 2479 3497 2556 praestare
3563 2470 3707 2537 aliis
3785 2471 4161 2539 debeamus.

2206 2564 2344 2629 Nee
2400 2563 2561 2629 satis
2605 2563 2730 2627 fuit
2772 2558 2944 2644 quod
3000 2559 3095 2624 ita
3150 2558 3364 2643 egeris
3422 2556 3628 2633 domi,
3684 2558 3816 2622 nisi
3874 2556 3957 2622 ad
4013 2579 4160 2625 eoe-

2207 2658 2348 2714 tum
2366 2651 2426 2727 ²)
2470 2649 2727 2715 venires
2770 2655 2837 2712 et
2879 2665 3140 2711 eausam
3198 2653 3488 2709 nostram
3535 2642 3897 2722 adiuvares,
3944 2653 4018 2709 ut
4060 2645 4157 2710 fe-

2208 2735 2421 2802 liciter
2496 2734 2632 2800 illic
2696 2731 3207 2817 transigeretur,
3271 2739 3346 2793 ut
3411 2730 3685 2815 contigit
3747 2729 4162 2814 benignitate

2207 2820 2498 2886 Domini.
2586 2819 2740 2885 Huc
2793 2818 3191 2901 appulerunt
3232 2814 3514 2880 Veneris
3532 2818 3588 2891 ⁸)
3632 2815 3753 2880 sub
3797 2835 4160 2898 vesperam,

2206 2915 2274 2971 et
2315 2907 2545 2973 literas
2569 2903 2999 2985 christophori
3041 2899 3361 2967 dederunt
3394 2900 3738 2984 praefecto,
3784 2900 3897 2985 qui
3941 2902 4163 2968 nescio

2207 2992 2362 3076 quid
2418 2991 2640 3057 attulit
2695 2991 2777 3055 de
2835 3009 2911 3054 eo
2965 2989 3079 3072 qui
3135 2988 3525 3054 constitutus
3582 2987 3796 3051 fuerat
3840 2984 4161 3068 Albonae,

2205 3080 2392 3163 quasi
2437 3076 2675 3145 Comes
2719 3075 3107 3143 Grueranus
3151 3073 3472 3140 effecisset
3512 3082 3591 3139 ut
3629 3073 3852 3140 omnia
3896 3074 4165 3142 inversa

2205 3167 2514 3244 fuissent,
2585 3161 3006 3231 subindicans
3061 3160 3251 3226 nobis
3304 3181 3438 3225 non
3504 3180 3692 3225 secus
3748 3167 4162 3242 eventurum,

2206 3251 2503 3334 dixitque
2546 3258 2695 3335 post
2733 3249 2934 3313 lectas
2967 3247 3192 3312 literas
3235 3255 3313 3311 ut
3347 3265 3458 3311 eas
3492 3244 3841 3311 redderent
3882 3253 4165 3330 quatuor

2203 3336 2599 3422 reipublicae
2650 3331 3079 3420 praesidibus.
3185 3330 3445 3413 Quibus
3502 3352 3703 3415 quum
3762 3331 3955 3397 datae
3997 3331 4163 3397 fuis-

2204 3435 2352 3490 sent
2367 3476 2383 3501 ,
2453 3433 2520 3489 et
2580 3421 2654 3488 hi
2712 3419 3030 3486 adiissent
3092 3417 3496 3504 praefectum
3552 3424 3619 3482 et
3683 3419 4027 3501 petiissent
4081 3425 4164 3483 ut

2203 3509 2573 3595 praefectus
2615 3506 2932 3574 scriberet
2986 3513 3063 3570 ut
3103 3506 3177 3569 in
3235 3502 3550 3569 electione
3593 3503 3973 3569 conclusum
4017 3503 4163 3570 fue—

2203 3606 2312 3662 rat
2328 3647 2343 3675 ,
2397 3597 2459 3661 is
2516 3591 2854 3678 respondit
2906 3597 3205 3674 oportere
3260 3590 3448 3674 prius
3491 3588 3718 3654 audire
3765 3587 4161 3673 Chr-{stopho-

2201 3703 2366 3761 rum,
2410 3691 2479 3746 et
2521 3680 2579 3746 si
2619 3676 2861 3764 populo
2917 3686 3092 3743 esset
3144 3685 3373 3762 gratus
3426 3684 3585 3741 tune
3636 3681 3947 3759 rogarent
3988 3675 4159 3742 Ber—

2202 3788 2459 3834 uenses.
2550 3763 2685 3832 Sed
2748 3762 3019 3829 tandem
3074 3761 3445 3828 admonitus
3509 3760 3878 3845 praefectus
3943 3761 4160 3827 voluit
4250 3841 4253 3844 Α

2202 3868 2276 3920 ut
2319 3863 2598 3937 quatuor
2641 3859 2950 3936 cogerent
2993 3859 3291 3914 senatum
3348 3860 3416 3913 et
3467 3847 3616 3912 illos
3670 3867 3831 3930 quos
3873 3847 4163 3930 quadra·

2202 3942 2387 4025 ginta
2432 3946 2690 4016 vocant,
2748 3945 2824 4001 ut
2867 3935 2995 4000 hae
3049 3935 3188 4008 via,
3249 3934 3303 3999 si
3357 3932 3513 4016 quid
3570 3944 3788 4016 posset
3828 3932 4156 4016 impediri,

2204 4029 2402 4091 tieret.
2495 4026 2589 4091 At
2628 4023 2818 4108 pauci
2863 4020 3177 4104 refragati
3221 4020 3523 4094 fuerunt,
3584 4018 3692 4082 alii
3754 4029 4160 4085 censuerunt

2201 4109 2618 4176 scribendum
2684 4105 2768 4174 ad
2830 4107 3225 4172 Beruenses.
3314 4103 3731 4182 Praefectus,
3798 4103 3907 4169 ubi
3977 4104 4158 4172 videt

2197 4218 2318 4281 per
2361 4197 2523 4262 alios
2565 4194 2734 4260 nihil
2779 4213 2987 4277 pesse,
3043 4190 3414 4257 assentitur.
3503 4189 3671 4255 Heri
3715 4209 3871 4273 ergo
3914 4192 4157 4257 missae

2198 4286 2470 4349 fuerunt
2513 4282 2803 4348 Bernam
2848 4279 3107 4355 literae,
3168 4286 3234 4339 et
3289 4276 3482 4340 hodie
3539 4275 3775 4339 fratres
3834 4277 3946 4358 qui
4003 4276 4155 4343 istie

2196 4370 2465 4435 fuerunt
2507 4375 2970 4433 concesserunt
3010 4363 3318 4429 Bernam.
3408 4360 3769 4443 Speremus
3788 4361 4152 4427 Dominum

2197 4454 2383 4521 nobis
2460 4452 2744 4537 benigne
2821 4450 3220 4515 adfuturum.
3361 4447 3788 4512 'Bononiensis
3867 4447 4153 4513 decanus

2198 4562 2348 4608 eum
2406 4539 2614 4605 altero
2667 4537 2873 4602 fratre
2926 4535 3254 4618 profectus
3323 4554 3399 4597 00
3454 4533 3596 4597 fuit.
3703 4531 3779 4597 Si
3838 4531 4151 4597 Christus

2195 4627 2424 4693 feeerit
2464 4645 2585 4689 nos
2627 4624 2763 4688 voti
2808 4628 3161 4703 compotes,
3201 4640 3397 4703 quam
3433 4628 3607 4685 esset
3641 4627 3901 4701 gratum
3937 4618 4153 4682 omni-

2196 4714 2321 4780 bus
2363 4708 2673 4776 fratribus
2716 4717 2783 4773 te
2841 4706 2948 4772 hie
2992 4706 3163 4771 esse!
3268 4704 3547 4771 Viretum
3601 4704 3798 4768 etiam
3854 4704 4151 4785 eupiunt,

2195 4800 2328 4864 imo
2369 4796 2569 4862 etiam
2611 4795 2826 4877 ipsum
2858 4793 3236 4870 Tussannm,
3282 4802 3351 4856 et
3393 4792 3601 4856 altere
3644 4786 3748 4855 die
3790 4789 4151 4870 impositio-

2197 4887 2301 4950 nis
2356 4901 2670 4948 manuum
2688 4930 2704 4958 ,
2769 4879 2902 4944 imo
2961 4878 3105 4962 ipso
3164 4876 3298 4957 die,
3365 4886 3587 4943 coetus
3649 4873 4008 4940 haberetur
4073 4894 4150 4943 ac

2198 5060 2290 5067 ...-

2217 5171 2356 5227 776.
2394 5171 2452 5238 1)
2504 5169 2738 5235 delmati
2792 5185 2830 5221 a
2879 5166 3067 5221 Classe
3115 5166 3474 5221 Neocomensi
3523 5163 3828 5219 Tenendum
3872 5164 4032 5218 missi
4069 5162 4152 5219 ad

2197 5243 2528 5298 Liber-totum
2564 5238 2673 5303 (N.
2709 5235 2827 5305 ⁷⁷3,
2860 5244 2970 5291 not.
3006 5234 3085 5301 7).

2399 5307 2458 5373 2)
2493 5308 2688 5362 elassis
2723 5305 3122 5361 Navoa-aeneis.

2398 5376 2461 5444 3)
2495 5375 2546 5429 5.
2584 5376 2805 5432 Martii.

3630 5454 3735 5507 20}
