4825 6175
648 448 771 512 387

817 631 1084 700 Eximio
1128 629 1380 698 Christi
1431 649 1624 698 servo
1665 628 1754 697 D.
1798 629 2037 698 Ioanni
2077 627 2355 700 Oalvino
2397 627 2601 697 ecole-

645 719 782 786 siae
815 718 1229 787 Genevensis
1268 717 1515 802 pastori
1550 716 2053 802 vigilantissimo
2083 715 2278 782 fratri
2318 722 2387 781 et
2421 736 2601 801 sym-

645 812 903 890 mystae
935 804 1293 888 plurimum
1338 800 1744 870 observando
2006 830 2336 955 &nov-w·

816 1023 888 1092 S.
974 1025 1163 1095 Uxor
1204 1025 1490 1091 cantoris
1532 1045 1679 1091 cum
1724 1023 1849 1089 hoc
1902 1022 2145 1089 nuncio
2186 1022 2351 1087 mihi
2393 1023 2596 1089 verba

644 1113 800 1179 fecit
842 1112 921 1176 de
965 1110 1246 1194 quadam
1288 1110 1567 1176 honesta
1607 1109 1904 1189 muliere,
1947 1129 2138 1192 quam
2175 1109 2451 1193 cupiunt
2479 1109 2591 1191 qui

641 1219 789 1264 eam
832 1202 1080 1262 norunt
1121 1194 1441 1262 abducere
1485 1216 1568 1260 ex
1611 1197 1919 1280 Aegypto
1972 1193 2091 1259 illa
2132 1194 2206 1258 in
2252 1213 2382 1278 qua
2426 1193 2589 1259 deti-

643 1292 858 1349 netur.
945 1282 1050 1348 Ea
1087 1281 1402 1347 maritum
1447 1279 1662 1360 habet,
1707 1289 1784 1345 ut
1826 1276 2036 1358 audio,
2081 1280 2192 1363 qui
2241 1300 2312 1346 se
2352 1299 2589 1362 parum

640 1369 952 1434 maritum
998 1375 1303 1451 praestat.
1393 1365 1692 1433 Gravata
1729 1372 1833 1431 est
1883 1384 2017 1430 uno
2072 1386 2277 1448 puero
2320 1365 2433 1449 qui
2474 1365 2587 1429 ad-

638 1454 773 1521 huc
812 1454 1026 1520 lactet.
1115 1451 1248 1519 Sed
1295 1453 1447 1536 quia
1488 1451 1568 1517 iis
1612 1472 1748 1517 non
1805 1450 2098 1536 suppetit
2153 1450 2430 1535 pecunia
2476 1449 2588 1534 qui

641 1541 810 1606 hano
853 1542 993 1605 eius
1035 1557 1258 1604 curam
1303 1544 1758 1621 susceperunt,
1813 1557 1920 1604 me
1964 1535 2181 1602 oravit
2223 1557 2391 1602 uxor
2433 1556 2586 1602 can-

640 1626 803 1691 toris
846 1644 996 1690 cum
1043 1624 1166 1690 hoc
1209 1624 1449 1689 nuncio
1493 1629 1569 1688 ut
1602 1623 1727 1688 hac
1761 1619 1842 1687 de
1875 1643 1949 1688 re
1984 1622 2066 1686 ad
2101 1630 2170 1687 te
2212 1622 2583 1689 scriberem.

639 1710 936 1795 Cupiunt
977 1710 1173 1781 enim.
1216 1707 1275 1775 si
1316 1710 1485 1774 iuste
1527 1706 1812 1788 iudicas,
1870 1708 2084 1774 iuvari
2130 1728 2242 1773 eos
2285 1708 2395 1791 qui
2442 1728 2582 1772 eam

639 1809 796 1863 sunt
839 1793 1181 1861 adduct-uri
1240 1793 1322 1860 ad
1381 1794 1701 1860 viaticum
1759 1815 1843 1860 ex
1895 1793 2176 1877 pecunia
2231 1814 2429 1877 quam
2470 1813 2584 1857 au-

640 1881 903 1947 dierunt
945 1881 1092 1947 istic
1129 1880 1412 1946 dicatam
1446 1901 1589 1945 esse
1623 1881 1692 1944 in
1728 1901 1886 1945 usus
1920 1899 2299 1963 pauperum.
2366 1877 2586 1944 Audio

638 1968 896 2033 cuidam
941 1967 1242 2032 ministro
1286 1965 1429 2050 agri
1470 1965 1670 2031 vestri
1712 1965 1881 2031 bene
1915 1972 2140 2030 notam
2176 1985 2318 2030 esse
2353 1964 2584 2029 mulie·

637 2075 794 2119 rem.
863 2052 997 2133 Qui
1040 2051 1157 2117 tibi
1202 2051 1326 2117 hac
1362 2049 1442 2117 de
1484 2072 1556 2116 re
1599 2071 1750 2116 cum
1791 2050 2038 2135 aliquot
2079 2050 2227 2116 aliis
2268 2049 2586 2115 fratribus

637 2148 795 2205 sunt
837 2139 1037 2204 verba
1078 2137 1332 2204 facturi.
1421 2137 1567 2221 Ego
1650 2135 1762 2201 uid
1806 2138 1893 2202 sit
1932 2136 2183 2221 ignoro.
2268 2135 2441 2200 Rem
2483 2142 2583 2200 to-

639 2237 776 2290 tam
841 2232 993 2289 tuae
1072 2223 1406 2290 committo
1484 2243 1608 2306 pru
1656 2221 1889 2287 entiae.
1998 2222 2193 2287 Nolui
2261 2218 2584 2305 denegare

636 2309 810 2394 quod
869 2332 908 2375 a
966 2329 1071 2374 me
1113 2308 1564 2395 postularunt,
1620 2327 1833 2391 neque
1888 2307 2241 2391 quidquam
2298 2305 2583 2390 amplius

637 2399 850 2463 facere
893 2394 1089 2475 volui,
1135 2395 1292 2478 quia
1333 2393 1504 2459 nihil
1546 2392 1707 2457 mihi
1764 2392 1886 2458 hac
1945 2392 2023 2459 de
2068 2413 2139 2457 re
2179 2402 2581 2476 compertum

638 2490 755 2562 est,
799 2481 926 2546 nisi
970 2480 1139 2563 quod
1183 2479 1350 2544 mihi
1393 2480 1618 2562 paucis
1663 2478 1770 2543 hic
1814 2478 1893 2544 ab
1929 2478 2034 2545 his
2078 2487 2418 2544 narratum
2463 2484 2580 2543 est.

638 2569 741 2633 Tu
787 2587 1052 2634 causam
1097 2565 1329 2630 melius
1385 2564 1711 2648 intelliges
1768 2564 1854 2629 ab
1892 2563 1975 2630 iis
2018 2563 2128 2648 qui
2164 2586 2303 2630 rem
2349 2563 2585 2629 melius

638 2660 881 2731 tenent,
927 2650 1386 2734 expendesque
1429 2670 1557 2714 non
1598 2649 1807 2714 solum
1844 2649 2130 2733 dignane
2165 2650 2253 2715 sit
2287 2671 2362 2716 eo
2398 2649 2583 2713 auxi-

636 2739 725 2804 lio
770 2737 942 2823 quod
985 2737 1351 2820 postulant,
1413 2735 1527 2801 sed
1582 2754 1668 2798 an
1728 2735 1970 2800 tentari
2028 2733 2109 2801 ab
2149 2734 2287 2801 illis
2333 2733 2582 2800 debeat.

807 2821 1289 2905 Exspectabam
1333 2820 1448 2887 abs
1491 2829 1555 2886 te
1591 2820 1908 2904 scriptum
1934 2821 1983 2906 ¹)
2028 2819 2198 2904 quod
2235 2820 2317 2886 ad
2360 2828 2427 2886 te
2460 2820 2585 2885 mi-

636 2930 868 2976 seram.
959 2908 1313 2974 Committe
1371 2905 1539 2971 mihi
1603 2905 2011 2972 afferendum
2075 2907 2135 2972 ei
2198 2905 2584 2973 scholastico

637 3017 721 3062 ex
764 2994 1008 3060 nostris
1051 2994 1159 3077 qui
1207 2993 1322 3058 abs
1357 3001 1423 3056 te
1472 2992 1800 3075 petiturus
1845 3000 1962 3058 est.
2050 2991 2121 3057 Is
2164 2990 2363 3057 habet
2396 2992 2583 3058 sche-

638 3079 860 3147 dulam
883 3102 1029 3145 mea
1050 3102 1248 3144 manu
1285 3078 1613 3162 scriptam,
1652 3085 1868 3161 etqua
1901 3098 2291 3163 cognoscere
2317 3078 2580 3162 poteris.

815 3167 1128 3232 Perrinus
1180 3166 1479 3248 proxima
1533 3162 1938 3230 hebdomade
1993 3165 2122 3230 huc
2179 3166 2387 3245 venit,
2458 3164 2583 3231 hac

636 3253 848 3319 solum
893 3271 1104 3330 causa,
1151 3251 1320 3316 sicut
1362 3251 1499 3333 ipse
1543 3248 1828 3329 dicebat,
1887 3263 1963 3314 ut
2016 3271 2125 3316 me
2182 3250 2581 3317 conveniret.

635 3338 851 3405 Valde
917 3338 1204 3403 offensus
1268 3343 1370 3400 est
1431 3335 1641 3400 literis
1697 3333 1943 3403 farelli
1963 3337 2015 3416 ²)
2084 3342 2151 3403 et
2206 3336 2333 3402 nisi
2392 3336 2583 3402 fallor

636 3421 1088 3507 suspicabatur
1144 3443 1249 3487 me
1306 3442 1447 3486 esse
1502 3422 1575 3486 in
1611 3439 1825 3486 causa.
1912 3421 2199 3489 Narravi
2240 3443 2382 3488 rem
2425 3423 2580 3487 sim·

634 3510 985 3594 plicissime
1031 3516 1105 3572 ut
1149 3508 1452 3584 habebat,
1498 3515 1818 3590 quantum
1862 3528 1968 3572 me
2002 3506 2377 3592 attingebat.
2447 3508 2580 3572 Re-

635 3596 816 3679 liqua
869 3594 1218 3678 suppressi.
1322 3593 1548 3658 Nescit
1612 3592 1835 3657 literas
1894 3593 2009 3660 abs
2066 3602 2132 3658 te
2189 3596 2362 3659 visas
2419 3613 2580 3670 esse,

635 3703 847 3765 neque
892 3679 1173 3763 expedit.
1243 3679 1447 3744 Doleo
1492 3678 1700 3743 vicem
1747 3678 1904 3743 eius.
1973 3679 2073 3744 Tu
2117 3679 2388 3762 fungere
2426 3699 2583 3762 erga

636 3788 789 3833 eum
829 3765 1111 3849 pastoris
1153 3763 1395 3844 officio,
1456 3763 1626 3848 quod
1679 3774 1745 3827 te
1788 3762 2116 3829 facturum
2159 3785 2293 3829 non
2338 3762 2580 3829 dubito.

636 3853 900 3918 Priores
942 3852 1170 3916 literae
1215 3858 1406 3915 erant
1446 3848 1940 3914 tolerabiliores:
1999 3849 2431 3934 praestitisset
2483 3856 2581 3913 ta-

637 3939 850 4005 cuisse
895 3958 1095 4021 quam
1139 3935 1231 4001 sic
1273 3934 1570 4014 scribere,
1616 3943 1733 3998 aut
1774 3935 1977 4001 satius
2012 3944 2154 4001 erat
2188 3956 2325 4001 rem
2364 3934 2582 4000 verbis

637 4045 856 4091 coram
899 4043 1110 4107 agere.
1199 4020 1382 4086 Nihil
1426 4022 1788 4106 profectum
1832 4028 1951 4099 est,
1996 4020 2125 4087 nisi
2158 4018 2329 4103 quod
2369 4019 2584 4085 maior

636 4122 741 4175 est
790 4108 1158 4192 indignatio
1228 4127 1309 4171 ex
1382 4106 1749 4188 suspicione
1819 4127 2015 4189 quam
2079 4106 2403 4189 concepit,
2467 4104 2582 4171 illa

633 4214 802 4277 quae
840 4195 1099 4276 scripsit
1139 4191 1443 4259 Farellus
1477 4213 1517 4256 a
1559 4212 1663 4255 me
1699 4199 1815 4255 aut
1848 4191 1964 4258 abs
1992 4200 2061 4257 te
2096 4211 2237 4257 esse
2269 4190 2580 4275 profecta,

632 4279 930 4362 quamvis
972 4299 1104 4343 non
1148 4277 1439 4344 dubitem
1480 4276 1639 4360 quin
1675 4283 1743 4342 te
1776 4278 1995 4359 potius
2031 4284 2324 4343 autorem
2368 4277 2581 4359 suspi-

632 4374 832 4431 cetur.
922 4364 1253 4429 Dominus
1312 4363 1408 4427 illi
1465 4362 1654 4428 adsit.
1758 4361 1906 4427 Tibi
1965 4371 2189 4428 tamen
2233 4360 2580 4428 attenden-

632 4451 790 4516 dum
845 4458 947 4516 est
1003 4470 1085 4514 ne
1141 4449 1447 4515 molestia
1500 4457 1566 4513 et
1620 4445 1832 4513 taedio
1876 4447 2317 4515 absorbeatur.
2405 4446 2581 4513 Nam

629 4537 812 4603 visus
856 4546 957 4600 est
997 4535 1163 4600 mihi
1217 4535 1435 4600 animo
1492 4532 1841 4600 admodum
1899 4533 2182 4613 turbato,
2241 4531 2411 4618 quod
2457 4533 2579 4599 sibi

629 4626 722 4687 ita
763 4621 1053 4704 undique
1096 4620 1306 4705 premi
1350 4619 1681 4699 videatur,
1741 4627 1809 4685 et
1849 4619 1923 4685 in
1966 4641 2044 4686 ea
2087 4639 2229 4685 esse
2273 4619 2582 4702 opinione

630 4706 803 4791 apud
850 4728 960 4774 eos
1005 4727 1167 4789 quos
1220 4705 1455 4772 habuit
1509 4704 1955 4771 amicissimos.
2044 4705 2196 4771 Non
2238 4705 2421 4789 potui
2465 4702 2579 4769 diu

629 4795 926 4860 conferre
968 4815 1120 4860 cum
1164 4812 1261 4871 θο,
1310 4792 1463 4874 quia
1505 4811 1639 4855 non
1679 4788 1870 4857 licuit
1922 4812 2041 4875 per
2099 4791 2307 4857 otium
2352 4797 2423 4855 et
2462 4810 2580 4873 per

632 4893 764 4945 tem
814 4901 911 4944 us.

766 4901 1151 5030 PSonnerius
1193 4983 1301 5028 me
1343 4963 1583 5028 iterum
1637 4960 2059 5047 compellavit
2111 4981 2308 5047 super
2352 4980 2433 5027 ea
2472 4961 2576 5027 vi-

753 5123 866 5130 w—
905 5121 1035 5128 -w

650 5221 798 5276 880.
832 5218 886 5285 1)
927 5218 1009 5286 Cf.
1047 5217 1124 5273 N.
1160 5215 1282 5280 827,
1316 5224 1366 5273 et
1400 5217 1506 5273 828
1538 5224 1648 5273 not.
1682 5217 1779 5274 ult.
2223 5284 2237 5300 .

628 5368 679 5415 a
713 5287 893 5413 ⁷⁹²2)
930 5288 1005 5344 N.
1039 5285 1160 5354 822,
1193 5293 1303 5342 not.
1340 5287 1371 5339 1
1408 5294 1460 5344 et
1495 5287 1573 5343 N.
1607 5284 1731 5356 824,
1767 5291 1877 5343 not.
1916 5283 1963 5338 1.
2038 5283 2122 5354 Of.
2157 5290 2322 5342 cuano
2361 5284 2438 5342 N.
2474 5281 2573 5339 '191

2194 438 2723 510 EPIS'POLAE
2766 445 3104 508 830—832

4509 445 4608 511 388

2704 628 2837 697 dua
2850 632 2911 711 ⁸)
2964 629 3045 696 de
3096 650 3228 713 qua
3278 651 3320 696 a
3372 650 3482 698 me
3533 629 3886 714 aliquando
3929 628 4191 699 audisti.
4290 630 4433 698 Iste
4490 651 4613 715 per-

2702 716 2879 783 sistit
2917 712 2992 780 in
3034 716 3379 783 sententia.
3468 715 3689 782 Velim
3732 725 3915 783 tuam
3959 739 4223 784 rursum
4267 716 4509 796 audire,
4551 727 4615 786 ut

2700 802 2759 867 si
2801 823 2872 868 se
2928 800 3265 868 commoda
3321 802 3557 868 offerat
3607 803 3886 883 occasio,
3950 823 4069 886 per
4123 804 4354 871 turbas
4408 803 4617 887 quibus

2700 886 2896 953 hodie
2937 887 3214 955 ecclesia
3255 888 3547 972 agitatur
3604 908 3681 955 eo
3737 888 4032 954 animum
4089 888 4461 973 appellandi
4500 912 4615 958 oer-

2697 974 2829 1040 tius
2872 972 3117 1057 aliquid
3160 981 3446 1040 statuere
3498 993 3750 1057 queam.
3840 973 4039 1054 Vale,
4098 975 4380 1041 salutata
4435 997 4616 1044 uxore

2695 1067 2763 1124 et
2803 1059 3044 1127 amicis.
3133 1058 3529 1126 Lausannae
3572 1062 3674 1125 29.
3721 1058 4053 1142 Septemb.
4107 1065 4289 1128 1546.

3718 1196 3903 1263 Tuus
3942 1197 4187 1264 Petrus
4228 1198 4516 1265 Viretus.

3476 1492 3519 1499 .-
3532 1493 3585 1498 -
3610 1493 3751 1500 ’,μα-φ-
3780 1494 3881 1499 --.-›-—

3581 1706 3733 1780 831.

3236 1860 3616 1930 '1¹13me
3658 1861 4092 1930 OALVINO.

2864 2030 3112 2098 Statum
3167 2033 3262 2099 rei
3303 2055 3456 2100 suae
3508 2033 3862 2117 familiaris
3899 2034 4043 2116 fuse
4086 2036 4363 2117 exponit,
4432 2037 4632 2103 oonsi-

2686 2117 2966 2201 liumque
3020 2119 3219 2203 ayitat
3262 2119 3609 2185 Matiscone
3662 2120 3869 2214 relicto
3921 2119 4078 2185 alibi
4122 2121 4344 2204 pedem
4383 2122 4632 2207 fiyendi.

2998 2288 3108 2354 (Ex
3146 2289 3485 2360 autographo
3521 2290 3649 2345 Cod.
3689 2289 3895 2346 Genev.
3932 2288 4050 2358 109,
4084 2290 4176 2345 fol.
4215 2290 4325 2359 19.)

2857 2474 2928 2543 S.
2972 2476 3103 2544 Vel
3145 2486 3260 2544 tuo
3303 2477 3592 2556 consili0,
3638 2478 3693 2545 si
3739 2477 4130 2559 meministi,
4184 2477 4353 2543 mihi
4412 2478 4635 2545 sedulo

2687 2560 3087 2642 cavendum,
3142 2585 3227 2628 ne
3271 2562 3773 2630 domesticorum
3816 2566 4260 2649 negotiorum,
4317 2585 4494 2647 quae
4535 2586 4637 2631 me

2685 2647 3003 2715 hactenus
3040 2656 3115 2714 ut
3156 2649 3331 2732 patri
3373 2651 3593 2715 minus
3636 2657 3898 2733 gratum
3942 2649 4309 2729 latuerunt,
4364 2651 4636 2735 ignarus

2687 2733 2960 2817 posthac
3005 2735 3430 2815 committam,
3489 2745 3566 2800 ut
3622 2737 3728 2801 vel
3770 2757 3890 2821 ego
3936 2735 4042 2801 vel
4083 2735 4274 2802 liberi
4311 2737 4452 2801 mei
4497 2756 4639 2802 mea

2687 2820 3087 2905 negligentia
3128 2822 3445 2886 iacturam
3482 2841 3616 2886 non
3651 2821 3864 2888 levem
3899 2822 4158 2902 faciant,
4203 2825 4635 2905 posteaquam

2687 2905 2959 2970 Domini
3025 2905 3336 2973 beneficio
3402 2905 3723 2972 nonnulla
3800 2928 3950 2990 spes
4027 2917 4127 2972 est
4190 2907 4633 2974 haeredita-s.

2687 2991 2953 3057 Etenim
3007 3002 3081 3057 tu
3137 2993 3301 3056 mihi
3356 3014 3527 3058 unus
3580 3014 3780 3076 prope
3837 3005 4027 3058 autor
4080 3013 4179 3073 es,
4237 3005 4313 3059 ut
4373 2992 4505 3060 hac
4568 2992 4634 3056 in

2685 3091 2870 3162 parte
2925 3099 3179 3162 quoque
3231 3077 3469 3145 liberos
3526 3100 3766 3145 curem.
3866 3079 3959 3145 Et
4013 3100 4089 3145 eo
4146 3080 4380 3144 maiori
4443 3099 4638 3145 curae

2685 3172 2789 3230 est
2831 3164 2992 3228 mihi
3032 3164 3412 3248 qualequale
3470 3164 3935 3248 patrimonium
3993 3185 4123 3249 quo
4166 3165 4436 3251 longius
4483 3166 4635 3231 hinc

2684 3250 2955 3327 recessi,
3028 3270 3153 3332 quo
3208 3251 3472 3335 propior
3539 3250 3795 3316 tumulo
3859 3251 4128 3316 videtur
4193 3262 4386 3335 pater
4454 3252 4635 3317 senio

2684 3337 3032 3413 confectus,
3077 3336 3299 3402 minus
3343 3336 3466 3402 sibi
3512 3346 3835 3414 constans,
3877 3337 4099 3402 minus
4141 3336 4485 3419 providus,
4530 3335 4637 3403 cui

2731 3430 3022 3486 taeterea
3062 3422 3260 3487 fatale
3303 3432 3405 3488 est
3444 3422 3830 3505 iampridem
3868 3425 4083 3488 nescio
4118 3442 4246 3506 qua
4287 3422 4635 3489 hominum

2710 3508 2829 3573 abe
2870 3506 3082 3573 indies
3127 3509 3396 3591 gravius
3438 3508 3670 3590 promi,
3714 3508 3828 3591 qui
3863 3518 3931 3572 et
3970 3509 4094 3591 ipsi
4132 3517 4200 3573 et
4232 3509 4402 3573 mihi
4442 3510 4635 3574 meis-

2683 3612 2813 3676 que
2857 3605 3119 3658 strcnue
3162 3593 3555 3659 insidiantur
3596 3594 3667 3658 ni
3701 3601 3960 3678 praesto
3995 3593 4226 3674 adsim,
4272 3615 4403 3679 quo
4451 3593 4636 3659 doni-

2685 3698 2810 3761 que
2854 3679 3107 3744 auctior
3149 3680 3310 3743 mihi
3355 3678 3617 3756 familia,
3673 3687 3979 3763 quaestus
4032 3681 4271 3760 rarior,
4332 3679 4635 3763 supellex

2684 3764 2897 3847 magis
2940 3772 3145 3842 curta,
3188 3764 3367 3830 locus
3411 3772 3478 3830 et
3521 3765 3906 3848 quibuscum
3963 3764 4126 3830 mihi
4229 3766 4488 3830 uotidie
4532 3785 4635 3830 res

2684 3856 2785 3914 est
2807 3848 3102 3915 duriores
3123 3856 3189 3914 et
3209 3849 3588 3917 fallaciores.
3634 3849 3830 3917 Unde
3861 3870 3996 3916 non
4034 3858 4167 3916 tam
4185 3787 4635 3935 (litigationes,

2683 3953 2848 4017 quae
2889 3956 3008 4001 nos
3040 3935 3235 4018 paulo
3271 3944 3422 4003 ante
3465 3947 3919 4016 exercuerunt,
3964 3957 4161 4021 quam
4195 3935 4327 4002 alia
4368 3935 4639 4022 negotia

2683 4039 2789 4084 me
2854 4030 3299 4086 remorantur:
3360 4022 3748 4107 praesertim
3802 4042 4004 4106 quum
4062 4019 4295 4089 iudicis
4339 4023 4637 4106 aequita-

2684 4111 2820 4170 tem
2875 4105 3008 4169 iam
3068 4107 3317 4188 experti
3373 4109 3582 4174 simus
3649 4107 3757 4174 vel
3813 4116 4036 4174 nostro
4089 4107 4275 4173 bono.
4379 4108 4636 4191 Nempe

2685 4188 2903 4255 danda
2943 4189 3069 4255 fuit
3119 4211 3319 4274 opera
3369 4202 3443 4257 ut
3483 4214 3651 4277 quae
3707 4193 3790 4257 ad
3831 4214 3938 4259 me
3982 4194 4264 4259 attinent
4354 4195 4499 4259 rius
4540 4193 4637 4278 ig·

2685 4284 2871 4354 nota,
2939 4294 3018 4339 ea
3058 4276 3222 4341 mihi
3264 4278 3529 4344 tandem
3573 4278 3934 4365 explicaret
3973 4287 4178 4364 pater.
4326 4278 4637 4346 ciendum

2684 4361 2849 4426 mihi
2909 4359 3098 4441 duxi,
3172 4363 3283 4446 qui
3341 4364 3557 4445 nobis,
3615 4364 4163 4449 quemadmodum
4218 4365 4461 4448 quibus
4519 4385 4637 4429 nos

2684 4446 2889 4514 simus
2935 4446 3080 4513 iure
3131 4447 3410 4515 obnoxii.
3497 4448 3737 4517 Studio
3809 4459 3911 4517 est
3960 4472 4093 4517 non
4147 4451 4218 4517 in
4278 4447 4633 4534 postremis

2683 4540 2760 4597 ut
2802 4553 3000 4617 quam
3033 4533 3320 4616 primum
3356 4536 3501 4600 fieri
3533 4538 3773 4618 poterit
3806 4537 4135 4605 solvamus
4171 4557 4285 4602 aes
4318 4537 4631 4603 alienum.

2682 4617 2821 4684 Nec
2862 4617 3209 4703 indignum
3255 4619 3472 4688 visum
3515 4629 3615 4687 est
3656 4643 3811 4706 opes
3854 4630 3922 4689 et
3976 4621 4244 4707 praedia
4295 4622 4477 4688 iusto
4522 4626 4633 4688 aut

2682 4704 2922 4769 minori
2964 4705 3174 4789 pretio
3218 4726 3258 4771 a
3299 4715 3486 4789 patre
3529 4708 3879 4789 aestimari,
3923 4730 4006 4774 ne
4041 4708 4149 4776 hic
4187 4706 4442 4774 diutius
4485 4727 4634 4775 cru·

2683 4790 2814 4855 cier
2856 4811 2976 4856 ceu
3022 4811 3257 4858 corvus
3301 4791 3509 4858 hians.
3598 4794 3838 4860 'Potum
3892 4793 4361 4879 patrimonium
4421 4792 4633 4877 patris

2681 4874 2923 4943 iudicio
2968 4875 3116 4958 plus
3151 4879 3374 4944 minus
3424 4877 3601 4945 valet
3657 4880 3908 4946 duobus
3951 4880 4242 4947 millibus
4285 4886 4630 4945 coronato-

2679 4982 2847 5027 rum.
2931 4961 3281 5028 Debentur
3320 4962 3508 5030 nobis
3549 4965 3731 5032 mille
3786 4964 4007 5032 librae.
4096 4966 4436 5033 Debemus
4480 4984 4628 5030 een·

2680 5055 2821 5112 tum
2866 5046 3124 5114 circiter
3165 5058 3525 5130 coronatos,
3584 5060 3660 5118 ut
3699 5052 3964 5119 interim
4003 5053 4303 5120 omittam
4345 5068 4627 5136 pensum

2680 5205 2973 5214 —-.—.-.—.—.-.—
2988 5207 3083 5213 ..—

2679 5283 3287 5424 rmassklgiavidua
3326 5288 3567 5361 quadan
3611 5305 3651 5346 a
3709 5291 3888 5348 Vin-eto
3930 5290 4181 5348 damac
4230 5291 4430 5348 nmio
4474 5290 4625 5358 facta
