4825 6175
225 424 338 487 693

222 611 472 697 gotium.
559 606 839 676 Adficite
883 629 1036 687 nos,
1083 607 1206 675 hac
1263 609 1500 692 adepta
1526 608 1608 691 11)
1661 609 1953 685 victoria,
2020 610 2147 673 isto

221 695 459 782 gaudio.
547 695 629 759 In
687 716 857 761 novo
921 695 1375 762 concionatore
1448 692 1772 760 audiendo
1829 693 2148 760 acerbitas

221 804 432 849 eorum
473 783 584 865 qui
628 779 841 847 adhue
883 781 1058 847 male
1098 780 1344 846 habent
1389 779 1563 864 apud
1607 801 1677 846 se
1721 780 1895 864 ipsos
1937 780 2147 845 elimi-

221 868 485 935 nabitur.
576 866 712 931 Vos
769 864 1011 932 eruditi
1069 887 1297 932 omnes
1350 865 1636 931 accedite
1685 865 2149 950 magistratum

220 963 497 1021 vestrum
516 1004 530 1029 ‚
596 953 706 1035 qui
751 953 1006 1018 etiamsi
1051 951 1412 1018 detrectare
1471 951 1684 1030 vellet,
1740 951 1973 1017 saltem
2032 972 2150 1017 vos

217 1039 619 1125 persuadete,
675 1059 803 1123 quo
860 1037 989 1104 Dei
1047 1038 1376 1122 negotium
1421 1044 1895 1122 promoveatur.
1987 1035 2153 1101 Vult

217 1128 390 1193 Deus
433 1134 508 1192 ut
549 1134 793 1203 nostra,
839 1124 1009 1191 sicut
1051 1127 1234 1208 prius
1277 1124 1369 1188 ita
1412 1133 1481 1189 et
1521 1145 1722 1201 nunc,
1778 1124 1922 1190 sine
1966 1123 2152 1188 vobis

217 1222 550 1294 vestroque
618 1211 993 1276 adiumento
1076 1231 1210 1275 non
1274 1220 1677 1292 reparentur.
1792 1208 2152 1293 Recipietis

214 1297 358 1364 inde
401 1320 442 1363 a
483 1295 628 1361 Deo
646 1347 662 1375 ,
724 1296 909 1362 nobis
966 1296 1453 1380 ignorantibus,
1512 1294 1921 1360 uberrimum
1979 1295 2152 1360 frue-

216 1396 365 1461 tum‚
410 1403 656 1466 nosque
703 1381 884 1448 vobis
935 1380 1224 1447 reddetis
1278 1380 1573 1445 omnium
1631 1380 2152 1447 devinctissimos

216 1482 276 1536 et
318 1469 761 1554 paratissimos
805 1467 887 1533 ad
933 1468 1245 1533 universa
1291 1477 1508 1532 vestra
1551 1464 1880 1550 obsequia.
1942 1502 2022 1512 —-
2075 1503 2147 1511 —

216 1588 1559 1604 ———————————
1602 1551 1789 1617 Vale.
1877 1550 2151 1635 Raptim

214 1642 431 1725 xxviij.
480 1638 729 1724 Aprilis
781 1643 959 1704 1548.

816 1793 999 1858 Tuus
1043 1791 1245 1857 solide
1293 1790 1549 1856 deditus

1124 1928 1501 1994 Eberardus
1545 1948 1585 1994 a
1629 1927 1983 2012 Rumlang.

973 2224 1378 2232 -—-———-

1086 2475 1271 2545 1⁰15.

728 2646 1132 2714 VIRETUS
1178 2645 1618 2715 OALVINO.

374 2820 756 2887 Bernevwem
834 2820 1217 2904 traqoediam
1271 2820 1573 2903 deplorat,
1629 2825 1682 2885 et
1751 2817 1946 2883 simul
2013 2817 2151 2883 eius

211 2926 430 2973 causas
482 2906 767 2989 explicat.
863 2905 1029 2988 Quid
1067 2906 1203 2971 ium
1257 2906 1329 2971 in
1385 2903 1501 2971 tali
1545 2925 1760 2970 rerum
1801 2908 1971 2971 statu
2026 2900 2154 2968 sibi

211 2997 263 3058 et
301 2992 547 3076 ooneyis
587 2992 944 3073 faciendum
987 2992 1250 3074 quaerit.

213 3163 310 3228 (Ex
328 3164 682 3245 ‘autographo
719 3163 849 3217 Ood.
888 3162 1088 3217 Genev.
1129 3162 1265 3216 111·
1286 3202 1299 3228 ‚
1335 3163 1426 3217 fol.
1451 3160 1541 3243 71..
1607 3162 1934 3216 Recentiora
1971 3176 2150 3214 exem-

210 3232 376 3300 plana
411 3247 653 3302 reperies
690 3231 818 3287 cod.
857 3230 960 3285 116
1011 3232 1103 3286 fol.
1141 3229 1228 3298 99,
1274 3233 1488 3286 Bernae
1525 3248 1581 3283 in
1619 3231 1761 3301 Epp.
1795 3229 1914 3284 vn.
1955 3247 2007 3300 p.
2044 3228 2152 3283 870

750 3310 808 3354 et
839 3274 987 3371 apud
1021 3300 1309 3354 Simlerum
1345 3301 1461 3354 Vol.
1499 3297 1609 3366 66.)

367 3507 757 3575 Clarissimo
821 3508 963 3572 viro
1030 3505 1120 3571 D.
1179 3505 1415 3572 Ioanni
1479 3505 1758 3572 Ualvino
1833 3505 2021 3570 fratri
2088 3515 2157 3570 et

204 3600 600 3682 symmystae
643 3613 840 3677 quam
884 3591 1228 3659 carissimo
1603 3675 1937 3743 Gemm-

373 3813 444 3883 S.
509 3813 733 3896 Quum
794 3824 943 3880 tuae
1014 3814 1204 3879 nobis
1255 3812 1484 3880 literae
1506 3818 1557 3896 ¹)
1631 3812 1924 3879 redditae
1977 3824 2151 3891 sunt,

210 3898 416 3969 adhuc
460 3921 569 3966 res
612 3920 841 3966 omnes
882 3900 951 3963 in
993 3897 1224 3965 eodem
1267 3910 1458 3965 erant
1502 3908 1680 3965 statu
1719 3919 1847 3982 quo
1881 3919 1921 3962 a
1962 3901 2153 3965 nobis

209 4005 403 4068 quum
470 3985 604 4053 huc
668 3986 1089 4069 pervenimus
1107 3987 1167 4068 ²)
1232 3987 1544 4052 inventae
1624 3993 1794 4052 sunt.
1906 3982 2154 4051 Omnia

207 4068 522 4138 hactenus
577 4073 649 4136 in
701 4091 944 4156 magna
999 4070 1495 4155 perturbatione
1538 4071 1727 4136 nobis
1771 4071 1917 4136 visa
1969 4080 2143 4149 sunt,

206 4156 274 4221 in
316 4179 446 4241 qua
488 4157 778 4222 maxima
833 4164 936 4223 est
975 4157 1047 4222 in
1091 4158 1395 4224 omnibus
1437 4156 1830 4223 auxiliorum
1871 4163 1940 4222 et
1996 4177 2150 4222 con-

210 4242 499 4309 siliorum
556 4244 792 4325 inopia.
883 4244 1027 4309 Hoc
1086 4256 1309 4309 tamen
1345 4242 1560 4309 nobis
1616 4241 1914 4309 nonnihil
1977 4253 2147 4308 attu-

206 4326 281 4392 lit
333 4329 547 4396 solatii
605 4328 778 4412 quod
841 4330 1274 4412 comperimus
1338 4329 1676 4413 plurimos,
1743 4349 1972 4395 eorum
2036 4328 2150 4412 qui

208 4411 359 4480 huic
417 4435 653 4482 causae
709 4414 921 4500 magis
977 4415 1314 4481 adversari
1371 4413 1695 4492 videntur,
1755 4412 2151 4481 offendicula

209 4501 362 4567 satis
416 4498 808 4585 praevidere
905 4521 1032 4566 uae
1086 4502 1241 4568 hinc
1284 4500 1615 4568 nascitura
1669 4510 1841 4578 sunt,
1903 4507 1969 4565 et
2012 4521 2146 4566 non

209 4585 553 4653 abhorrere
611 4606 651 4651 a
693 4603 833 4651 rem
922 4587 1015 4663 '‘s,
1074 4588 1130 4651 si
1176 4608 1342 4671 quae
1398 4586 1648 4671 possint
1701 4586 1987 4651 inveniri
2041 4585 2146 4651 his

208 4672 447 4739 morbis
509 4671 761 4738 idonea.
863 4671 1084 4738 Causa
1135 4671 1333 4739 huius
1387 4672 1723 4739 eiectionis
1777 4672 1903 4737 fuit
1958 4692 2145 4755 prae·

211 4755 412 4840 cipua‚
480 4765 799 4842 quantum
870 4778 953 4824 ex
1007 4758 1365 4825 multorum
1438 4757 1753 4841 colloquio
1810 4757 2146 4841 percipere

208 4838 407 4922 licuit,
451 4854 713 4926 sperata
744 4864 894 4926 pax,
939 4863 1136 4927 quam
1172 4842 1297 4909 sibi
1338 4845 1631 4909 futuram
1667 4842 2057 4927 pollicentur
2088 4844 2147 4909 si

211 5130 472 5268 muli}
506 5148 602 5256 ἲῗ.
623 5199 775 5255 1012.

407 5271 466 5335 2)
507 5270 660 5326 Haec
695 5272 818 5338 ipsa
852 5271 1079 5336 epistola
1122 5270 1276 5327 docet
1313 5269 1582 5327 Rima-m
1619 5276 1669 5324 et
1717 5269 1993 5326 Valerium
2027 5285 2147 5325 cum

225 5335 400 5393 Virdo
435 5338 680 5395 Βοηαηι
713 5354 770 5394 se
801 5339 1109 5395 eoum.

2017 422 2179 486 1548
2223 419 2410 486 MAI.

4071 424 4195 487 694

2251 607 2589 673 ministros
2654 605 3006 672 habuerint
3065 608 3137 670 in
3202 606 3502 674 doctrina
3564 606 3932 687 concordes,
4000 631 4197 692 quam

2251 694 2493 776 alioqui
2529 713 2598 759 se
2634 712 2973 776 nunquam
3008 691 3347 758 habituros
3384 693 3684 758 arbitrati
3728 703 3899 759 sunt.
3969 693 4195 777 Quum

2252 800 2409 865 ergo
2453 778 2521 844 id
2563 799 2694 861 pax
2738 778 2997 860 publiea
3040 778 3368 861 requirere
3413 778 3760 856 videretur,
3822 781 4200 847 maluerunt

2250 865 2333 931 iis
2406 884 2629 930 carere
2694 884 2857 946 quos
2917 860 3249 929 habebant
3309 864 3761 930 lutheranismi
3843 876 4196 950 suspectos,

2253 971 2449 1034 quam
2493 970 2653 1034 quos
2695 948 3015 1032 putabant
3057 950 3403 1032 persistere
3445 951 3514 1014 in
3551 950 3845 1016 doctrina
3888 952 3971 1017 ab
4012 953 4199 1017 initio

2255 1036 2659 1103 renascentis
2720 1034 3045 1119 evangelii
3104 1045 3404 1116 suscepta
3459 1045 3525 1100 et
3578 1040 3952 1119 approbata,
4013 1039 4200 1103 iuxta

2254 1121 2711 1203 disputationis
2769 1141 2925 1185 suae
2983 1122 3400 1203 praescripta.
3490 1119 3761 1187 Occasio
3817 1144 3904 1188 ex
3957 1124 4200 1189 nostris

2255 1206 2806 1292 disputationibus
2830 1209 2881 1287 ⁸)
2944 1218 3099 1271 nata
3142 1220 3260 1283 est,
3316 1228 3477 1289 quas
3525 1208 3672 1273 ideo
3719 1208 3942 1273 multis
3997 1210 4202 1275 offen-

2255 1292 2473 1357 diculo
2528 1313 2670 1359 esse
2713 1291 3031 1370 videmus,
3121 1292 3243 1357 uod
3303 1314 3432 1375 quo
3476 1294 3610 1357 sint
3664 1314 3703 1356 a
3758 1294 3943 1359 nobis
4002 1316 4201 1360 sensu

2253 1380 2625 1464 propositae
2657 1398 2790 1444 non
2821 1380 2982 1443 satis
3006 1394 3093 1441 no
3139 1379 3196 1443 is
3218 1378 3565 1443 videantur
3587 1381 3935 1463 assequuti.
4004 1380 4199 1462 Quod

2257 1486 2418 1530 sane
2470 1464 2658 1530 nobis
2714 1464 2988 1528 minime
3044 1463 3283 1528 mirum
3344 1462 3555 1529 videri
3617 1465 3808 1529 debet
3860 1466 3917 1531 si
3961 1487 4201 1549 expen-

2257 1550 2548 1616 derimus
2616 1558 2823 1614 totam
2886 1549 3079 1613 huius
3148 1550 3406 1615 fabulae
3468 1551 3809 1616 actionem.
3913 1550 4200 1617 Senatus

2255 1644 2534 1720 uterque
2550 1641 2606 1713 ⁴)
2672 1634 3000 1700 amantior
3054 1646 3157 1699 est
3212 1637 3387 1718 pacis
3446 1644 3513 1700 et
3573 1636 3955 1702 concordiae
4000 1656 4197 1720 quam

2255 1721 2744 1788 discordiarum.
2834 1718 2912 1786 Si
2952 1722 3126 1785 inter
3166 1722 3498 1786 ministros
3539 1723 3968 1801 convenisset,
4013 1723 4202 1789 facile

2255 1817 2398 1873 erat
2462 1808 2685 1872 omnia
2738 1826 3159 1889 componere:
3234 1806 3367 1870 imo
3424 1826 3583 1872 vero
3656 1808 3904 1892 scripta
3973 1820 4201 1874 nostra

2256 1894 2433 1959 viam
2457 1892 2740 1976 aliquam
2770 1892 3087 1977 praebere
3122 1903 3427 1974 poterant
3462 1894 3546 1957 ad
3580 1894 3992 1960 concordiam
4026 1896 4201 1958 inter

2255 2000 2381 2044 eos.
2463 1979 2570 2043 Ita
2612 1979 2791 2043 enim
2836 1986 3202 2060 temperata
3236 1990 3396 2044 sunt
3437 1990 3511 2043 ut
3554 2000 3767 2062 neque
3812 1981 3958 2063 plus
4005 2001 4202 2063 quam

2255 2074 2555 2149 oporteat
2622 2065 2955 2129 tribuatur
3017 2064 3398 2142 ministerio,
3465 2085 3673 2147 neque
3731 2086 3994 2131 rursum
4065 2067 4204 2131 vim

2253 2152 2393 2216 eius
2434 2152 2697 2233 penitus
2741 2163 3059 2215 enervent
3080 2153 3151 2230 ⁸).
3226 2148 3360 2215 Sed
3403 2171 3571 2233 quae
3614 2150 3729 2215 alii
3759 2151 4206 2237 adprobarunt

2254 2236 2337 2301 ab
2381 2236 2526 2302 aliis
2570 2238 2665 2301 ita
2708 2249 2866 2300 sunt
2922 2236 3277 2319 exagitata,
3340 2249 3417 2300 ut
3459 2237 3760 2303 omnibus
3805 2258 4010 2320 paene
4054 2259 4203 2321 per-

2256 2343 2525 2388 suasum
2562 2320 2879 2400 videatur,
2916 2342 3037 2387 nos
3073 2342 3318 2388 novum
3357 2322 3640 2388 voluisse
3673 2334 3982 2407 papatum
4010 2344 4204 2389 revo-

2255 2426 2405 2474 care
2464 2419 2532 2472 et
2571 2409 2842 2491 erigere,
2899 2408 3088 2474 nobis
3143 2409 3431 2473 tribuere
3474 2408 3723 2491 ligandi
3779 2408 4202 2493 solvendique

2256 2503 2669 2576 potestatem,
2736 2513 2869 2558 non
2926 2513 3112 2559 secus
3178 2504 3370 2576 atque
3438 2494 3824 2576 pontificios,
3897 2517 4014 2561 nos
4072 2496 4204 2562 duo

2255 2580 2471 2662 capita
2491 2580 2544 2664 ⁸)
2612 2587 2899 2645 statuere
2941 2580 3113 2644 sicut
3155 2587 3224 2643 et
3257 2581 3571 2662 papistae‚
3619 2591 3687 2643 et
3719 2580 3850 2645 alia
3893 2579 3959 2645 id
3994 2603 4202 2665 genus

2254 2664 2469 2730 multa
2560 2686 2681 2731 uae
2739 2664 2818 2757 de
2875 2665 3060 2729 nobis
3113 2664 3434 2729 feruntur.
3526 2667 3587 2731 A
3632 2666 3866 2746 quibus
3930 2678 4203 2750 quanto-

2256 2772 2413 2834 pere
2456 2751 2538 2816 ab
2588 2771 2942 2825 orreamus,
2988 2770 3310 2833 quamque
3353 2761 3492 2816 toto
3536 2753 3715 2818 coelo
3751 2752 4202 2832 dissideamus,

2257 2848 2435 2902 totus
2499 2836 2673 2902 orbis
2741 2845 2966 2901 noster
3030 2837 3215 2902 testis
3281 2857 3423 2901 esse
3476 2845 3710 2918 potest.
3822 2837 3957 2903 Sed
4016 2837 4202 2904 vides

2256 2921 2411 3005 quid
2479 2922 2736 3005 possint
2801 2921 3170 2988 calumniae
3235 2924 3430 2987 etiam
3500 2922 3675 3007 apud
3735 2924 3940 2989 bonos
4004 2925 4201 3003 viros,

2257 3009 2644 3091 praesertim
2714 3007 3160 3093 simpliciores.
3266 3010 3475 3072 Auxit
3531 3008 3703 3073 hanc
3768 3011 4207 3095 suspicionem

2257 3096 2540 3178 suspicio
2582 3115 2779 3177 quam
2823 3104 2977 3160 ante
3018 3095 3261 3159 multos
3306 3116 3512 3160 annos
3554 3097 3686 3160 iam
3727 3095 3808 3161 de
3843 3097 3980 3162 suis
4014 3099 4207 3162 mini-

2257 3182 2412 3246 stris
2447 3189 2905 3264 conceperunt,
2951 3201 3116 3263 quae
3158 3200 3293 3245 non
3339 3201 3572 3263 parum
3605 3201 3873 3246 oausam
3909 3193 4202 3248 nostram

2258 3266 2578 3351 gravavit.
2669 3264 2802 3331 Sed
2862 3268 2957 3331 ita
3000 3267 3216 3333 visum
3275 3274 3378 3331 est
3419 3265 3721 3331 Domino.
3813 3265 4036 3348 Quum
4078 3268 4206 3335 huo

2259 3353 2632 3435 appulimus
2678 3350 3107 3417 deliberatum
3151 3372 3191 3417 a
3234 3352 3422 3418 nobis
3467 3363 3584 3430 est,
3644 3373 3804 3417 num
3847 3353 4020 3419 hane
4073 3354 4206 3419 stan-

2255 3445 2439 3502 trum
2482 3436 2927 3503 abdicatorum
2972 3456 3235 3505 cansam
3281 3457 3416 3503 una
3466 3458 3615 3503 cum
3660 3439 3818 3521 ipsis
3877 3440 4206 3523 suscipere

2259 3522 2643 3589 deberemus
2687 3523 2959 3606 perinde
2994 3544 3070 3590 ac
3104 3533 3414 3602 nostram,
3456 3544 3658 3607 quum
3694 3533 3919 3590 nostra
3950 3545 4206 3609 quoque

2257 3628 2403 3674 esse
2438 3608 2787 3689 videretur,
2833 3618 3031 3693 atque
3072 3630 3214 3674 eam
3258 3629 3410 3676 cum
3448 3610 3542 3675 eis
3585 3611 3657 3674 in
3701 3618 3935 3676 senatu
3978 3632 4206 3698 agere-

2258 3714 2439 3760 mus:
2498 3716 2587 3759 an
2628 3696 2847 3779 potius
2904 3715 3198 3761 seorsum
3259 3704 3551 3761 nostram
3573 3696 3650 3778 ⁷),
3715 3704 3783 3760 et
3825 3705 4205 3780 exspectare

2258 3779 2466 3847 donec
2545 3788 2615 3847 et
2690 3802 2811 3847 nos
2888 3801 3289 3848 vocaremur.
3390 3781 3600 3846 Nemo
3669 3782 3987 3862 omnium,
4056 3785 4198 3849 sive

2257 3867 2616 3932 amicorum
2665 3868 2806 3932 sive
2849 3866 3126 3933 aliorum
3173 3869 3535 3950 quisquam,
3580 3887 3620 3931 a
3655 3865 3840 3933 nobis
3889 3867 4202 3935 inventus

2257 3961 2359 4017 est
2423 3954 2530 4019 cui
2593 3952 2774 4035 prior
2837 3953 3165 4018 sententia
3230 3953 3631 4035 probaretur,
3690 3952 3803 4018 sed
3857 3956 4074 4036 potius
4130 3963 4205 4019 ut

2255 4045 2788 4121 exspectaremus
2844 4038 3003 4104 dum
3043 4058 3451 4111 vocaremur,
3498 4049 3631 4117 ant,
3678 4040 3734 4103 si
3777 4039 3933 4123 quid
3978 4050 4202 4106 nostro

2255 4124 2520 4189 nomine
2575 4123 2896 4190 vellemus
2956 4126 3218 4190 senatui
3274 4144 3657 4209 proponere,
3716 4124 3784 4189 id
3839 4126 4201 4192 faceremus

2255 4229 2579 4276 seorsum:
2639 4209 2924 4294 alioquin
2969 4209 3266 4276 futurum
3312 4231 3453 4276 esse
3508 4218 3584 4275 ut
3624 4210 3859 4276 horum
3921 4212 4200 4276 fratrum

2254 4314 2521 4361 causam
2588 4295 2759 4360 nihil
2823 4297 3221 4373 iuvaremus‚
3293 4296 3426 4361 imo
3483 4315 3906 4379 gravaremus
3962 4298 4196 4381 potius,

2253 4389 2549 4447 nostram
2588 4402 2751 4447 vero
2796 4381 3219 4447 redderemus
3262 4384 3473 4466 magis
3513 4381 3921 4449 invidiosam.
3985 4383 4201 4448 Aiunt

2251 4467 2428 4532 enim
2474 4476 2765 4533 nostram
2808 4487 3072 4533 causam
3116 4489 3250 4533 non
3293 4488 3435 4534 esse
3478 4487 3597 4552 per
3640 4467 3859 4531 omnia
3899 4467 4197 4533 similem.

2251 4551 2334 4616 In
2379 4561 2566 4617 tanta
2618 4553 3041 4620 consiliorum
3097 4555 3461 4621 constantia
3504 4563 3573 4618 et
3615 4573 3932 4619 consensu
3979 4553 4196 4619 haesi-

2456 4792 2518 4858 3)
2555 4791 2651 4876 De
2680 4794 2985 4876 misterio
3011 4808 3131 4849 eun
3168 4792 3455 4849 Zebedaeo.

2454 4859 2518 4996 ἐξ
2558 4862 3233 4986 mmmm
3265 4864 3685 4987 mum
3705 4934 3758 4984 et
3797 4925 4192 4998 Bumlonqn’un

2384 5014 2426 5053 a
2455 5066 2512 5130 6)
2555 5067 2679 5124 ὃσα.
2695 5068 2974 5137 politicum
2992 5074 3042 5124 et
3062 5068 3490 5124 eccksiactt‘wm.
3531 5064 3595 5120 δι’
3612 5066 4013 5133 propositiones
4034 5065 4187 5120 Lau-

2250 5150 2551 5259 cmm
2566 5139 2789 5261 ..mm
2821 5223 2860 5261 .
2893 5138 3019 5262 ..ω
3051 5137 3600 5260 '.....⁰”·...z¹⁰3·:2.zr”
3649 5133 3939 5189 ...m
3995 5135 4190 5203 sm

2463 5271 2521 5336 7)
2563 5273 2647 5340 Of.
2682 5290 2822 5344 quae
2859 5274 3121 5331 Οαῐυὺιιιε
3153 5279 3405 5328 aanor&
3456 5272 3528 5326 N.
3584 5269 3729 5325 1012.
3812 5269 3940 5327 Sca.
3974 5271 4191 5328 Virum

2246 5355 2515 5410 praem-⁹
2547 5344 2610 5397 in
2642 5343 2755 5398 loeo
2789 5343 2978 5400 melius
3011 5341 3147 5414 quid
3178 5342 3265 5396 rei
3294 5346 3429 5395 esset
3460 5340 3835 5479 ''amman“
