4825 6175
659 432 786 495 443

657 617 833 695 16161,
877 614 1056 682 (16616
1111 616 1487 700 long-temps
1540 638 1596 681 a.
1684 614 1846 682 0661
1899 615 2038 699 quil
2095 623 2242 681 6661
2295 614 2614 681 demands

658 703 755 771 les
798 704 1079 786 papistes
1125 722 1166 766 a
1208 722 1332 766 son
1376 703 1657 780 service,
1714 722 1754 765 a
1807 723 1980 785 quoy
2025 701 2121 766 les
2163 710 2419 767 nostres
2462 721 2611 766 eus-

659 797 810 858 sent
850 787 1228 853 facilement
1262 786 1546 853 accorde.
1616 787 1808 853 Ainsi
1841 788 1938 852 les
1972 809 2097 853 uns
2131 793 2399 853 eussent
2433 786 2613 869 parle

661 875 974 942 allemant
1017 893 1057 937 a
1101 872 1394 949 charles,
1438 874 1535 939 les
1579 873 1826 938 aultres
1865 873 2094 938 italien
2139 893 2226 937 ou
2269 873 2510 955 picard.

829 961 906 1025 Ie
948 958 1166 1025 crains
1207 959 1359 1024 bien
1403 959 1536 1041 quil
1575 981 1668 1043 ny
1713 959 1807 1023 ait
1833 958 2037 1023 faulte
2076 958 2157 1024 de
2202 960 2415 1024 bonne
2460 978 2613 1023 con-

661 1047 906 1122 duicte,
967 1053 1111 1109 tant
1168 1065 1252 1108 en
1296 1044 1434 1109 cela
1489 1067 1663 1127 quen
1720 1044 2012 1110 daultres
2066 1044 2315 1110 choses.
2421 1044 2612 1109 Ainsi

657 1153 827 1199 nous
884 1151 1163 1196 sommes
1221 1130 1523 1195 daultant
1587 1129 1737 1212 plus
1796 1128 2209 1195 admonestez
2270 1130 2350 1195 de
2416 1151 2614 1214 pryer

658 1219 834 1284 Dieu
879 1217 1016 1300 quil
1058 1216 1176 1298 luy
1235 1216 1439 1299 plaise
1495 1216 1786 1298 supplier
1838 1236 1960 1298 par
2016 1238 2090 1280 sa
2146 1215 2343 1280 bonte
2385 1216 2613 1280 infinie

661 1326 704 1370 a
743 1311 889 1367 tant
931 1302 1011 1366 (16
1056 1301 1380 1366 deffaultz.
1461 1300 1648 1385 Vray
1683 1311 1783 1365 est
1826 1302 1960 1383 quil
2005 1309 2105 1366 est
2150 1301 2299 1365 facil
2344 1321 2478 1366 aux
2513 1302 2610 1384 ig-

659 1408 904 1455 norans
941 1387 1019 1451 de
1054 1386 1388 1452 follement
1422 1388 1626 1471 inger.
1691 1388 1866 1452 Mais
1901 1395 2047 1452 tant
2088 1410 2134 1471 y
2180 1408 2218 1451 a
2261 1408 2389 1470 (166
2425 1388 2612 1452 61166-

659 1497 791 1542 666
812 1473 1103 1538 6661161111
1141 1492 1313 1554 quon
1338 1472 1647 1537 demeure
1670 1473 1727 1537 si
1764 1473 1921 1556 long
1955 1481 2165 1553 temps
2202 1493 2240 1535 a
2275 1495 2407 1538 r...
2431 1495 2536 1538 .er
2552 1474 2610 1554 2)

659 1582 816 1627 6666
859 1559 1021 1624 faire
1067 1559 1274 1623 effort.
1367 1558 1498 1623 061
1536 1559 1586 1622 11
1627 1558 1872 1623 semble
1917 1580 2043 1640 que
2086 1558 2261 1623 Dieu
2307 1558 2505 1622 tende
2547 1557 2614 1622 la

658 1646 839 1712 main
900 1645 1097 1729 [pour
1137 1641 1323 1730 nous]
1386 1643 1555 1708 dire:
1613 1656 1854 1709 entrez.
1945 1644 2036 1708 Et
2079 1665 2161 1709 en
2205 1643 2477 1709 laissant
2517 1665 2615 1708 66-

662 1732 886 1798 666161
930 1730 990 1794 16
1029 1739 1243 1812 temps
1286 1751 1373 1793 on
1418 1729 1632 1794 donne
1676 1731 1958 1815 vigueur
2014 1750 2054 1794 a
2095 1730 2311 1814 celluy
2354 1731 2466 1812 (161
2512 1740 2614 1794 661

662 1840 703 1884 6
748 1818 941 1900 demy
966 1815 1326 1898 desespere.
1393 1816 1633 1881 Prions
1674 1815 1902 1899 doncq,
1950 1822 2017 1880 et
2058 1816 2205 1897 puis
2228 1815 2365 1898 quil
2411 1816 2612 1897 plaist

661 1925 704 1969 a
766 1902 939 1967 Dieu
1019 1901 1419 1983 desprouver
1496 1910 1720 1967 nostre
1798 1901 2093 1983 patience
2171 1922 2257 1965 en
2322 1899 2615 1967 desirant

658 1986 931 2065 miculx,
977 1996 1364 2051 contentens
1399 2008 1565 2052 nous
1595 1986 1674 2051 de
1704 2008 1777 2052 ce
1821 1986 1955 2068 quil
2001 2008 2168 2052 nous
2212 2008 2484 2072 envoye,
2530 2008 2612 2052 ne

655 2094 823 2139 nous
866 2073 1120 2137 lassant
1162 2093 1326 2154 pour
1368 2072 1515 2137 rien
1558 2070 1639 2136 de
1684 2072 1744 2136 16
1789 2072 2015 2137 servir.

828 2156 935 2224 On
981 2179 1021 2221 a
1064 2179 1404 2222 murmure
1447 2179 1555 2223 ces
1610 2159 1790 2222 iours
1836 2157 1916 2222 (16
1972 2157 2249 2241 quelque
2306 2158 2611 2241 appoinc-

654 2250 921 2310 tement.
1008 2241 1070 2306 Il
1112 2242 1423 2308 fauldroit
1475 2242 1555 2308 de
1613 2242 2043 2308 merveilleux
2098 2265 2395 2308 massons
2439 2265 2609 2327 pour

654 2329 719 2396 le
762 2330 982 2394 bastir.
1073 2329 1246 2393 Mais
1305 2329 1366 2393 ie
1425 2330 1638 2395 616166
1698 2350 1823 2410 (166
1877 2328 1973 2394 166
2027 2337 2284 2394 nostres
2340 2351 2422 2394 66
2468 2330 2607 2394 aul-

656 2436 821 2481 cuns
865 2435 1031 2495 pour
1074 2413 1134 2479 le
1178 2415 1391 2479 moins
1434 2434 1520 2477 ne
1579 2435 1649 2479 se
1702 2414 1972 2479 16166661
2024 2414 2389 2479 abbreuver
2452 2414 2608 2479 den-

656 2507 795 2566 trer
838 2520 921 2564 66
963 2519 1215 2582 propos.
1284 2498 1377 2565 06
1420 2502 1530 2581 (1111
1573 2520 1719 2565 6616
1760 2520 1927 2583 pour
1968 2508 2287 2566 remectre
2331 2500 2422 2565 du
2466 2510 2610 2565 tout

652 2586 968 2670 lennemy
1010 2604 1144 2649 non
1190 2586 1553 2649 seulement
1595 2607 1676 2649 66
1723 2588 2092 2669 possession
2137 2582 2218 2649 de
2262 2607 2337 2650 sa
2380 2597 2604 2670 tyran-

654 2672 765 2738 616
808 2691 1054 2753 pasees,
1102 2670 1267 2733 mais
1311 2669 1391 2735 de
1434 2671 1596 2735 66116
1639 2692 1720 2735 611
1764 2671 1812 2735 11
1870 2691 1910 2735 6
1952 2671 2280 2736 166616616
2324 2671 2604 2754 adspire.

655 2757 832 2824 Mais
873 2776 1114 2838 pource
1150 2775 1274 2836 que
1307 2754 1370 2819 16
1407 2755 1546 2820 6616
1582 2776 1847 2821 66661116
1892 2776 2017 2840 que
2054 2756 2194 2822 6616
2229 2778 2315 2822 66
2351 2778 2424 2823 66
2467 2757 2609 2822 fera

653 2844 844 2927 point
899 2862 1027 2923 que
1070 2840 1243 2905 Dieu
1301 2861 1382 2905 ne
1439 2841 1568 2906 soit
1623 2840 1712 2906 du
1771 2850 1919 2907 tout
1972 2862 2329 2909 courrouce
2384 2852 2610 2910 contre

653 2948 844 3006 116116,
900 2928 1153 3008 iespere
1195 2926 1330 3008 quil
1377 2926 1772 3010 previendra
1828 2950 1920 2993 un
1975 2927 2066 2993 tel
2119 2926 2387 3013 danger.
2477 2930 2610 2996 061

653 3012 717 3080 16
759 3034 846 3077 66
890 3011 1131 3078 (1661116
1173 3031 1291 3096 pas
1325 3012 1462 3096 quil
1497 3032 1583 3077 ne
1618 3012 1896 3099 regardo
1928 3014 2083 3098 plus
2125 3020 2258 3079 tost
2299 3037 2419 3080 666
2455 3037 2606 3081 666-

654 3120 778 3167 vre
821 3120 903 3164 en
948 3118 1114 3162 nous
1160 3119 1286 3181 que
1330 3119 1452 3163 666
1494 3100 1677 3166 vices
1719 3108 1788 3166 et
1829 3107 2164 3183 povretez,
2225 3123 2391 3185 pour
2441 3124 2609 3168 nous

650 3185 923 3252 traicter
964 3205 1048 3248 en
1082 3203 1156 3248 sa
1199 3184 1378 3268 pitis.

829 3267 966 3336 Sur
1000 3291 1091 3348 66,
1127 3270 1614 3356 Monseigneur,
1651 3292 1842 3355 apres
1877 3281 2122 3338 mestre
2156 3272 2613 3339 humblement

652 3353 1111 3422 recommends
1149 3374 1189 3421 a
1233 3365 1453 3423 vostre
1494 3359 1714 3425 bonne
1757 3378 1951 3443 grace
2009 3366 2077 3423 61
2120 3358 2201 3424 (16
2244 3357 2610 3425 Μ6ᾶ66161-

651 3441 834 3519 66116,
881 3462 1041 3506 vous
1076 3441 1263 3507 avoir
1296 3445 1469 3509 611661
1505 3454 1811 3527 presente
1844 3444 1940 3509 166
1973 3444 2609 3511 recommendatione

655 3526 739 3593 (16
780 3546 890 3591 ma
933 3527 1171 3592 femme
1230 3536 1297 3592 et
1343 3527 1432 3616 ,de
1473 3549 1597 3594 nos
1637 3530 1926 3609 voisins,
1968 3530 2032 3596 ie
2074 3551 2238 3616 prye
2282 3551 2323 3595 6
2364 3551 2439 3596 66
2482 3530 2608 3595 11611

653 3612 835 3679 1)166
885 3610 965 3675 (16
1019 3633 1186 3678 vous
1241 3615 1414 3677 tenir
1459 3614 1790 3681 tousiours
1845 3637 1932 3682 66
1987 3636 2062 3681 66
2114 3616 2495 3698 1661661166,
2542 3623 2609 3679 61

652 3719 819 3767 vous
860 3697 1025 3762 faire
1079 3699 1287 3763 sentir
1343 3697 1423 3764 de
1467 3700 1614 3781 plus
1671 3720 1756 3765 en
1814 3701 1965 3785 plus
2020 3700 2089 3765 16
2140 3703 2289 3785 ioye
2348 3700 2430 3766 de
2487 3722 2604 3766 666

652 3784 1026 3851 6661616666.
1116 3781 1222 3848 Π6
1265 3783 1584 3864 Genefve,
1629 3807 1705 3852 66
1746 3785 1787 3850 8
1833 3786 1914 3853 (16
1956 3784 2312 3852 decembre.

824 3920 1066 3985 Vostre
1105 3919 1436 3986 serviteur
1475 3927 1542 3988 et
1579 3919 1847 3987 humble
1881 3921 2055 3988 frere
2097 3928 2166 3987 61
2206 3922 2418 3988 entier
2451 3944 2608 4008 amy

913 4027 954 4071 6
985 4003 1305 4087 1661111616,
2111 4046 2115 4050 Δ

1883 4092 2093 4158 161166
2139 4092 2393 4162 061116.

1551 4603 1708 4676 862.

669 4738 1102 4809 BUOERUS
1145 4739 1762 4809 BULLINGERO
1805 4743 1926 4808 ΕΤ
1968 4742 2578 4812 BIBLIANDRO.

824 4889 1142 4960 Privatim
1192 4893 1281 4960 iis
1332 4894 1719 4960 commendat
1772 4914 1934 4977 quae
1991 4897 2415 4963 communibus
2469 4918 2600 4964 om-

644 4981 830 5046 nium
869 4980 1307 5047 ministrorum
1361 4979 1568 5046 literis
1608 4979 1859 5064 oolleyio
1906 4980 2348 5048 Turiam-sium
2386 4983 2458 5047 in
2498 5004 2602 5049 nc-

641 5067 806 5151 96116
844 5066 1137 5130 iuvenum
1177 5066 1603 5153 studioscrwn
1653 5071 1710 5134 ct
1765 5086 1984 5133 coenae
2037 5065 2384 5135 dominicae
2422 5070 2602 5137 modo

644 5152 932 5233 «aposita
965 5151 1159 5233 fuere.

860 5336 921 5403 2)
955 5333 1085 5390 Mot
1116 5338 1352 5394 mach&
1382 5355 1496 5409 par
1529 5340 1579 5396 lc
1612 5356 1797 5396 sceau.

2198 422 2725 495 EPISTOLAE
2770 431 3110 495 861-865

4515 443 4610 504 444

2719 617 2971 678 (Initium
3005 623 3218 672 tantum
3253 619 3608 674 describimus
3642 621 3905 691 longioris
3926 622 4190 691 epistolae
4224 638 4294 676 ex
4327 626 4532 691 autogr·
4558 624 4616 679 116

2718 685 2843 740 Vol.
2880 685 3051 753 11⁷⁶,
3089 688 3555 813 Plat'gl‘JssmP-
3586 689 4029 825 ξξιιιέιέῐῗοὲέιξζ
4066 692 4197 745 olim
4215 691 4389 746 Scrin.
4424 691 4478 746 Ο.
4574 709 4615 764 p.

2716 924 2993 991 Summa
3034 928 3277 1011 pietate
3323 937 3389 994 et
3432 929 3797 996 eruditione
3841 930 4002 998 viris
4046 931 4131 995 D.
4170 931 4457 997 Henrico
4496 930 4620 997 Bul-

2715 1011 2966 1095 lingero
3011 1025 3078 1076 et
3098 1013 3439 1080 Theodoro
3468 1015 3837 1082 Bibliandro
3883 1018 4019 1082 suis
4037 1017 4125 1092 jn
4161 1017 4443 1082 Domino
4480 1039 4623 1103 sym-

2908 1100 3144 1183 mystis
3188 1109 3255 1164 et
3295 1101 3606 1167 fratribus
3649 1102 3935 1168 colendis
3978 1111 4046 1167 et
4087 1103 4454 1169 carissimis.

2887 1235 2956 1301 S.
3002 1237 3083 1302 D.
3177 1236 3363 1318 Quae
3420 1240 3486 1303 in
3544 1240 4001 1305 communibus
4057 1238 4267 1304 literis
4292 1240 4341 1323 ¹)
4401 1239 4477 1303 ad
4533 1260 4627 1304 vos

2715 1322 3125 1404 scripsimus,
3181 1344 3340 1407 rogo
3395 1346 3511 1406 per
3553 1324 3945 1406 Dominum,
4003 1325 4268 1390 valeant
4319 1324 4489 1407 apud
4534 1346 4626 1390 vos

2714 1408 2781 1472 id
2825 1408 2994 1490 quod
3040 1406 3281 1473 debent
3323 1432 3405 1474 ex
3450 1411 3649 1476 verbo
3673 1412 3797 1476 Dei
3832 1422 3899 1475 et
3935 1412 4077 1495 lege
4121 1413 4415 1476 caritatis
4456 1410 4628 1475 chris-

2714 1494 2950 1558 tianae.
3019 1492 3197 1558 Dum
3244 1496 3419 1559 enim
3466 1519 3586 1561 666
3631 1497 4043 1562 continemus
4087 1497 4153 1560 in
4201 1497 4480 1578 simplici
4511 1517 4628 1561 con·

2713 1580 2993 1644 sessione
3050 1579 3400 1645 verborum
3459 1583 3758 1657 Domini,
3827 1591 3895 1646 61
3950 1582 4193 1647 diserte
4259 1581 4633 1647 excludimus

2713 1686 2974 1730 omnem
3018 1665 3280 1730 illorum
3323 1667 3952 1751 interpretationem,
3997 1689 4127 1750 qua
4158 1668 4407 1751 aliquid
4451 1666 4634 1732 ‹letra-

2716 1751 2916 1816 hatur
2958 1753 3063 1815 vel
3109 1750 3440 1817 humanae
3485 1766 3759 1819 naturae
3812 1755 3882 1818 in
3942 1753 4210 1819 Christo
4252 1754 4361 1816 vel
4423 1752 4635 1835 gloriae

2715 1837 2995 1915 coelesti,
3043 1848 3107 1901 61
3151 1839 3450 1919 cupimus
3489 1841 3698 1904 colere
3755 1862 3903 1907 cum
3950 1839 4252 1904 omnibus
4295 1841 4365 1903 in
4415 1839 4634 1903 confes·

2714 1924 2896 1988 sione
2921 1923 3265 1988 Basiliensi
3303 1925 3877 2006 perseverantibus
3915 1925 4341 1991 christianam
4380 1943 4640 1990 commu-

2715 2010 3008 2087 nionem,
3063 2031 3194 2072 non
3255 2012 3538 2075 arbitror
3593 2033 3770 2077 nunc
3829 2032 3973 2076 6666
4016 2011 4190 2093 apud
4226 2032 4342 2076 vos
4390 2011 4501 2094 qui
4540 2028 4638 2074 nos

2712 2094 2928 2158 nolint
2973 2097 3041 2157 in
3085 2094 3369 2160 Domino
3427 2106 3501 2160 ut
3543 2095 3781 2162 fratres
3823 2097 4182 2178 complecti.
4271 2098 4362 2161 Et
4410 2097 4466 2161 si
4505 2094 4640 2177 qnid

2716 2180 2921 2244 velint
2980 2181 3206 2245 durius
3251 2203 3477 2265 agere,
3533 2182 3785 2247 confido
3843 2197 4072 2247 vestra
4128 2204 4246 2248 vos
4311 2184 4639 2246 autoritate

2713 2266 2973 2331 illorum
3030 2267 3230 2350 rigori
3284 2288 3427 2332 esse
3482 2268 3968 2346 moderaturos,
4019 2290 4104 2332 ne
4169 2269 4425 2335 occasio
4473 2267 4640 2332 detur

2712 2351 2857 2417 aliis
2900 2351 3024 2417 hoc
3066 2351 3492 2418 afflictissime
3528 2353 3835 2421 ecclesiae
3873 2362 4167 2438 tempore
4200 2354 4357 2419 item
4409 2353 4641 2418 durius-

2712 2438 2858 2503 cule
2902 2439 3165 2521 exigere
3210 2460 3375 2521 quae
3418 2440 3515 2504 illi
3560 2441 3884 2518 sentiunt,
3942 2462 4019 2505 ac
4065 2441 4261 2504 etiam
4306 2442 4550 2505 sentire
4586 2457 4642 2501 se

2715 2523 3118 2588 arbitrantur
3161 2546 3244 2589 ex
3298 2525 3496 2591 verbo
3542 2525 3688 2591 Dei.
3780 2527 3997 2610 Rog0‚
4059 2525 4427 2609 dignemini
4482 2524 4643 2589 nobis

2713 2609 3136 2693 respondere,
3207 2620 3273 2675 et
3329 2633 3497 2694 quae
3565 2633 3684 2676 nos
3743 2611 3812 2676 in
3875 2612 4158 2677 Domino
4225 2611 4642 2686 consolentur,

2711 2716 2847 2761 non
2890 2694 3176 2761 dolorem
3232 2695 3442 2761 dolori
3497 2696 3826 2763 adiiciant.
3885 2730 4645 2746 ——————

2712 2781 3142 2866 Argentorati
3185 2785 3242 2848 8.
3290 2783 3672 2848 Decembris
3724 2788 3903 2847 1546.

3779 2921 3872 2985 M.
3920 2920 4211 2987 Bucerus
4252 2929 4494 2987 vester.

3595 3501 3754 3575 863.

3237 3657 3709 3727 GALVINUS
3752 3657 4124 3725 VIRETO.

2880 3828 2982 3895 Dc
3028 3830 3279 3896 Sulzcn‘
3324 3836 3379 3895 et
3419 3830 3843 3896 Ber-namium
3894 3830 4076 3896 rebus
4117 3831 4272 3914 quid
4312 3829 4648 3906 dicendam,

2710 3916 2866 3998 quid
2908 3917 3214 4000 aqendum
3256 3917 3344 3981 611
3385 3917 3590 3983 adhuc
3630 3916 3861 3984 dubius
3900 3917 4127 3983 haeret.

2711 4085 2865 4154 (Cod.
2901 4086 3102 4140 Genev.
3145 4085 3257 4144 106.
3294 4087 3386 4142 fol.
3423 4086 3549 4156 180,
3597 4093 3808 4158 autogr.
3856 4088 3984 4143 Cod.
4027 4089 4190 4156 111⁸,
4236 4088 4326 4142 fol.
4380 4087 4451 4141 10
4492 4086 4646 4144 Iona,

2709 4156 2841 4210 Ood.
2895 4154 3022 4236 111,
3063 4156 3156 4210 foL
3208 4155 3310 4211 159
3345 4157 3501 4211 Turr.
3541 4158 3930 4293 vigit-nebdsspp.
3983 4157 4105 4211 VII.
4152 4175 4208 4228 p.
4254 4155 4373 4211 797.
4448 4154 4646 4208 Simler.

2707 4412 2974 4478 Eximio
3028 4411 3284 4479 Ohristi
3336 4414 3605 4480 Domini
3663 4412 3874 4479 nostri
3927 4434 4116 4479 servo
4169 4414 4369 4480 Petro
4431 4412 4646 4477 Vireto

2875 4498 3371 4600 Dansannensis
3434 4499 3747 4566 ecclesiae
3803 4497 3934 4565 fido
3997 4500 4243 4582 pastori
4294 4498 4491 4563 fratri
4553 4514 4647 4562 66-

2875 4606 3155 4651 11661166.

2877 4721 2949 4788 S.
3038 4724 3226 4788 Tune
3268 4744 3517 4807 aequus
3559 4745 3650 4801 66,
3695 4721 3807 4803 (161
3850 4742 3891 4787 6
3926 4743 4031 4788 me
4073 4732 4342 4806 rogatus
4384 4730 4465 4786 ut
4504 4740 4648 4786 con·

2705 4810 2927 4875 silium
2992 4809 3184 4874 dares
3249 4808 3571 4892 numquid
3643 4807 3917 4873 Bel-nam
3984 4809 4401 4873 scribendum
4471 4804 4644 4871 nobis

2703 4904 2894 4976 esset,
2929 4895 3094 4960 nihil
3129 4915 3234 4960 res
3280 4895 3503 4975 eudes,
3541 4915 3796 4961 mecum
3829 4893 4084 4959 interea
4118 4892 4440 4961 deliberas
4474 4890 4646 4977 quid-

2705 5003 2860 5047 nam
2903 4983 3019 5047 tibi
3065 4915 3395 5065 agcngum
3438 4979 3707 5066 putem?
3742 4978 3787 5065 Ι)
3877 4979 4015 5045 0111
4072 5001 4207 5044 666
4252 4982 4421 5048 mihi
4478 4979 4646 5063 prior

2724 5271 4637 5415 3335ilgf339‘858fflaa0mmammm.
