4825 6175
214 384 318 449 37⁷

210 586 347 634 mos.
408 563 545 633 Sed
588 572 811 633 tamen
845 565 1086 636 missae
1351 567 1365 582 ⁶
1422 566 1559 633 'um
1591 587 1727 634 non
1770 573 2137 651 opportune

208 650 580 720 interseruit.
673 649 954 718 Confido
1005 674 1094 720 ex
1149 651 1329 720 illius
1385 652 1597 719 literis
1640 660 1708 719 te
1751 650 2138 720 consola-tio·

208 758 341 804 nem
380 745 802 821 accepturum
816 788 834 816 ,
896 746 974 804 ut
1026 757 1162 804 una
1202 737 1286 806 de
1340 737 1581 809 reduce
1622 748 1761 805 tam
1805 736 2136 821 praeclaro

204 824 384 890 fiatre
426 820 511 889 ad
533 821 786 890 Christi
830 822 1054 892 caulas
1090 823 1237 890 Deo
1278 823 1624 892 nobiscum
1665 824 1914 910 graues
1956 843 2134 907 agas.

204 907 494 976 Nondum
539 910 802 976 vacavit
843 929 1071 977 omnes
1113 909 1339 977 literas
1380 909 1631 995 legere:
1693 911 1929 977 faciam
1972 909 2134 974 otio-

203 995 333 1062 sior.
416 994 747 1062 Dominus
783 994 974 1062 Iesus
1018 1004 1085 1061 te
1129 1004 1348 1064 servet
1400 1006 1468 1063 et
1522 1016 1644 1080 pro
1698 1002 1814 1062 tuo
1857 997 2024 1061 istoc
2066 995 2136 1060 in

202 1102 296 1148 me
334 1100 554 1146 amore
597 1088 666 1147 te
699 1082 986 1149 vicissim
1024 1103 1282 1167 semper
1314 1082 1527 1167 magis
1565 1100 1642 1148 ac
1675 1082 1887 1166 magis
1920 1080 2137 1167 gratia

197 1187 306 1233 sua
342 1175 795 1251 prosequatur.

953 1461 1357 1470 ——-——-———

1082 1711 1240 1784 824.

677 1866 1152 1936 CALVINUS
1195 1865 1647 1934 PARELLO.

41 2089 54 2108 -,
348 2037 610 2104 In’terae
682 2041 820 2104 eius
882 2038 971 2105 ad
1029 2039 1372 2106 Feminam
1433 2038 1724 2121 quamvis
1787 2037 2137 2120 asperiores

181 2124 319 2190 huie
362 2124 653 2191 tradidit.
751 2125 876 2206 Qui
917 2126 1055 2206 ipse
1087 2123 1417 2208 diffieilior
1459 2129 1547 2190 est
1588 2127 1871 2203 ὑνασύαὐα,
1917 2122 2134 2189 mubie-

182 2230 275 2276 res
328 2209 560 2292 affines
615 2230 802 2276 verae
855 2210 1087 2293 fumiae.
1186 2210 1470 2277 Iocosam
1520 2210 1854 2275 historiam
1913 2211 2136 2276 uxoris

41 2316 48 2350 1
181 2294 520 2364 Frumenti
581 2300 839 2377 narrat,
904 2317 1064 2379 quae
1132 2303 1339 2363 tamen
1395 2302 1451 2363 et
1512 2296 1848 2361 tristiorem
1907 2295 2136 2378 faciem

41 2511 54 2588 2
178 2555 368 2620 (Manu
402 2555 616 2625 scripta
648 2570 758 2608 non
794 2559 990 2609 exstat.
1061 2554 1252 2608 Edidit
1297 2555 1445 2608 Beza
1490 2551 1690 2609 Genev.
1777 2592 1789 2605 .
1829 2550 1924 2620 63,
1970 2553 2132 2607 Laus.

57 2623 58 2626 ’
175 2641 225 2692 p.
262 2622 386 2691 142,
423 2623 636 2678 Hanov.
673 2639 726 2692 p.
764 2619 882 2688 159,
919 2622 1132 2704 Chouet
1160 2639 1217 2746 p.
1254 2621 1338 2690 83,
1379 2625 1552 2676 Amet.
1590 2639 1644 2692 p.
1751 2663 1763 2674 .
1800 2650 1867 2660 —
1901 2622 2135 2692 Anglice

41 2723 42 2730 κ
829 2693 1030 2760 legitur
1063 2692 1123 2746 T.
1187 2692 1228 2745 1.
1264 2709 1319 2762 p.
1355 2690 1472 2758 56.)

338 2880 639 2946 Tametsi
683 2880 920 2946 literae
959 2900 1093 2945 non
1135 2881 1315 2946 omui
1362 2902 1447 2947 ex
1482 2886 1668 2964 parte
1709 2880 1874 2946 mihi
1918 2880 2133 2965 place-

168 2965 346 3048 bant,
394 2965 573 3051 quod
617 2964 892 3031 verebar
933 2988 1017 3030 ne
1062 2967 1415 3048 asperitate
1457 2967 1666 3032 nimia
1720 2968 2133 3032 stomachum

164 3061 297 3118 tam
341 3052 705 3120 delicatum
741 3051 1173 3118 offenderent:
1217 3051 1585 3119 reddendas
1620 3062 1842 3118 tamen
1886 3054 2131 3134 curavi,

167 3138 276 3204 sed
319 3141 424 3206 ita
470 3147 551 3205 ut
591 3140 878 3205 nesciret
921 3161 962 3204 a
1001 3159 1108 3203 me
1164 3139 1369 3205 fuisse
1411 3139 1608 3206 visas.
1638 3144 1688 3216 ¹)
1774 3138 1909 3205 Hic
1954 3141 2132 3203 enim

204 3227 346 3291 uasi
394 3226 519 3292 abs
556 3232 621 3291 te
655 3225 784 3291 sibi
817 3226 1198 3292 commissas
1239 3226 1312 3289 in
1350 3226 1492 3291 eius
1529 3224 1794 3290 domum
1835 3225 2129 3308 pertulit.

215 3313 238 3375 i
281 3311 557 3377 tonabit
599 3331 720 3377 suo
764 3332 977 3389 more,
1038 3310 1306 3375 tandem
1351 3313 1492 3376 eius
1536 3311 1814 3377 fulmina
1858 3332 2132 3377 evanes-

163 3405 311 3462 cent
355 3398 436 3462 in
486 3397 795 3480 crepitus.
898 3397 1043 3481 Ego
1102 3417 1208 3461 me
1267 3395 1366 3461 illi
1421 3419 1550 3463 non
1610 3397 1812 3462 offero
1856 3406 2132 3475 tantum,

163 3483 274 3547 sed
307 3480 793 3567 propemodum
828 3481 1123 3561 obtrudo,
1171 3480 1497 3548 duntaxat
1529 3483 1797 3547 modum
1833 3482 2133 3563 adhibeo,

41 3608 45 3643 z
161 3577 231 3633 ut
271 3569 709 3635 meminerim
754 3590 950 3651 quem
992 3568 1208 3635 locum
1252 3578 1545 3634 teneam:
1605 3590 1818 3652 neque
1875 3567 1943 3632 id
1985 3588 2134 3633 mea

162 3675 390 3737 causa,
454 3654 579 3720 sed
634 3656 786 3738 quia
842 3654 1038 3720 homo
1094 3653 1573 3721 adulationibus
1638 3663 1936 3719 assuetus
1988 3674 2132 3719 mo-

41 3812 44 3817 <
162 3739 373 3809 destia
414 3761 575 3807 mea
628 3738 1012 3805 abuteretur
1068 3740 1142 3805 in
1187 3740 1442 3806 Christi
1514 3739 1892 3806 ludibrium.
1996 3741 2131 3805 De-

41 3826 44 3869 ?
161 3847 350 3910 spero
380 3828 408 3893 i
531 3847 635 3905 ue,
656 3825 786 3892 nisi
806 3824 1140 3892 Dominus
1171 3826 1536 3892 remedium
1560 3824 1884 3891 adhibeat.
1941 3825 2135 3892 Uxor

41 3930 42 3975 3
159 3914 296 3981 eius
340 3934 387 3997 p
529 3913 543 3927 '
598 3912 736 3978 ‘osa
776 3919 878 3979 eet
917 3913 1105 3978 furia.
1176 3910 1400 3977 Vidua
1440 3913 1522 3977 N.
1568 3912 1729 3977 adeo
1770 3911 2135 3994 procaciter

41 4030 44 4081 ξ
157 3998 450 4079 lascivit,
503 4008 580 4063 ut
628 3996 808 4064 dicas
859 4018 1004 4064 esse
1055 3997 1494 4064 iuvenculam.
1512 3997 1569 4085 ²)
1655 3996 1915 4063 Deinde
1958 3997 2132 4063 male

157 4084 280 4151 sibi
321 4086 604 4153 conscia
621 4084 844 4151 verbis
885 4084 1210 4161 omnibus,
1256 4104 1424 4166 quae
1464 4105 1586 4168 pro
1628 4084 1938 4149 concione
1982 4104 2130 4165 pro-

153 4171 494 4251 feruntur,
535 4171 848 4236 incitatur
880 4169 966 4236 ad
997 4170 1249 4237 rabiem
1260 4193 1277 4250 ;
1324 4170 1502 4235 domi
1537 4167 1849 4253 quidquid
1891 4168 2133 4236 veneni

153 4255 390 4337 habet,
455 4258 532 4322 in
588 4277 712 4323 nos
768 4257 1042 4324 evomit:
1101 4276 1473 4341 quanquam
1526 4274 1686 4339 erga
1739 4262 1807 4319 te
1848 4255 2016 4320 mire
2059 4275 2132 4320 se

41 4372 44 4387 =
153 4344 476 4426 praebuit
498 4342 908 4409 benevolam.
977 4343 1166 4409 Duos
1199 4342 1380 4407 enim
1414 4350 1688 4425 nepotes
1723 4348 1887 4419 tuos,
1927 4361 2131 4424 quum

152 4430 534 4513 periculose
589 4436 1006 4513 aegrotarent
1059 4428 1132 4492 in
1186 4449 1257 4494 se
1320 4429 1568 4512 recepit
1584 4479 1600 4508 ,
1665 4447 1875 4509 neque
1938 4426 2132 4491 aliter

152 4523 408 4584 tractat
456 4533 659 4599 quam
702 4513 889 4580 filios.
977 4513 1128 4580 Hoc
1170 4513 1457 4580 officium
1502 4513 1776 4598 dignum
1819 4524 1920 4578 est
1965 4511 2128 4578 libe-

186 4754 336 4810 824.
379 4757 440 4824 1)
482 4755 645 4810 Haec
676 4754 952 4823 explicata
995 4754 1240 4809 invenies
1283 4758 1393 4809 not.
1428 4751 1460 4806 1
1479 4752 1589 4823 gad
1623 4752 1696 4808 N.
1733 4751 1853 4807 822.
1922 4749 2013 4806 De
2047 4757 2129 4806 ta-

152 4824 384 4880 bellur-‘0
432 4826 542 4895 qui
592 4823 874 4892 epistolam
923 4822 1139 4878 Farelli
1179 4820 1419 4878 Perm‘no
1476 4821 1716 4877 aedidit
1756 4822 1826 4889 cf.
1877 4819 1959 4875 N.
2006 4818 2126 4874 843.

159 4891 1394 4963 GaetoeumquaehiedeepistouFareui
1439 4891 1927 4947 &Pan-inumb

157 4960 542 5029 Kfiehhofero
571 4961 776 5032 fraudi
804 4962 1069 5031 fuerunt,
1114 4962 1196 5015 ita
1245 4964 1309 5014 ut
1350 4959 1498 5016 hunc
1533 4959 1838 5015 mertinis
1869 4974 1907 5013 a
1987 4974 2130 5013 ume-

152 5039 318 5101 ros-et,
354 5030 560 5104 §scales
592 5032 656 5085 in
692 5029 976 5085 Flandria
1009 5036 1060 5085 et
1090 5027 1362 5086 Neocomi
1394 5030 1743 5095 adituum,
1781 5027 2130 5098 pseudomon-

153 5099 328 5291 was..
364 5099 818 5224 apom'nffssoss·
835 5097 1819 5225 „2⁹:033bffffizaffi‘ffiizz
1839 5096 2131 5221 ¹:322?ssss

199 5255 368 5294 errm.

356 5306 427 5374 2)
467 5304 567 5361 1³0
597 5305 703 5362 aaa
734 5306 860 5363 osae
893 5305 973 5362 N.
1009 5303 1130 5376 sn,
1162 5310 1276 5363 m.
1313 5304 1362 5361 ⁷.

1854 381 2019 445 1546
2064 377 2520 450 SEPTEM.

4072 384 4199 449 3¹78

2240 566 2365 633 rali
2420 566 2786 649 gratiarum
2841 565 3126 646 actione,
3185 586 3385 650 quam
3442 586 3577 633 non
3621 567 3883 634 omittes
3899 620 3916 648 ,
3972 568 4086 635 ubi
4129 591 4200 637 se

2240 652 2525 718 nuncius
2568 649 2900 717 obtulerit.
2984 652 3195 718 Nobis
3239 651 3544 719 omnibus
3587 651 3749 719 adeo
3794 663 3898 721 est
3938 653 4198 736 infesta,

2240 746 2318 802 ut
2358 736 2623 804 credam
2659 737 3013 805 Caesarem
3030 736 3086 825 ⁸)
3127 740 3342 822 ipsum
3386 738 3598 805 nihilo
3633 741 3844 825 magis
3888 761 4031 807 esse
4072 740 4201 808 ini-

2241 823 2505 889 micum.
2592 823 2686 887 Et
2727 831 2952 890 tamen
3007 825 3063 890 si
3117 844 3317 891 causa
3360 823 3637 891 dicenda
3677 826 3782 905 sit,
3843 825 4051 892 fateor
4092 849 4200 895 me
4328 857 4333 862 ·

2241 910 2527 988 nescire,
2594 907 2724 974 nisi
2777 908 2952 992 quod
3006 909 3424 994 impudenter
3491 911 3846 977 criminum
3899 913 4200 978 omnium

2239 992 2690 1061 defensionem
2733 994 3023 1079 suscipit.

2410 1079 2710 1146 Narrabo
2756 1080 2863 1145 hic
2904 1081 3189 1146 iocosam
3222 1082 3587 1148 historiam.
3653 1083 3882 1167 Nuper
3918 1083 4047 1150 huc
4082 1105 4199 1150 ve·-

2240 1165 2341 1230 nit
2375 1164 2708 1231 Frumenti
2749 1188 2935 1231 uxor.
3001 1167 3137 1233 Per
3181 1187 3408 1234 omnes
3446 1167 3772 1248 tabernas,
3817 1189 3936 1253 per
3980 1172 4202 1236 omnia

2237 1252 2378 1317 fere
2442 1252 2728 1335 compita
2791 1251 3239 1319 declamitavit
3291 1252 3608 1320 adversus
3663 1254 3897 1339 longas
3955 1263 4197 1323 vestes.

2242 1335 2468 1419 Quum
2511 1337 2579 1402 id
2623 1336 2787 1402 mihi
2830 1338 3035 1404 fuisse
3078 1336 3443 1404 indicatum
3477 1340 3695 1418 sciret,
3741 1342 4083 1407 excusavit
4126 1363 4198 1409 se

2240 1421 2512 1489 ridendo
2595 1423 2840 1488 dixisse
2854 1474 2869 1502 ,
2938 1432 3054 1489 aut
3123 1444 3244 1490 noe
3305 1423 3687 1492 indecenter
3757 1426 3993 1492 vestiri
4044 1449 4199 1494 cum

2239 1529 2482 1593 magno
2540 1509 2847 1575 ecclesiae
2912 1507 3334 1577 offendiculo:
3410 1523 3526 1576 aut
3589 1531 3712 1577 vos
3776 1512 4018 1578 falsum
4082 1512 4198 1579 do-

2239 1596 2487 1675 cuisse,
2557 1616 2762 1678 quum
2827 1594 3131 1661 diceretis
3187 1617 3227 1660 a
3279 1594 3497 1683 longis
3552 1598 3844 1664 vestibus
3901 1598 4197 1682 dignosci

2239 1698 2435 1763 posse
2478 1679 2675 1746 falsos
2719 1680 3090 1764 prophetas.
3158 1679 3383 1763 Quum
3424 1688 3565 1748 tam
3609 1682 3905 1766 putidam
3948 1684 4197 1750 calum-

2240 1766 2420 1831 niam
2463 1767 2839 1844 refutarem,
2884 1767 3100 1851 coepit
3131 1768 3330 1831 etiam
3374 1768 3637 1851 spiritui
3680 1777 3909 1834 sancto
3953 1768 4197 1836 adscri-

2236 1852 2411 1931 bere,
2458 1851 2633 1934 quod
2674 1851 2860 1919 vobis
2901 1852 3281 1937 impegerat.
3349 1851 3529 1935 Quid
3561 1853 3690 1921 sibi
3712 1854 3874 1932 vult,
3921 1853 4194 1934 dicebat,

2237 1936 2422 2003 locus
2466 1936 2581 2002 ille
2628 1958 2796 2004 evan
2845 1936 2986 2003 elii:
3030 1936 3326 2003 Venient
3359 1936 3445 2004 ad
3486 1959 3603 2005 vos
3659 1940 3734 2005 in
3785 1939 4003 2025 longis
4045 1961 4197 2007 ves-

2239 2022 2458 2088 tibus?
2523 1959 2864 2107 Respondi
2897 2045 3004 2089 me
3037 2025 3291 2092 nescire
3324 2024 3436 2091 ubi
3481 2033 3653 2092 esset
3687 2024 3805 2091 illa
3846 2027 4194 2109 sententia,

2238 2108 2369 2174 nisi
2409 2108 2583 2174 forte
2638 2109 3057 2175 inveniretur
3112 2110 3188 2176 in
3244 2110 3587 2195 evangelio
3631 2110 4194 2179 Manichaeorum.

2240 2192 2354 2261 Sic
2398 2195 2579 2260 enim
2622 2201 2842 2262 exstat
2881 2194 3061 2262 locus
3107 2197 3331 2262 Lucae
3386 2200 3487 2262 20.
3533 2219 3704 2264 vers.
3750 2202 3853 2262 45.
3943 2196 4197 2265 Cavete

2239 2301 2280 2345 a
2322 2279 2556 2347 scribis
2639 2281 2710 2346 ui
2742 2280 2976 2348 volunt
3010 2281 3346 2348 ambulare
3388 2282 3462 2347 in
3504 2282 3710 2350 stolis.
3777 2282 3932 2348 Non
3976 2291 4199 2352 autem

2238 2367 2510 2433 venient
2550 2385 2589 2430 a
2677 2387 2815 2448 vos,
2870 2373 2991 2432 etc.
3040 2365 3213 2452 quod
3266 2389 3351 2434 ex
3392 2368 3636 2435 Matth.
3683 2372 3716 2431 7
3761 2369 4195 2454 interpolave-

2238 2465 2362 2519 rat.
2377 2453 2439 2537 ⁴)
2527 2450 2755 2534 Quum
2811 2453 3089 2526 sentiret
3140 2474 3213 2518 se
3263 2455 3518 2538 urgeri,
3575 2461 3931 2538 conquesta
3972 2464 4073 2522 est
4116 2454 4196 2522 de

2237 2545 2467 2610 nostra
2522 2537 2875 2623 tyrannide
2890 2590 2909 2616 ,
2976 2537 3151 2623 quod
3205 2559 3339 2604 non
3383 2539 3592 2607 cuivis
3645 2540 3877 2606 liceret
3932 2541 4197 2625 quidvis

2240 2626 2512 2708 garrire.
2602 2624 2910 2691 Tractavi
2959 2624 3306 2691 mulierem
3360 2633 3438 2690 ut
3492 2623 3707 2692 debui.
3806 2624 4054 2693 Statim
4112 2624 4195 2693 ad

2240 2709 2577 2777 Michaelis
2616 2708 2881 2776 viduam
2925 2712 3236 2794 perrexit,
3296 2731 3463 2794 quae
3506 2732 3654 2777 eam
3694 2710 3979 2797 hospitio
4023 2733 4196 2779 rece·

2235 2797 2355 2881 pit,
2401 2817 2540 2861 non
2581 2816 2850 2862 mensae
2893 2803 3157 2862 tantum
3201 2794 3316 2862 sed
3357 2795 3513 2863 lecti
3555 2797 3817 2878 sociam,
3878 2800 4035 2882 quia
4075 2800 4196 2864 mi·

2237 2882 2466 2947 nistris
2508 2879 2949 2949 maledicebat.
3024 2881 3212 2948 Haec
3254 2881 3550 2962 vulnera,
3595 2882 3770 2967 quod
3810 2884 4200 2951 insanabilia

2237 2968 2405 3033 mihi
2447 2964 2778 3045 videntur,
2821 2967 3073 3035 intacta
3114 2968 3434 3052 relinquo,
3495 2968 3704 3034 donec
3747 2989 4019 3035 manum
4059 2971 4196 3036 Do-

2237 3054 2460 3120 minus
2505 3052 2869 3120 admoveat.

2411 3139 2706 3205 Coenam
2747 3140 3047 3223 proximo
3093 3138 3199 3204 die
3241 3139 3594 3205 Dominico
3638 3161 3866 3207 sumus
3909 3141 4195 3208 celebra-

2237 3226 2387 3292 turi.
2454 3225 2636 3290 Hinc
2665 3225 2882 3306 cogita
2915 3225 3151 3310 quibus
3186 3226 3509 3311 angustiis
3544 3246 3723 3291 nunc
3764 3229 4193 3313 constringar.

2236 3312 2512 3378 Utinam
2554 3332 2661 3376 me
2696 3309 2968 3377 absente
3004 3321 3225 3394 posset
3260 3310 3597 3390 celebrari,
3642 3311 3767 3378 hac
3802 3311 4195 3391 conditione,

2238 3406 2313 3463 ut
2356 3398 2440 3463 ad
2484 3417 2600 3464 vos
2639 3417 2847 3479 usque
2902 3397 3014 3462 vel
3067 3395 3371 3462 manibus
3415 3406 3761 3480 reptarem.
3848 3398 4198 3464 Fratribus

2237 3485 2370 3549 tuis
2415 3484 2673 3548 utinam
2715 3481 2881 3548 illud
2926 3483 3398 3548 Terentianum
3455 3484 3718 3549 veniret
3758 3484 3826 3548 in
3870 3493 4193 3550 mentem:

2234 3569 2526 3636 Perdere
2568 3570 2640 3633 in
2684 3578 3005 3651 tempore,
3060 3570 3320 3635 lucrum
3363 3570 3577 3634 facere
3616 3576 3734 3635 est.
3825 3568 4191 3636 Admonui:

2237 3656 2352 3722 sed
2395 3676 2534 3721 non
2590 3654 2910 3721 festinant
2963 3663 3286 3739 quantum
3341 3653 3602 3721 vellem.
3704 3654 4054 3739 Paulisper
4098 3667 4197 3722 ta-

2236 3762 2392 3807 men
2436 3740 2653 3806 adhuc
2709 3741 2880 3807 hanc
2924 3761 3181 3806 moram
3238 3741 3542 3824 quamvis
3597 3739 3787 3806 nobis
3842 3741 4194 3825 ingratam,

2237 3827 2628 3893 sustineant.
2717 3825 2888 3892 Vale
2931 3827 3135 3892 frater
3178 3832 3245 3891 et
3290 3825 3498 3892 amice
3537 3826 3978 3911 integerrime.
4071 3825 4196 3893 Sa·

2234 3913 2377 3979 luta
2440 3933 2588 3978 meo
2656 3912 2922 3979 nomine
2989 3911 3339 3996 diligenter
3392 3911 3629 3977 fratres
3666 3932 3940 3993 omnes,
4006 3914 4195 3979 fami-

2235 3999 2425 4079 liam,
2504 4005 2570 4064 et
2642 3999 2784 4081 pios
2849 3999 3044 4065 cives.
3162 3998 3497 4064 Dominus
3572 4004 3642 4062 te
3708 4007 4058 4066 conservet
4120 4020 4196 4067 ae

2237 4105 2500 4170 semper
2542 4092 2733 4169 regat
2768 4104 2886 4150 suo
2921 4083 3174 4168 spiritu,
3217 4087 3455 4151 Amen.
3546 4080 3878 4165 Genevae,
3922 4083 4195 4151 Calend.

2238 4169 2572 4256 Septemb.
2625 4173 2807 4235 1546.

3162 4305 3442 4371 Ioannes
3484 4304 3807 4372 Calvinus
3850 4314 4021 4373 tuus.

2284 4620 2297 4632 ·
2445 4547 2507 4615 3)
2546 4548 2808 4604 comicum
2832 4551 3004 4615 puta,
3040 4561 3197 4616 quem
3239 4545 3329 4600 ali
3359 4547 3643 4615 vocabam,
3678 4548 3715 4600 ι’.
3753 4561 3795 4600 e.
3831 4547 4016 4616 ὄρουσα
4051 4544 4189 4600 Per-

2235 4634 2505 4751 mmm’m
2555 4686 2705 4740 Vere.
2742 4683 2831 4741 15.
2907 4681 3133 4738 Utinam
3172 4687 3295 4752 ipse
3337 4684 3665 4738 meminisset
3697 4682 3940 4752 aquam
3977 4698 4193 4738 muscas

2236 4772 2351 4811 non
2384 4761 2626 4824 captare.
3494 4800 3503 4807 ,
