4825 6175
663 456 741 519 91
2204 450 2731 522 EPISTOLAE
2778 451 3115 521 650—652
4574 450 4639 513 92

658 640 888 707 mabas
931 660 1156 726 agere,
1201 638 1516 704 nimirum
1560 640 1705 705 Deo
1749 647 1818 706 et
1861 640 2173 707 ecclesiae
2216 641 2613 720 ministrare,

656 727 729 793 id
774 747 951 792 nunc
994 726 1064 791 16
1108 747 1188 791 66
1230 724 1374 791 1666
1414 747 1546 809 qua
1589 734 1656 792 te
1700 725 2010 793 Christus
2066 726 2432 793 illustravit
2475 726 2616 792 effi-

661 832 874 893 ceres,
929 811 1102 895 quod
1160 830 1270 876 sae
1316 811 1419 876 ius
1460 810 1636 876 inter
1679 835 1797 878 uos
1841 821 2378 892 tractaveramus,
2424 832 2615 878 revo-

660 898 829 964 catis
890 899 969 963 iis
1023 918 1190 981 quae
1373 898 1456 963 ito
1512 904 1579 961 et
1635 897 1748 964 alii
1807 907 2155 963 senserunt
2212 898 2293 964 de
2351 905 2437 964 te.
2526 898 2620 963 Et

660 1005 821 1052 saue
882 984 1049 1048 mire
1113 982 1363 1066 placuit
1426 981 1600 1066 quod
1662 983 1818 1050 fecit
1880 981 2152 1066 caspar,
2210 993 2286 1049 ut
2350 994 2620 1068 rogatus

659 1070 893 1136 fuerat.
940 1068 1145 1153 Spem
1180 1089 1435 1152 quoque
1469 1068 1627 1134 fecit
1660 1079 1728 1134 te
1763 1091 1893 1156 non
1930 1070 2418 1154 refragaturum
2454 1069 2618 1146 Deo,

660 1153 960 1240 quamvis
999 1154 1208 1219 multa
1242 1154 1464 1220 videas
1500 1176 1618 1238 per
1651 1175 1818 1237 quae
1854 1156 1948 1220 im
1995 1155 2262 1221 ediaris:
2309 1154 2427 1220 sed
2463 1153 2621 1237 quid

660 1262 796 1307 non
836 1248 936 1306 est
981 1237 1365 1305 calcandum
1407 1260 1529 1323 pro
1575 1239 1880 1308 Christo!
2023 1241 2088 1306 bi
2137 1238 2445 1313 Calvinus
2488 1239 2619 1306 huc

660 1327 970 1404 venisset,
1015 1325 1309 1391 indicavi
1350 1346 1516 1409 quae
1559 1348 1676 1409 per
1715 1324 2053 1409 Casparem
2089 1347 2486 1410 acceperam.
2548 1324 2619 1391 Is

661 1420 921 1478 tautum
977 1412 1187 1477 abfuit
1241 1419 1315 1475 ut
1371 1423 1602 1477 votum
1670 1421 1967 1478 nostrum
2029 1411 2443 1496 improbarit,
2503 1410 2620 1477 ubi

661 1496 857 1564 modo
915 1495 1437 1581 proponebatur,
1481 1507 1556 1562 ut
1599 1499 1888 1563 maxime
1931 1496 2002 1562 id
2046 1506 2242 1581 optet.
2331 1497 2490 1563 Ideo
2550 1505 2616 1562 te

824 1581 1163 1650 Christum
1208 1583 1525 1664 obtestor,
1582 1592 1660 1648 ut
1701 1585 1792 1663 ei,
1851 1585 1958 1648 cui
2013 1591 2080 1649 te
2109 1593 2346 1648 -totum
2401 1582 2616 1662 debes,

659 1691 736 1736 m
773 1668 898 1736 hac
933 1688 1123 1735 sacra
1153 1667 1492 1735 functione
1524 1668 1885 1752 impendaS‚
1933 1690 2057 1752 quo
2101 1670 2310 1753 possis
2347 1668 2617 1735 Christo

662 1775 858 1839 quam
913 1753 1233 1837 plurimos
1297 1753 1682 1821 lucrifacere
1698 1803 1714 1832 ,
1771 1764 1840 1820 et
1895 1755 2095 1820 huius
2154 1762 2411 1837 partam
2466 1777 2616 1820 san-

758 1842 862 1906 ‘ue
928 1839 1267 1907 ecclesiam
1331 1839 1697 1906 instaurare
1755 1862 1831 1905 ac
1875 1839 2234 1906 aedificare.
2324 1838 2616 1923 Spiritus

659 1862 775 1991 ἢ
810 1924 958 2002 Dei,
1005 1946 1133 2009 quo
1177 1926 1307 1991 acti
1350 1925 1622 1991 fuerunt
1662 1946 1890 1991 omnes
1932 1925 2048 2008 qui
2091 1947 2295 2009 paene
2315 1927 2372 2010 ⁶)
2420 1926 2615 1990 mini-

661 2019 991 2091 strarunt,
1047 2019 1114 2075 te
1156 2019 1368 2076 totum
1424 2012 1688 2094 perflet,
1751 2019 1826 2075 ut
1867 2011 2074 2094 ipsius
2131 2010 2330 2077 ductu
2370 2012 2616 2077 efficias

661 2096 833 2180 quod
876 2097 1200 2180 optimum
1246 2105 1346 2161 est
1389 2104 1457 2161 et
1496 2096 1802 2179 inprimis
1845 2098 2288 2164 necessarium
2303 2149 2319 2175 ,
2377 2119 2619 2181 panem

662 2182 840 2249 vitae
875 2182 1180 2247 omnibus
1223 2201 1566 2267 proponas.

835 2267 940 2333 De
984 2266 1216 2351 gallico
1261 2267 1717 2334 concionatore
1761 2288 1952 2352 spero
1988 2276 2053 2334 te
2095 2290 2230 2334 nou
2275 2271 2618 2334 immemo-

659 2375 820 2433 rem,
878 2373 964 2418 ne
1005 2363 1279 2436 pereant
1322 2361 1457 2418 tatu
1516 2353 1712 2418 multi
1769 2354 2012 2436 quibus
2063 2375 2200 2420 uon
2259 2354 2617 2421 adnuncia-

662 2448 774 2505 tur
832 2438 1140 2504 Ohristus
1199 2438 1312 2505 ubi
1365 2440 1653 2504 maxime
1711 2449 2102 2522 opporteret.
2193 2441 2362 2505 Vale
2421 2462 2617 2524 quam

662 2524 941 2608 optime,
1012 2544 1162 2589 cum
1227 2533 1367 2591 tota
1431 2525 1708 2603 familia,
1766 2547 1848 2590 ue
1905 2535 2311 2610 praeteream
2360 2525 2620 2591 Petrum

661 2631 815 2677 cum
856 2619 1068 2675 matre
1113 2619 1179 2675 et
1223 2610 1503 2675 alterum
1525 2612 1579 2686 7)
1624 2631 1774 2675 eum
1818 2631 2055 2677 sorore.
2126 2610 2339 2695 Cupio
2382 2632 2617 2677 66666-

661 2694 794 2760 lem
874 2695 1131 2761 salvum
1148 2747 1163 2772 ,
1240 2704 1308 2761 et
1372 2694 1770 2777 Fit-cherum,
1788 2696 1848 2782 8)
1913 2705 1983 2762 et
2045 2697 2361 2781 quidquid
2440 2706 2620 2762 amat

662 2779 1025 2847 Christum.
1111 2781 1423 2849 Neocomi
1467 2780 1740 2847 Oalend.
1786 2782 1998 2850 Iuniis
2048 2787 2230 2848 1545.

1483 2900 1629 2967 Tibi
1677 2902 2123 2969 deditissimus
2165 2901 2488 2968 Farellus.

1569 3203 1717 3277 651.

1193 3340 1546 3407 GALVIN
1590 3343 1653 3408 A
1697 3341 2090 3409 OAVENT.

833 3492 1601 3562 Latredecondoleanoe
1652 3517 1743 3562 611
1798 3498 1958 3580 emet·
1996 3497 2618 3567 delamortdesa

657 3582 1447 3667 fmnmeddesamere,
1503 3583 1951 3667 daereyrets
2001 3585 2617 3666 aumojddel'im·

647 3668 1004 3753 parabolice
1055 3666 1467 3733 momentanee
1519 3668 1596 3734 de
1645 3669 1815 3751 faire
1865 3670 2047 3735 venio·
2099 3690 2199 3735 ses
2255 3671 2504 3752 mfants
2541 3673 2618 3740 de

660 3755 985 3839 Bezyiqae.

665 3888 1050 3959 (Autographe
1096 3889 1166 3943 de
1210 3891 1266 3943 16
1300 3886 1686 3960 Bibliotheque
1730 3890 1827 3944 des
1877 3895 2130 3960 pasteurs
2177 3891 2248 3945 de
2294 3892 2611 3949 Neuchatel.

661 3959 787 4013 Une
833 3969 989 4012 autre
1034 3959 1181 4011 main
1227 3956 1413 4024 (Viret
1423 3958 1477 4020 1)
1527 3975 1562 4013 6
1612 3959 1792 4027 ajoute
1846 3976 1940 4013 661·
1998 3959 2281 4015 l’adresse:
2334 3962 2531 4018 Calvia
2576 3980 2615 4018 6

665 4024 842 4082 letan
883 4026 1087 4081 onom
1129 4027 1317 4081 diacre
1363 4027 1430 4080 de
1464 4024 1782 4081 Lemanno.
1822 4058 1885 4068 —
1934 4028 2173 4094 Bonnet,
2208 4029 2432 4084 Lettres
2466 4033 2532 4088 fr.
2568 4033 2608 4086 1.

661 4095 780 4149 120.
830 4095 993 4150 'l'rad-
1012 4094 1253 4165 auglaise
1287 4096 1348 4150 Τ.
1369 4096 1410 4149 Ῑ.
1434 4112 1488 4165 p.
1504 4094 1626 4148 440.
1668 4095 2096 4167 L’orthographe
2131 4096 2613 4154 tres-defectueuse

661 4165 733 4220 de
779 4163 1047 4233 l’originsl
1091 4182 1125 4217 a
1170 4163 1258 4217 ete
1310 4165 1745 4302 611311.θὲἶῖοὲἒί
1747 4164 2012 4301 ἐξζιίςθο
2063 4166 2373 4236 qu’ailleurs
2416 4188 2517 4240 par
2559 4170 2613 4224 16

659 4353 724 4418 Δ
753 4371 909 4417 mon
946 4349 1072 4415 bon
1107 4350 1280 4416 frere
1318 4360 1389 4416 et
1432 4373 1589 4436 amy
1623 4352 1900 4418 Maistre
1941 4352 2153 4418 Iehau
2177 4357 2226 4430 ¹)
2271 4353 2489 4422 diacre
2535 4354 2616 4421 de

832 4436 1059 4520 leglise
1113 4435 1194 4501 de
1251 4436 1564 4503 Lausaue
1621 4458 1707 4503 ou
1750 4460 1793 4503 a
1833 4438 2108 4505 Maistre
2149 4439 2378 4505 Pierre
2422 4441 2616 4507 Viret

833 4543 999 4605 pour
1041 4521 1138 4587 les
1184 4521 1302 4607 luy
1344 4522 1507 4588 faire
1550 4524 1742 4589 tenir.

834 4642 1001 4707 Tres
1065 4641 1224 4706 cher
1287 4641 1492 4722 frere,
1557 4642 1620 4706 ie
1684 4665 1842 4728 croy
1916 4643 2064 4709 bien
2142 4666 2268 4728 que
2347 4648 2616 4713 maistre

666 4726 1055 4809 christophle
1098 4744 1257 4791 aura
1298 4727 1454 4793 faict
1495 4744 1615 4793 son
1651 4728 1877 4796 devoir
1906 4728 1991 4796 de
2026 4751 2190 4796 vous
2232 4731 2397 4797 faire
2441 4732 2616 4797 tenir

660 4867 697 4876 ...-
970 4866 1073 4873 ——q

868 4946 930 5017 6)
964 4960 1071 5002 vox
1105 4948 1264 5002 nobis
1295 4949 1530 5003 maxime
1699 4956 1813 5004 ecta
1849 4949 2078 5020 (puress‘)

870 5014 930 5081 7)
969 5015 1205 5071 Nicolao
1227 5032 1265 5070 6
1292 5015 1601 5072 Wattevt‘lla
1673 5036 1744 5071 uo
1779 5026 1937 5074 erant
1966 5021 2085 5087 tilii,
2123 5020 2323 5076 Petrus
2357 5027 2407 5076 et
2444 5020 2610 5077 16611·

662 5101 776 5152 m,
809 5085 1684 5221 ωὲἷφὲωροιῑῖιῖἶὴῖοῆἶμέἷῦῗ
1715 5087 1839 5211 321¹?
1846 5090 2165 5212 amer&
2197 5091 2449 5214 σιἰἷνῖιεέῑε
2483 5161 2608 5213 emi-

664 5222 828 5304 nebat
864 5222 1178 5345 &4:⁸32an
1224 5223 1495 5347 &galgin
1531 5227 1780 5280 ranei-sco
1819 5175 2121 5295 Naefizino
2149 5176 2392 5282 grlatere
2421 5230 2612 5297 ficerat

664 5308 832 5414 ς’.851
908 5363 929 5425 )
971 5308 1275 5415 &mazze
1307 5361 1469 5416 doute
1499 5361 1548 5415 le
1578 5362 1741 5416 meme
1773 5378 2111 5433 personnaye
2125 5379 2229 5433 que
2252 5363 2496 5420 Liber-tet
2525 5381 2607 5420 re-

2717 640 2814 706 les
2858 640 3087 707 lettres
3129 663 3214 707 66
3257 662 3344 708 66
3386 661 3551 707 vous
3606 637 3903 707 maudoit
3954 633 4052 700 les
4095 633 4437 701 nouvelles
4480 633 4556 699 de
4590 635 4643 702 la

2719 735 2893 792 mort
2936 727 3017 793 de
3060 734 3280 794 vostre
3336 728 3574 793 femme
3632 734 3699 791 et
3741 732 3965 791 vostre
4010 741 4206 786 mere.
4298 718 4376 787 Si
4417 721 4481 786 le
4518 720 4644 805 dep-

2720 820 2869 896 part
2925 834 3093 879 vous
3147 821 3250 879 est
3307 812 3432 878 dur
3446 865 3464 893 ,
3524 813 3583 878 si
3626 833 3784 878 avez
3827 829 3993 877 vous
4044 807 4340 872 occasion
4384 805 4465 872 de
4508 827 4644 874 vous

2720 898 3014 964 consoler
3070 919 3157 964 en
3214 907 3435 965 nostre
3488 898 3798 982 seigneur
3856 915 4022 963 vous
4037 892 4095 979 ²)
4152 891 4478 958 lhonneur
4529 891 4646 976 quil

2721 984 2864 1049 leur
2908 1005 2947 1049 a
2991 985 3184 1051 faicte
3227 984 3308 1049 de
3351 983 3639 1069 glorifier
3697 1004 3818 1050 sou
3874 1001 4031 1046 nom
4077 1000 4160 1045 en
4199 977 4347 1045 leur
4388 986 4559 1077 mort
4594 986 4648 1043 et

2721 1090 2887 1152 pour
2927 1070 2993 1135 16
3036 1079 3386 1137 constance
3431 1070 3539 1154 qui
3584 1067 3730 1135 leur
3772 1089 3813 1133 a
3855 1066 4139 1141 donnee,
4185 1084 4438 1130 comme
4479 1084 4541 1129 16
4577 1085 4648 1130 66

2723 1152 2965 1222 doubte
3008 1177 3130 1240 pas
3172 1155 3309 1238 quil
3352 1177 3437 1221 ue
3478 1176 3643 1220 vous
3686 1155 3827 1219 face
3859 1152 3927 1218 16
3959 1171 4152 1234 grace
4197 1149 4278 1215 de
4319 1149 4474 1215 bien
4515 1170 4648 1216 con·

2722 1238 2969 1306 siderei·
3014 1249 3226 1307 tontes
3282 1263 3389 1309 ces
3433 1241 3678 1307 choses.
3769 1237 3996 1320 Quaut
4039 1259 4079 1302 a
4121 1257 4240 1300 voz
4276 1235 4578 1315 enfans&
4612 1234 4651 1300 ss

2811 1339 2957 1392 eust
2997 1349 3079 1392 eu
3124 1326 3400 1411 quelque
3443 1327 3659 1391 moien
3703 1345 3824 1407 par
3865 1322 4209 1389 Mousieur
4252 1320 4333 1387 de
4369 1319 4561 1387 Falsa
4597 1333 4653 1386 et

2719 1348 2894 1478 16661,
2934 1412 3288 1478 volentiers
3339 1412 3491 1479 faict
3532 1431 3702 1495 pour
3742 1410 4023 1475 lhoneur
4067 1406 4146 1472 de
4181 1407 4355 1473 Ι)166
4390 1414 4460 1472 et
4492 1427 4531 1472 6
4559 1425 4654 1471 ma

2719 1507 3038 1581 requeste.
3087 1500 3261 1563 Mais
3304 1497 3423 1582 luy
3469 1518 3714 1562 mesme
3758 1505 3862 1561 est
3905 1493 4140 1560 exclud
4187 1491 4276 1557 du
4318 1493 4459 1575 pais
4502 1500 4565 1558 et
4601 1491 4653 1558 16

2718 1592 3005 1668 trouvay
3048 1605 3087 1649 a
3131 1582 3534 1667 Strasbourg
3592 1580 3866 1647 malade.
3953 1578 4102 1660 Que
4152 1579 4210 1644 si
4252 1579 4319 1644 16
4370 1578 4655 1644 1611116666

2720 1691 2803 1734 66
2845 1668 3019 1736 leuet
3076 1669 3424 1755 empesche
3464 1668 3515 1733 11
3559 1668 3695 1733 fust
3739 1688 3912 1732 venu
3956 1686 4077 1748 par
4120 1665 4311 1730 deca:
4371 1683 4654 1747 parquoy

2715 1754 2766 1819 il
2809 1776 2978 1821 nous
3020 1755 3278 1820 fauldra
3334 1756 3640 1837 euquerir
3694 1750 3774 1817 de
3829 1751 4107 1835 quelque
4163 1749 4374 1815 aultre
4433 1751 4654 1825 moion,

2718 1849 2785 1905 et
2823 1860 2896 1905 66
2936 1840 3228 1925 pendant
3269 1862 3394 1924 que
3439 1860 3601 1905 vous
3636 1839 3774 1904 aiez
3807 1839 4108 1921 patience
4142 1857 4300 1901 avec
4335 1833 4657 1900 solicitude

2718 1925 2816 1991 les
2860 1926 3395 1992 recommendant
3429 1947 3471 1991 a
3504 1924 3677 1990 Ι)166
3720 1923 3939 2006 lequel
3981 1944 4068 1987 ue
4112 1931 4518 2004 permectera
4558 1939 4658 2003 pas

2721 2012 2891 2094 quilz
2936 2011 3320 2079 demeurent
3362 2034 3402 2077 a
3443 2011 3510 2077 la
3550 2010 3791 2094 longue
3834 2029 3918 2074 en
3961 2016 4133 2074 ceste
4177 2007 4508 2089 eaptivite.
4564 2006 4657 2070 Au

2721 2106 2894 2163 reste
2915 2098 2977 2163 ie
3001 2119 3166 2163 vous
3188 2119 3352 2183 prye
3387 2095 3528 2162 dire
3552 2117 3592 2161 6
3613 2103 3832 2160 nostre
3868 2094 4042 2159 frere
4076 2093 4348 2159 maistre
4376 2091 4599 2158 Pierre
4608 2089 4657 2172 ⁴)

2721 2183 2857 2266 quil
2917 2206 3000 2249 ue
3052 2183 3228 2249 faille
3286 2204 3326 2248 6
3381 2183 3570 2249 venir
3632 2203 3717 2246 au
3733 2182 3793 2258 5)
3839 2181 4002 2245 iour.
4087 2179 4181 2244 Et
4236 2199 4424 2244 surce
4486 2198 4659 2260 apres

2722 2276 2964 2336 mestre
3008 2267 3468 2335 recommande
3504 2289 3544 2334 a
3580 2278 3729 2332 tous
3774 2265 3949 2330 deux
3993 2265 4575 2330 affectueusement
4604 2268 4661 2327 et

2722 2376 2762 2419 6
2806 2364 2951 2421 tous
3006 2376 3129 2420 666
3186 2354 3380 2434 amis,
3443 2355 3507 2419 ie
3563 2352 3839 2438 supplye
3892 2359 4115 2416 nostre
4169 2349 4301 2415 bon
4360 2350 4539 2415 Ι)166
4592 2347 4661 2412 de

2722 2461 2884 2506 vous
2927 2440 3112 2506 avoir
3153 2462 3240 2507 en
3284 2461 3358 2506 sa
3400 2436 3600 2523 garde
3642 2459 3802 2503 vous
3847 2436 4190 2502 adressant
4241 2456 4363 2519 par
4407 2456 4530 2502 sou
4573 2454 4661 2498 66-

2721 2526 2895 2608 perit
2936 2547 2976 2590 a
3018 2546 3091 2591 66
3134 2547 3260 2609 que
3305 2533 3524 2591 vostre
3580 2524 3831 2590 service
3889 2521 4003 2608 luy
4046 2524 4172 2587 soit
4215 2522 4569 2605 aggreable
4607 2526 4664 2584 et

2721 2611 2882 2677 utile
2927 2633 2967 2676 a
3008 2634 3129 2678 sou
3171 2611 3410 2695 esglise
3453 2609 3567 2694 qui
3610 2629 3691 2674 eu
3738 2630 3778 2673 a
3819 2609 3951 2673 bon
3993 2608 4276 2674 mestier.
4296 2609 4354 2684 ⁶)

2895 2748 3139 2814 Vostre
3182 2747 3617 2812 entierement
3661 2743 3789 2810 bou
3834 2743 4006 2809 frere
4049 2751 4118 2809 et
4160 2764 4312 2829 amy

4072 2863 4285 2929 Iehan
4330 2861 4591 2930 Oalviu.

3493 3178 3900 3188 ——v———n

3623 3430 3777 3502 652.

3203 3584 3703 3653 FARELLUS
3749 3585 4185 3652 OALVINO.

2891 3753 3095 3820 Mittit
3134 3755 3195 3820 61
3236 3755 3545 3839 quidquid
3586 3756 3763 3823 habet
3803 3756 4205 3836 scriptorum·
4230 3757 4318 3822 ad
4357 3759 4668 3844 negotium

2721 3840 2931 3909 Caroli
2977 3841 3429 3924 ρει-1166161166
3484 3848 3696 3909 contra
3737 3861 3919 3924 quem
3967 3839 4273 3907 Calvinus
4313 3847 4453 3909 tum
4492 3862 4667 3911 666111

2711 3929 3033 4012 famosmn
3073 3927 3350 4007 parabat
3402 3928 3731 3995 diua-ibera.
3820 3926 3923 3993 De
3977 3927 4277 4010 zeyatiom
4316 3929 4403 3994 ad
4443 3930 4667 4015 Royan

2722 4013 2981 4080 Galliae
3030 4012 3348 4080 mittenda.
3434 4014 3728 4097 Denique
3780 4014 3982 4078 1116116
4027 4017 4084 4077 et
4124 4013 4388 4096 confusa
4429 4017 4514 4083 de
4560 4013 4668 4082 ca-

2716 4337 3080 4394 commandati
3114 4339 3151 4392 ὰ
3192 4337 3361 4392 Farel
3396 4337 3472 4392 N.
3510 4337 3642 4406 616,
3687 4342 3813 4392 note
3843 4335 3903 4404 3,
3948 4343 4001 4391 et
4040 4339 4140 4407 qui
4172 4353 4211 4391 6
4244 4337 4320 4392 dri
4356 4338 4476 4395 iere
4513 4335 4669 4410 plaoe'

2716 4409 2755 4464 ὰ
2792 4407 3094 4461 Lausum
3138 4404 3610 4468 tres-recautum.
3657 4406 3808 4460 Vah-et
3867 4405 4097 4477 n’ayant
4141 4406 4302 4474 point
4356 4424 4559 4466 encore
4608 4407 4667 4463 de

2716 4476 2905 4531 diacre
2937 4491 3013 4528 au
3046 4476 3184 4528 mois
3218 4474 3284 4529 de
3318 4473 3555 4530 Janvier
3588 4474 3695 4541 (N.
3730 4472 3877 4538 603).

2921 4542 2978 4610 2)
3015 4544 3094 4598 sic
3128 4544 3189 4607 (l.
3226 4544 3340 4611 vu).
3408 4542 3502 4598 Bt.
3538 4560 3574 4597 a
3606 4545 3742 4598 mis:
3773 4560 3927 4612 pour.

2922 4611 2980 4679 3)
3018 4610 3259 4680 D'aprbs
3292 4626 3350 4666 ce
3379 4627 3614 4681 passage
3647 4612 3690 4665 il
3711 4612 3895 4666 devait
3919 4610 4028 4666 &tre
4049 4613 4351 4681 oriqimire
4374 4613 4477 4669 dos
4501 4615 4665 4684 Payt-

2718 4682 2831 4748 ba8,
2939 4681 3053 4734 'ila
3070 4679 3148 4734 1112
3163 4681 3364 4751 quitur
3396 4696 3464 4734 en
3497 4681 3736 4735 laisaant
3766 4697 3831 4734 66
3861 4681 4072 4747 famave
4104 4698 4171 4736 en
4206 4683 4419 4737 amere
4437 4683 4667 4755 jmqu'ci

2716 4765 2774 4805 ce
2808 4697 2942 4818 61311
2975 4750 3064 4803 eat
3094 4750 3282 4803 trouve
3317 4764 3424 4803 une
3450 4751 3609 4818 place
3642 4765 3707 4803 en
3732 4748 3935 4804 Sume.
3986 4751 4346 4806 Maintenant
4377 4766 4448 4806 66
4478 4753 4668 4819 femme

2717 4823 2768 4873 et
2788 4833 2854 4872 sa
2882 4819 3024 4873 mere
3044 4815 3196 4872 itant
3229 4823 3438 4883 mortes,
3474 4819 3518 4873 α
3551 4818 3831 4887 s'aqissait
3863 4818 3932 4872 de
3959 4818 4109 4884 faire
4127 4821 4283 4875 venir
4314 4821 4393 4876 ks
4427 4823 4664 4889 enfan-

2721 4886 3076 5018 Galvinif’ebt
3110 4887 3223 4940 voit
3251 4902 3361 4955 pas
3391 4887 3468 4941 les
3503 4902 3735 4957 movens.

3057 4955 3172 5008 iret.

2921 5023 2983 5090 5)
3019 5040 3094 5077 uu
3128 5023 3220 5077 Bt.

2918 5090 2978 5157 6)
3022 5092 3110 5145 La
3143 5091 3270 5145 date
3304 5091 3371 5146 de
3404 5093 3460 5145 16
3495 5093 3644 5147 lettre
3687 5108 3743 5147 se
3789 5090 4078 5148 detes-unias
4121 5110 4231 5163 pm·
4275 5097 4325 5150 le
4357 5111 4572 5167 voyaqe
4604 5093 4664 5147 de

2720 5159 2916 5215 Calvia
2951 5163 2988 5215 ἀ
3027 5159 3357 5230 Strasbourq
3406 5163 3476 5215 οΐι
3524 5163 3566 5214 il
3612 5163 3690 5214 vit
3731 5162 3815 5218 M.
3850 5162 3917 5217 de
3957 5163 4155 5217 Falais
4200 5170 4252 5217 et
4284 5164 4412 5219 ἀόὑ
4459 5166 4507 5219 a
4538 5160 4663 5219 &tait

2715 5230 2782 5282 de
2815 5235 3001 5283 retour
3036 5229 3132 5284 des
3165 5230 3212 5283 le
3246 5228 3330 5281 25.
3353 5231 3480 5293 mai,
3518 5236 3568 5283 et
3603 5230 3669 5285 de
3704 5231 3902 5285 l’autre
3936 5230 4049 5286 οόεέ
4120 5246 4188 5285 ar
4224 5231 4271 5284 le
4303 5233 4661 5288 reuda-vous

2712 5296 2890 5352 donne
2925 5300 2963 5351 ἁ
2999 5296 3174 5364 Vir-et,
3221 5298 3392 5367 lequel
3433 5299 3672 5353 &excuse
3705 5299 3753 5354 le
3786 5299 3866 5353 23.
3895 5300 4028 5365 juin
4095 5300 4166 5353 N.
4185 5298 4311 5369 655)
4347 5301 4416 5355 de
4449 5300 4661 5356 n’avot'r

2701 5382 2789 5437 pu
2815 5382 2987 5422 eamr.
