4825 6175
660 428 739 492 95
2207 415 2736 492 EPIS'DOLAE
2783 426 3125 489 653-657
4567 426 4632 490 96

610 575 763 710 >

1565 611 1719 683 653.

1189 765 1662 833 OALVINUS
1706 764 2077 832 VIRE'I'O.

833 937 1084 1002 Literae
1104 936 1654 1016 commendatitiae,
1675 955 1950 1016 quarum
1978 934 2292 1001 occasione
2306 934 2612 1001 nonnuaa

657 1043 821 1091 nova
862 1043 939 1089 ex
997 1021 1348 1087 Wormatia
1389 1025 1445 1085 et
1493 1021 1760 1086 Geneva.

660 1195 774 1260 (Ex
810 1191 1148 1263 autographo
1183 1190 1313 1244 Ood.
1352 1190 1554 1243 Genev.
1593 1188 1720 1256 106,
1757 1190 1847 1244 sol.
1885 1189 2004 1245 132.
2075 1171 2370 1259 ffiemphr
2405 1190 2610 1244 Ionvil·

658 1263 768 1318 laci
799 1263 932 1317 ibid.
968 1261 1097 1316 Ood.
1137 1259 1277 1312 111⁸.
1302 1258 1394 1312 fol.
1428 1257 1522 1326 393
1559 1258 1837 1312 Turretini
1872 1259 1999 1314 God.
2032 1259 2146 1326 111,
2183 1259 2275 1313 sol.
2312 1257 2428 1323 119,
2466 1259 2611 1328 quod

658 1333 765 1387 fuit
796 1331 917 1387 fons
951 1329 1249 1400 apographi
1286 1328 1581 1449 3616611616)
1583 1328 1898 1462 1Egp.)V11.
1934 1346 1985 1397 p.
2008 1328 2127 1398 691,
2165 1334 2223 1383 et
2256 1328 2360 1381 hoc
2393 1327 2611 1382 Simleri
2683 1362 2688 1366 -

833 1551 1101 1637 Optimo
1124 1549 1317 1615 fratri
1359 1569 1504 1614 meo
1530 1548 1760 1614 Virsto
1786 1549 2280 1615 Lausannensis
2305 1549 2612 1617 ecclesiae

661 1639 908 1724 pastori
951 1635 1330 1702 fidelissimo

2022 1721 2436 1786 Lausannae.

835 1876 905 1943 S.
958 1874 1336 1941 &willelmus
1360 1878 1429 1958 ¹),
1490 1874 1647 1957 quia
1706 1873 1813 1939 hio
1869 1872 2163 1940 obtinere
2207 1896 2338 1940 non
2396 1883 2614 1958 potest

659 1961 831 2048 quod
888 1969 1146 2045 optaret
1164 2011 1179 2038 ,
1231 1959 1437 2024 voluit
1491 1960 1639 2025 istic
1693 1967 1949 2024 tentare
2005 1981 2166 2025 num
2210 1982 2339 2043 qua
2377 1961 2614 2027 melior

660 2046 946 2115 conditio
990 2047 1352 2111 offerretur.
1414 2045 1559 2129 Ego
1603 2052 1822 2109 autem
1858 2045 2047 2111 facile
2081 2047 2292 2129 patior
2326 2055 2402 2110 ut
2437 2045 2613 2130 apud

657 2154 779 2200 vos
836 2133 1071 2199 melius
1125 2152 1320 2215 quam
1378 2130 1486 2196 hic
1540 2129 1797 2196 habeat.
1887 2129 2023 2196 Sed
2076 2153 2287 2214 neque
2343 2132 2613 2216 expedit

659 2240 870 2303 neque
913 2239 1020 2282 me
1065 2217 1247 2283 decet
1289 2215 1643 2301 quidquam
1679 2216 1821 2281 6166
1855 2217 2117 2281 nomine
2153 2227 2394 2301 petere,
2440 2217 2612 2301 quod

656 2305 827 2370 mihi
870 2302 1106 2368 deinde
1164 2304 1402 2386 probro
1461 2308 1777 2366 vertatur.
1866 2301 2133 2387 Dignus
2174 2304 2299 2368 sibi
2343 2303 2611 2368 videtur

658 2390 975 2475 ampliore
1028 2387 1384 2472 stipendio,
1430 2396 1499 2451 et
1541 2408 1821 2471 aequum
1876 2389 2184 2454 censebat
2244 2410 2348 2453 me
2408 2390 2611 2455 verba

660 2477 872 2543 facere
931 2476 1001 2539 in
1060 2485 1290 2540 senatu
1346 2474 1428 2537 ad
1496 2493 1759 2539 causam
1825 2493 2012 2538 suam
2079 2474 2608 2557 promovendam.

659 2562 806 2647 Ego
861 2570 1080 2626 autem
1101 2610 1116 2637 ,
1171 2559 1280 2642 qui
1336 2581 1576 2643 magna
1635 2560 2055 2624 contentione
2094 2561 2451 2642 impetrare
2495 2581 2611 2642 pro

660 2648 926 2732 collegis
969 2666 1104 2710 non
1146 2644 1325 2727 potui
1369 2644 1541 2728 quod
1584 2645 1903 2720 volebam,
1950 2666 2080 2729 qua
2111 2646 2327 2711 fronte
2363 2646 2473 2711 hic
2507 2668 2613 2711 me

659 2730 1193 2816 interponerem?
1260 2729 1458 2814 Quod
1501 2731 1558 2795 si
1601 2739 1822 2795 tamen
1867 2731 2250 2796 consulendi
2292 2732 2393 2796 illi
2437 2732 2609 2796 ratio

658 2820 731 2885 in
773 2839 976 2884 manu
1022 2825 1244 2883 vestra
1286 2823 1404 2894 est,
1452 2837 1585 2880 non
1619 2815 1927 2881 invidebo
1966 2817 2107 2882 eius
2150 2818 2466 2883 fortunae.

830 2904 939 2969 Ex
1020 2903 1228 2968 literis
1290 2901 1532 2968 Bucen·
1594 2900 1812 2984 aliqua
1867 2924 1951 2967 ex
2015 2910 2199 2986 porte
2263 2924 2613 2987 cognosces

660 2987 818 3075 quid
860 2989 1274 3055 Wormatiae
1335 2995 1589 3072 agatur.
1679 2988 1855 3051 Iam·
1877 2996 1943 3052 te
1999 2988 2259 3053 audisse
2324 2989 2615 3054 arbitror

661 3076 1040 3143 Frenesimn
1108 3074 1400 3159 legatum
1475 3082 1670 3138 noctu
1737 3095 1888 3140 cum
1955 3073 2204 3141 duobus
2267 3073 2614 3142 comitibus

658 3162 1036 3230 clanculum
1101 3162 1337 3226 abiisse
1353 3164 1429 3239 ⁴²).
1518 3159 1604 3223 In
1667 3158 1920 3226 Dcwide
1995 3169 2219 3226 nostro
2293 3181 2612 3245 perquam

658 3250 899 3334 exigua
940 3268 1089 3331 spes
1132 3255 1234 3312 est
1249 3249 1327 3318 ⁸).
1389 3245 1642 3310 Mirum
1678 3245 1735 3310 si
1768 3244 2064 3311 triduum
2101 3246 2314 3313 adhuc
2347 3248 2610 3312 vixerit.

656 3334 847 3414 Vale,
890 3335 1097 3399 frater
1139 3340 1206 3397 ct
1249 3332 1457 3397 amice
1490 3331 1929 3414 integerrime.
1992 3330 2319 3397 Dominus
2355 3342 2422 3398 te
2457 3352 2610 3397 6611-

657 3426 898 3486 servet.
989 3417 1294 3503 optarim
1353 3426 1419 3481 te
1474 3437 1673 3500 quam
1725 3417 2015 3500 primum
2072 3418 2204 3483 huc
2247 3418 2497 3497 venire,
2543 3427 2611 3483 et

655 3507 850 3572 citius
894 3525 1094 3588 quam
1138 3503 1368 3569 dicam.
1431 3501 1508 3568 Si
1551 3523 1775 3586 posses
1818 3503 1943 3567 hac
1986 3502 2406 3585 hebdomade,
2445 3503 2612 3568 mihi

658 3598 833 3657 esset
885 3589 1333 3675 gratissimum
1377 3598 1445 3654 et
1488 3588 1797 3654 ecclesiae
1857 3596 2118 3655 nostrae
2175 3612 2306 3655 non
2350 3590 2605 3655 inutile.

657 3677 723 3742 N
725 3676 828 3742 616
886 3684 954 3741 te
998 3676 1278 3742 obiicere
1326 3672 1645 3748 invidiae,
1702 3694 1838 3739 non
1892 3683 1991 3740 est
2048 3676 2218 3758 quod
2274 3675 2510 3740 timeas
2526 3679 2606 3751 ⁴).

658 3761 1056 3845 Quanquam
1098 3769 1163 3825 te
1205 3760 1274 3827 id
1316 3760 1587 3824 minime
1646 3761 1880 3826 timere
1935 3761 2085 3828 soi0.
2167 3759 2405 3827 Saluta
2461 3759 2607 3825 dili-

657 3857 890 3933 genter
950 3847 1190 3912 amicos
1252 3855 1320 3911 st
1376 3845 1714 3911 familiam.
1812 3846 2147 3913 Gallasius
2206 3866 2393 3911 meus
2458 3867 2609 3911 cum

654 3954 861 4000 uxore
904 3941 971 3997 te
1015 3933 1269 3997 salvere
1312 3931 1508 4007 iubet,
1551 3952 1720 3995 uxor
1762 3938 1832 3995 et
1873 3933 2069 3998 vicini
2115 3933 2322 3998 nostri
2337 3934 2413 4010 ⁵).

1582 4049 1867 4117 Ioannes
1908 4050 2223 4117 Calvinus
2267 4057 2440 4117 tuus.

690 4308 829 4363 653.
868 4307 927 4372 1)
1021 4308 1237 4361 tei-snam
1270 4306 1359 4361 hic
1391 4308 1478 4373 sit,
1515 4306 1618 4361 tibi
1650 4306 2025 4361 excutiendum
2062 4308 2432 4377 relinquimus.
2514 4305 2605 4363 De

654 4377 946 4445 bibliopola
1005 4377 1151 4441 ‚ulcio
1186 4390 1285 4429 nos
1317 4375 1534 4444 quidem
1570 4391 1681 4429 non
1714 4377 2063 4444 coqitarimus
2096 4392 2263 4445 quum
2298 4375 2366 4429 de
2402 4377 2604 4444 stipen-

657 4447 752 4502 dio
789 4445 1053 4510 ampliore
1085 4444 1320 4498 dicatur.

860 4513 916 4577 2)
952 4513 1042 4567 De
1074 4513 1174 4567 hoc
1205 4514 1358 4578 facto
1392 4511 1562 4566 adeas
1588 4511 1903 4566 Sleidanum
1936 4512 2004 4565 ΙΙ.
2034 4511 2137 4566 387
2161 4528 2253 4583 seq
2290 4550 2302 4562 .
2340 4514 2441 4583 qui
2472 4513 2610 4569 dicit

660 4583 993 4637 Farnesium
1027 4581 1359 4636 cardinalem
1396 4580 1678 4635 excitandi
1708 4581 1832 4635 belli
1862 4596 2033 4635 causa
2066 4585 2128 4634 in
2149 4582 2265 4635 Lnt
2362 4598 2502 4635 anos
2531 4583 2608 4638 ad

656 4653 890 4776 23:523ss
910 4652 1146 4773 ⁰⁶53?
1180 4656 1232 4705 ‘³
1261 4649 2490 4774 Zmiffisszffifflfflssssss‘zzffmm
2525 4667 2606 4705 '⁶'

884 4736 997 4773 orm
2235 4760 2247 4772 .

859 4788 895 4842 a
955 4787 1090 4843 vsa.
1126 4735 1355 4842 m.

738 4927 750 4940 ι
791 4927 803 4940 .
861 4789 922 4924 43
966 4855 1116 4925 Quid
1156 4857 1290 4911 haec
1330 4856 1439 4910 (1ῶὶ
1482 4855 1649 4910 velint
1692 4871 1760 4909 ex
1805 4857 2031 4911 caeteris
2061 4856 2305 4925 epistolia
2336 4872 2604 4927 nonper-

657 4941 686 4980 ae
893 4967 906 4980 .

706 5026 711 5033 ‹
860 4992 921 5060 5)
966 4992 1144 5062 Quum
1181 4991 1442 5047 Calvinae
1474 4993 1586 5046 iam
1618 4992 1899 5046 resciverit
1928 5007 2069 5061 quae
2114 4991 2450 5048 Wormatiae
2476 5000 2607 5063 post

653 5068 993 5131 pentecosten
1026 5060 1134 5129 (24.
1174 5061 1352 5125 Maii)
1379 5066 1532 5130 qesta
1562 5061 1785 5130 fuerint,
1821 5069 1871 5115 et
1905 5067 2125 5115 mortem
2161 5060 2237 5115 D.
2278 5061 2344 5116 de
2379 5062 2601 5118 Busan-

656 5137 769 5211 ton·
795 5131 904 5201 (25.
957 5131 1104 5199 Iun.)
1145 5131 1394 5212 proc-igne
1443 5130 1735 5184 Mamm
1782 5130 2210 5199 praesayiverit,
2262 5132 2327 5185 de
2370 5137 2605 5200 tempore

656 5207 893 5271 emptae
926 5201 1184 5270 epistolae
1218 5206 1357 5255 sam
1390 5204 1619 5254 constat.

3619 610 3773 684 654.

3102 765 3458 833 OALVIN
3500 768 3562 830 A
3603 766 3699 831 M.
3744 764 3873 831 DE
3916 764 4279 833 FALAIS.

2888 931 4640 1024 Ileatentreenne'qociationavecquelqw’unpour

2713 1018 2811 1084 lui
2848 1017 3091 1086 acheter
3130 1041 3250 1086 nne
3290 1022 3538 1087 maison
3581 1020 3625 1086 ὰ
3671 1021 3929 1089 Geneve.

2716 1190 2889 1257 (Anto
2990 1189 3098 1260 phe
3133 1190 3202 1244 (16
3237 1191 3293 1245 la
3327 1191 3467 1245 Bibl.
3504 1191 3573 1246 de
3602 1190 3823 1247 Genevc
3858 1192 3989 1247 Ood.
4027 1192 4143 1260 194,
4181 1195 4271 1248 fol.
4307 1193 4392 1248 20.
4418 1193 4643 1265 -Oopis

2713 1259 2847 1312 ibid.
2908 1260 2980 1313 ol.
3016 1258 3084 1312 39
3122 1277 3172 1313 v.
3205 1289 3274 1298 —
3311 1260 3530 1313 Lettres
3576 1259 3608 1313 a
3655 1262 3862 1329 Jaques
3907 1261 3977 1315 de
4023 1264 4243 1333 Bourgo
4319 1280 4349 1316 6
4426 1302 4438 1314 .
4475 1261 4556 1322 32.
4585 1292 4641 1302 -

2889 1328 2990 1381 Ed.
3026 1329 3244 1382 Bonnet
3277 1328 3339 1384 T.
3362 1327 3409 1393 1,
3445 1346 3498 1397 p.
3536 1328 3653 1383 122.
3692 1359 3755 1369 —
3791 1331 3952 1386 Trad.
3988 1281 4316 1401 anguine?
4339 1281 4491 1396 411.)

3023 1484 3082 1546 A
3127 1481 3470 1547 Monsieur
3512 1481 3639 1548 Mr.
3685 1482 3766 1548 de
3806 1484 4026 1550 Falez.

2887 1634 3390 1719 Monseigneur,
3447 1636 3507 1698 ie
3565 1655 3729 1700 vous
3784 1637 3985 1703 escris
4043 1658 4124 1702 611
4179 1637 4369 1703 haste
4424 1658 4647 1721 pource

2715 1741 2840 1804 que
2880 1719 2946 1786 16
2988 1740 3119 1803 nay
3163 1720 3351 1802 point
3391 1728 3530 1785 este
3572 1720 3847 1807 adverty
3891 1721 4156 1787 dheure.
4238 1724 4413 1789 Mais
4455 1725 4518 1790 ie
4557 1743 4647 1788 re-

2715 1825 3184 1890 compenseray
3226 1826 3309 1870 en
3344 1805 3518 1871 brief
3544 1814 3716 1871 ceste
3751 1806 3957 1873 faulte
3992 1829 4075 1873 au
4110 1808 4338 1892 plaisir
4367 1809 4449 1874 de
4471 1809 4646 1874 Dieu.

2714 1893 2898 1958 Pour
2972 1892 3034 1956 le
3100 1899 3398 1973 present,
3464 1893 3527 1956 ie
3606 1912 3772 1958 vous
3844 1892 4225 1979 advertiray
4299 1894 4650 1961 seulement

2716 1998 2995 2061 quapres
3035 1978 3220 2042 avoir
3262 1976 3487 2042 advise
3530 1998 3719 2043 surse
3755 1977 3916 2044 dont
3948 2000 4174 2045 mavez
4215 1982 4457 2063 requis,
4500 2001 4651 2046 nous

2715 2074 3028 2130 trouvons
3071 2062 3222 2127 bien
3264 2062 3402 2145 quil
3443 2084 3491 2146 y
3535 2084 3696 2128 aura
3748 2064 4095 2130 marchant
4134 2076 4319 2148 ptest
4373 2074 4577 2149 quant
4609 2064 4651 2130 il

2717 2171 2877 2216 vous
2931 2148 3140 2230 plaira
3195 2147 3566 2230 dachapter.
3650 2150 3826 2216 Mais
3884 2150 3966 2215 (16
4021 2149 4188 2217 faire
4241 2150 4359 2216 nul
4405 2151 4650 2235 achapt¹

2714 2257 2807 2320 ny
2841 2255 3088 2300 mesme
3123 2233 3250 2299 den
3283 2234 3461 2299 tenir
3502 2255 3756 2317 propos,
3801 2237 3992 2301 sinon
4028 2257 4157 2319 que
4192 2258 4357 2304 vous
4391 2238 4651 2304 feussiez

2716 2322 2960 2386 devant
3014 2339 3132 2384 sur
3187 2319 3249 2384 le
3304 2319 3436 2385 lieu
3504 2340 3671 2403 pour
3733 2321 3923 2405 inger
3977 2343 4051 2388 66
4115 2324 4228 2405 661
4297 2343 4459 2389 vous
4523 2343 4655 2389 sera

2713 2427 2971 2490 propre,
3016 2425 3185 2470 nous
3227 2427 3322 2491 ny
3365 2405 3592 2471 voions
3635 2408 3818 2489 point
3858 2416 4056 2491 grant
4099 2407 4325 2508 61·(11·6;
4370 2428 4655 2560 11616631]

2716 2491 2800 2558 611
2844 2513 2930 2557 116
2970 2491 3143 2555 tient
3185 2511 3314 2574 qua
3356 2490 3512 2567 cela,
3559 2491 3621 2555 16
3664 2492 3965 2557 meilleur
4007 2500 4226 2571 serolt,
4275 2516 4315 2558 a
4355 2516 4512 2560 mon
4632 2530 4657 2542 -

2715 2579 2819 2644 vis
2835 2628 2850 2651 .
2896 2576 2985 2662 dy
3028 2577 3338 2660 regarder
3381 2597 3537 2642 sans
3580 2598 3821 2642 sonner
3864 2586 4027 2656 mot,
4071 2580 4303 2662 iusque
4348 2601 4388 2646 a
4430 2602 4507 2646 66
4549 2600 4659 2662 666

2716 2663 2993 2728 feussiez
3038 2664 3270 2727 arrivs.
3361 2660 3678 2728 Oombien
3732 2684 3861 2747 que
3917 2684 4084 2745 pour
4125 2664 4188 2731 le
4232 2674 4504 2748 present
4543 2665 4592 2730 il
4627 2686 4660 2729 a

2717 2748 2891 2814 deux
2949 2748 3165 2831 places
3182 2799 3199 2827 ,
3259 2746 3420 2813 dont
3473 2747 3630 2813 lune
3685 2752 3980 2832 pourroit
4036 2749 4325 2834 changer
4377 2752 4658 2828 maistre,

2714 2836 2771 2900 si
2806 2855 2890 2899 on
2925 2856 3020 2918 ny
3058 2834 3356 2917 previent
3389 2831 3471 2899 (16
3506 2833 3722 2900 1161166
3747 2834 3971 2901 heure.
4034 2836 4208 2901 Mais
4230 2838 4407 2903 aussi
4426 2838 4495 2903 ie
4517 2856 4661 2920 croy

2716 2926 2927 3003 quant
2979 2939 3146 2986 vous
3199 2919 3417 2984 auriez
3473 2927 3723 2985 arreste
3775 2920 3856 2986 (16
3909 2922 4132 2999 venir,
4190 2929 4259 2987 et
4314 2942 4445 3006 que
4494 2922 4662 2988 Dieu

2716 3028 2802 3072 ne
2868 3025 3030 3071 vous
3095 3005 3362 3071 envoiat
3436 3005 3553 3070 nul
3622 3007 4179 3090 empeschement‚
4251 3008 4664 3074 incontinent

2717 3113 2926 3243 61111166.
2949 3113 3057 3157 666
3095 3091 3398 3158 chaleurs
3441 3112 3733 3174 passees,
3779 3114 3948 3159 vous
3990 3114 4155 3160 vous
4199 3096 4547 3160 meoteriez
4589 3115 4662 3159 en

2716 3200 2752 3245 c
2801 3199 2995 3243 emm.
3045 3242 3048 3247 .

2884 3264 2960 3329 Ie
3003 3284 3161 3329 nose
3212 3261 3353 3328 dire
3407 3264 3707 3330 oombien
3747 3265 3809 3330 ie
3865 3266 4071 3332 serois
4127 3265 4376 3331 ioieulx
4435 3287 4569 3350 666
4608 3265 4666 3330 la

2715 3348 3088 3415 conclusion
3137 3369 3219 3414 66
3263 3350 3396 3414 fust
3453 3351 3704 3432 prinse,
3766 3350 3846 3417 (16
3903 3372 4113 3433 paour
4156 3350 4238 3417 de
4279 3372 4456 3418 vous
4501 3359 4665 3417 estre

2714 3444 3006 3519 suspect,
3073 3436 3129 3500 si
3195 3456 3268 3499 66
3334 3436 3562 3501 venoit
3615 3457 3654 3501 a
3709 3457 3873 3501 vous
3938 3458 4021 3502 en
4089 3437 4342 3502 donner
4401 3437 4664 3504 66116611.

2715 3520 3050 3586 Toutefois
3104 3520 3168 3586 16
3225 3520 3373 3604 puis
3432 3519 3583 3585 bien
3639 3531 3966 3604 protester
4022 3544 4108 3588 en
4162 3523 4369 3588 verite
4427 3545 4565 3608 que
4611 3523 4667 3586 le

2714 3606 2890 3672 desir
2947 3627 3073 3689 que
3126 3607 3400 3691 iauroye
3458 3605 3538 3671 de
3591 3608 3759 3673 iouir
3812 3607 3893 3675 (16
3948 3609 4014 3673 16
4072 3608 4491 3675 consolation
4549 3628 4668 3693 que

2711 3693 2822 3757 ien
2866 3699 3112 3771 attens,
3158 3712 3242 3756 ne
3285 3692 3829 3776 mempesoheroit
3870 3715 3989 3777 pas
4031 3693 4114 3760 de
4158 3693 4478 3780 regarder
4521 3717 4564 3761 a
4603 3715 4666 3760 66

2714 3778 2827 3860 661
2871 3798 3035 3843 vous
3090 3779 3293 3843 seroit
3346 3779 3492 3843 bon.

2711 3863 2862 3946 plus
2906 3882 2945 3927 a
2989 3862 3237 3928 desirer
3280 3884 3405 3946 que
3457 3863 3736 3930 feussiez
3779 3867 3903 3951 icy,
3950 3874 4092 3932 cest
4134 3867 4291 3932 affin
4333 3886 4465 3948 que
4502 3867 4666 3933 66166

2713 3970 2799 4015 611
2834 3948 2965 4014 1166
3002 3970 3084 4013 66
3120 3948 3166 4012 11
3203 3972 3249 4031 y
3282 3950 3376 4013 ait
3409 3970 3574 4035 gens
3604 3952 3715 4033 qui
3751 3951 4150 4017 demandent
4189 3951 4271 4018 de
4294 3952 4669 4037 semployer

2713 4055 2754 4098 a
2776 4055 2939 4101 vous
2963 4034 3128 4099 faire
3150 4036 3416 4100 service.
3464 4035 3539 4102 Ie
3559 4038 3826 4103 mestois
3848 4036 4072 4103 advise
4094 4059 4219 4122 que
4241 4039 4297 4103 si
4319 4038 4663 4104 Monsieur

2713 4119 2796 4185 (16
2823 4118 3118 4186 Froment
3141 4123 3190 4200 ¹)
3234 4121 3430 4186 estoit
3464 4144 3657 4199 venu,
3693 4133 3762 4187 et
3795 4124 3931 4207 quil
3969 4123 4086 4209 luy
4122 4124 4341 4206 pleust
4375 4145 4448 4190 66
4478 4124 4661 4191 venir

2711 4207 2970 4271 esbatre
3012 4206 3242 4289 iusque
3283 4208 3409 4291 icy,
3468 4229 3719 4274 comme
3762 4209 3809 4272 il
3853 4217 3955 4274 est
3998 4210 4149 4293 plus
4194 4211 4472 4293 portatis
4478 4262 4495 4289 ,
4541 4229 4661 4292 que

2711 4313 2832 4357 son
2870 4292 3103 4375 voiage
3139 4314 3301 4358 vous
3335 4295 3641 4359 serviroit
3675 4316 3842 4376 pour
3876 4294 4443 4362 advertissement.
4495 4294 4661 4361 Mais

2711 4398 2798 4527 eg
2842 4396 2914 4442 66
2957 4397 3067 4443 666
3109 4379 3171 4444 16
3212 4379 3597 4461 supplierois
3651 4380 3785 4464 quil
3843 4383 3993 4445 vint
4047 4380 4404 4448 descendre
4459 4381 4662 4447 droict

2711 4482 2749 4528 6
2798 4483 2871 4527 66
2916 4483 3104 4530 nous.

2885 4546 3114 4629 Quant
3147 4569 3233 4614 au
3272 4551 3395 4615 bon
3433 4550 3743 4634 seigneur
3765 4550 4003 4629 David,
4049 4561 4188 4620 cest
4226 4554 4365 4631 fait,
4403 4556 4462 4620 si
4495 4554 4661 4619 Dieu

2712 4653 2796 4698 ne
2838 4632 2901 4698 le
2946 4635 3146 4700 retire
3202 4656 3452 4701 comme
3512 4636 3601 4702 du
3657 4639 4004 4721 sepulchre
4058 4660 4180 4722 par
4463 4641 4660 4704 mira-

2710 4719 2988 4785 culeuse.
3078 4721 3254 4786 Mais
3292 4720 3354 4786 ie
3398 4744 3481 4788 nc
3526 4744 3690 4788 vous
3748 4745 3832 4789 en
3888 4726 4086 4791 escris
4147 4738 4334 4809 pomt
4382 4724 4540 4810 plus
4583 4746 4661 4790 au

2707 4805 2883 4889 long,
2927 4806 3160 4889 iusque
3195 4828 3236 4871 a
3270 4829 3343 4871 66
3377 4828 3504 4891 666
3537 4807 3714 4875 1)166
3749 4832 3833 4875 66
3869 4812 3963 4875 ait
4000 4811 4258 4894 dispose
4292 4811 4384 4876 du
4403 4820 4572 4877 tout
4586 4814 4657 4887 ²).

2881 4889 3020 4957 Sur
3060 4913 3167 4969 ce,
3212 4892 3461 4959 Monsr.
3480 4946 3496 4972 ,
3543 4915 3735 4977 aprez
3778 4904 4019 4962 mestre
4063 4896 4518 4963 humblement
4563 4919 4658 4963 re-

2709 4976 3094 5041 commande
3138 4999 3179 5043 6
3221 4986 3439 5045 vostre
3493 4981 3706 5046 bonne
3763 5002 3985 5067 grace,
4043 4991 4111 5047 et
4168 4982 4332 5050 celle
4388 4981 4472 5048 de
4517 4984 4658 5051 Ma-

2733 5197 2880 5252 654.
2920 5197 2978 5263 1)
3015 5197 3189 5266 Jean,
3238 5201 3490 5323 se'Zneur
3525 5203 3591 5256 de
3629 5203 3895 5260 Flromont
3937 5210 3987 5259 et
4022 5206 4088 5259 de
4127 5205 4654 5271 Han-sur-Sambre,

2704 5268 2854 5333 frere
2887 5267 3478 5407 ἀ26)1111ν(ἒ447ῗ’6ωέ.4.
3498 5272 3814 5343 L’oriqinal
3842 5282 4025 5343 porte:
4057 5276 4335 5330 Froment.

3580 3780 3671 3844 Et
3728 3800 3976 3846 mesme
4020 3802 4094 3845 ce
4137 3782 4249 3863 qui
4293 3780 4572 3847 mincite
4612 3779 4666 3845 le
4777 3852 4783 3873 1
