4825 6175
209 413 324 480 469

522 696 616 785 [A
660 717 904 763 monsr.
950 696 1279 782 Neguelin
1316 696 1687 783 Ladvoyer.
1711 694 1802 783 ²)]

363 852 852 935 Monseigneur,
907 871 1150 936 pource
1191 872 1318 934 666
1369 850 1435 915 16
1492 856 1761 934 present
1801 861 2073 934 portem·
2089 852 2147 927 ⁸)

203 961 306 1007 ma
360 947 634 1021 apperte
687 938 744 1004 si
811 936 940 1003 bon
1000 947 1425 1021 tesmognage
1485 936 1567 1001 de
1619 936 1791 1001 Lion
1850 943 1920 1003 et
1973 937 2149 1002 aussi

241 1045 320 1091 ue
363 1024 443 1089 de
485 1044 596 1088 ma
636 1032 792 1107 part
833 1025 894 1089 ie
936 1024 1049 1108 lay
1104 1043 1406 1108 congneu
1459 1021 1540 1087 de
1598 1023 1727 1088 bon
1785 1023 2043 1089 6661611
2083 1030 2151 1088 61

201 1049 278 1176 de
319 1108 451 1174 bon
494 1109 650 1188 6616,
709 1109 1053 1175 tellement
1105 1131 1229 1191 que
1283 1108 1346 1173 ie
1403 1130 1487 1172 ne
1543 1106 1783 1174 doubte
1841 1129 1959 1190 pas
2012 1108 2147 1191 quil

199 1218 280 1262 ne
320 1195 448 1261 6611
491 1214 726 1277 propre
770 1216 811 1260 a
852 1195 1064 1261 servir
1107 1215 1146 1259 a
1185 1194 1414 1278 leglise
1459 1193 1541 1258 de
1585 1192 1760 1258 Dieu
1775 1246 1791 1272 ,
1850 1194 1988 1259 cela
2041 1215 2151 1259 ma

199 1283 556 1349 contrainct
614 1280 694 1346 (16
748 1281 811 1345 16
866 1302 1032 1347 1666
1089 1279 1603 1347 recommander.
1706 1280 1929 1364 Ioingt
1970 1282 2148 1346 aussi

198 1390 320 1452 que
360 1367 428 1432 16
470 1388 577 1433 me
620 1369 829 1434 confie
867 1388 994 1449 666
1034 1365 1326 1431 ladresse
1360 1387 1488 1448 que
1530 1365 1592 1430 ie
1626 1365 1744 1451 luy
1779 1365 1993 1431 (16666
2037 1386 2152 1431 en-

198 1475 344 1520 vers
388 1473 558 1518 vous
602 1453 717 1537 luy
776 1453 1058 1530 servira,
1118 1450 1392 1517 attendu
1445 1451 1511 1515 la
1567 1451 1785 1517 bonne
1843 1452 2151 1517 affection

200 1561 325 1623 que
368 1560 539 1606 vous
584 1561 691 1604 me
736 1548 975 1623 portez.
1065 1538 1140 1602 Ie
1184 1557 1351 1602 vous
1393 1557 1560 1620 prye
1604 1535 1812 1620 doncq
1852 1536 2150 1602 humble-

195 1636 379 1691 ment
424 1624 561 1707 quil
603 1646 766 1690 vous
822 1625 1029 1708 plaise
1084 1623 1294 1688 lavoir
1347 1643 1512 1705 pour
1568 1623 2054 1689 recommande:
2113 1643 2153 1686 a

193 1732 264 1777 ce
327 1732 461 1793 que
525 1730 646 1793 par
724 1719 947 1776 vostre
1002 1711 1221 1774 moien
1278 1709 1323 1772 il
1396 1709 1492 1774 ait
1550 1709 1924 1773 louverture
1991 1729 2153 1791 pour

192 1798 356 1862 faire
424 1798 676 1861 service
749 1818 831 1880 cy
902 1815 1093 1877 apres
1172 1817 1212 1859 a
1277 1805 1501 1860 nostre
1569 1794 1877 1877 seigneur
1944 1792 2151 1871 Iesus,

194 1879 352 1948 dont
395 1902 566 1948 vous
609 1902 766 1964 ayez
803 1881 1100 1946 occasion
1137 1878 1217 1945 de
1259 1902 1421 1945 vous
1466 1880 1754 1944 resiouir.
1826 1878 1958 1945 Gar
2001 1899 2155 1944 sans

191 1967 349 2034 telle
420 1987 776 2050 esperanee
825 1967 891 2031 ie
947 1987 1176 2051 seroye
1237 1966 1386 2030 bien
1442 1986 1663 2050 marry
1727 1965 1856 2031 den'
1915 1985 2157 2030 666661

189 2063 346 2119 mot-
441 2054 550 2118 Au
595 2061 787 2131 reste,
834 2051 1193 2129 Monsieur,
1238 2052 1295 2117 si
1331 2051 1506 2116 Dieu
1551 2073 1655 2116 me
1699 2050 1973 2116 donnoit
2013 2049 2154 2132 lop-

187 2141 536 2223 portunite
580 2138 660 2203 de
702 2138 922 2222 parler
979 2160 1019 2202 a
1063 2158 1227 2203 vous
1282 2138 1344 2202 ie
1397 2136 1889 2222 deschargerois
1929 2137 2154 2202 volen-

187 2227 354 2291 tiers
391 2245 556 2290 mon
591 2246 793 2289 66661
827 2223 942 2289 (166
975 2222 1316 2289 6666116166
1349 2224 1460 2305 661
1496 2244 1661 2288 6666
1704 2233 2003 2305 pressent
2036 2242 2157 2306 par

186 2311 353 2377 deca
397 2331 573 2394 pour
614 2311 676 2375 le
718 2310 1042 2375 maulvais
1095 2316 1620 2393 gouvernement
1672 2306 1988 2373 daulcuns
2044 2309 2153 2391 661

186 2410 341 2463 sont
385 2397 726 2462 ministres
767 2395 847 2461 (16
884 2395 949 2459 la
982 2396 1205 2477 parole
1241 2393 1322 2458 (16
1358 2396 1528 2459 1)166
1565 2416 1647 2459 66
1692 2416 1809 2458 166
1852 2402 2081 2472 terres,
2098 2393 2155 2478 ⁴)

183 2492 253 2549 61
295 2504 385 2548 66
436 2491 622 2547 16616
676 2482 822 2547 16111·
876 2481 981 2546 116
1034 2502 1116 2545 66
1161 2479 1457 2545 (1666661
1499 2479 1690 2545 sinon
1734 2482 2030 2545 occasion
2075 2477 2157 2543 de

184 2568 621 2652 blasphemer
679 2568 740 2632 16
798 2589 950 2632 6616
1011 2567 1092 2631 (16
1138 2566 1325 2631 Β166.
1415 2566 1537 2648 Iay
1576 2565 1730 2631 16116
1818 2565 2154 2631 6166661611

181 2653 265 2720 (16
311 2675 493 2720 vous
533 2674 661 2737 que
700 2654 1171 2737 congnoissant
1227 2652 1321 2716 les
1363 2663 1709 2734 paovretez
1764 2587 1925 2715 (1661
1965 2652 2155 2717 61166-

181 2762 314 2806 666
362 2749 478 2805 661
521 2740 851 2806 abbreuve
894 2759 1012 2821 par
1055 2737 1215 2802 deca
1247 2757 1414 2802 vous
1459 2738 1675 2802 661166
1721 2740 1896 2803 66661
1942 2738 2158 2803 bonne

178 2826 512 2892 affection
570 2824 659 2908 dy
718 2824 1021 2908 proveoir
1085 2843 1338 2889 comme
1394 2823 1504 2907 iay
1569 2833 1768 2906 grant
1820 2833 2039 2906 reg-ret
2093 2831 2161 2887 et

180 2912 506 2978 trisoesse
551 2912 678 2976 den
720 2912 863 2976 ouir
882 2913 936 2989 ⁵)
981 2911 1219 2993 parler.
1305 2909 1381 2972 Ie
1439 2928 1594 2993 croy
1653 2910 1992 2974 toutesfois
2035 2930 2158 2990 que

181 3018 358 3064 1666
408 3019 500 3062 66
544 3018 730 3062 61166
773 2997 992 3079 parler
1036 3016 1122 3061 en
1163 2994 1404 3060 conseil
1424 3046 1439 3072 ,
1491 3014 1733 3077 pource
1777 3016 1956 3076 quun
2001 3015 2157 3076 pao·

177 3106 301 3149 vre
341 3085 530 3149 frere
567 3085 685 3167 661
746 3102 829 3149 16
885 3081 1153 3165 pardela
1215 3102 1476 3146 nomme
1516 3080 1795 3146 Maistre
1841 3080 2159 3146 Francois

177 3170 500 3235 Maurice
516 3171 569 3249 6)
618 3191 781 3235 1666
823 3167 1117 3233 (1666616
1158 3167 1457 3233 occasion
1505 3166 1591 3250 dy
1638 3188 1892 3250 pensor.
1963 3165 2039 3230 Ie
2075 3188 2159 3231 66

174 3258 436 3323 touche
501 3255 685 3337 point
741 3253 1179 3337 dadvantaige
1238 3274 1370 3317 aux
1413 3252 1731 3317 maladies
1785 3254 1976 3318 sinon
2035 3274 2160 3336 666

173 3343 239 3407 16
287 3342 599 3408 (16611616
646 3363 682 3407 6
738 3342 884 3406 bien
930 3340 1068 3423 quil
1110 3339 1329 3422 pleust
1385 3360 1425 3404 a
1468 3338 1641 3404 Dieu
1699 3359 1863 3403 vous
1917 3348 2161 3404 mectre

172 3447 260 3493 au
310 3449 538 3496 cueur
627 3449 673 3511 y
728 3425 981 3492 donner
1033 3426 1167 3491 bon
1210 3424 1490 3491 remede.
1592 3425 1684 3489 Et
1740 3444 1982 3509 pouree
2036 3446 2161 3508 que

171 3514 234 3578 16
271 3535 451 3599 scay
491 3533 667 3596 quen
701 3522 922 3578 vostre
959 3510 1335 3593 particulier
1368 3531 1532 3575 vous
1566 3520 1739 3576 estes
1774 3511 2162 3577 affectionne

174 3620 457 3666 comme
505 3599 550 3662 il
596 3599 988 3681 appartient,
1032 3597 1094 3662 16
1138 3617 1306 3661 1666
1348 3596 1657 3681 supplye,
1717 3618 1799 3661 66
1845 3604 1995 3661 1661
2038 3617 2163 3679 666

175 3685 241 3751 16
307 3686 472 3751 (1616
530 3686 716 3750 61611
770 3684 996 3767 leglise
1051 3680 1132 3746 de
1178 3683 1350 3747 Dieu
1405 3704 1489 3747 en
1544 3680 2163 3757 recommandation‚

173 3771 324 3854 quil
373 3792 561 3836 vous
618 3769 820 3854 plaise
878 3767 1112 3833 tendre
1172 3769 1236 3832 16
1287 3769 1468 3832 main
1517 3788 1557 3831 6
1613 3789 1780 3833 ceux
1836 3768 1952 3851 661
2017 3778 2168 3833 6661

175 3878 265 3922 66
313 3859 534 3941 poine
578 3877 742 3938 pour
785 3864 991 3920 666116
1027 3853 1405 3918 fidelement
1447 3861 1631 3935 porte
1675 3874 1760 3918 au
1802 3855 2052 3920 service
2086 3853 2167 3919 (16

173 3942 372 4009 Dieu
424 3953 503 4008 et
528 3941 610 4006 de
654 3962 833 4006 vous.
924 3941 1254 4024 Surquoy‚
1298 3940 1659 4015 Monsieur,
1706 3960 1895 4022 apres
1923 3948 2165 4004 mestre

175 4029 668 4095 bumblement
709 4025 1164 4093 recommande
1221 4047 1261 4089 6
1310 4034 1532 4090 vostre
1589 4026 1806 4091 bonne
1857 4046 2049 4109 grace
2104 4026 2168 4089 16

173 4137 355 4200 prye
434 4123 667 4179 nostre
729 4114 860 4179 bon
917 4111 1092 4176 Dieu
1157 4110 1237 4176 de
1302 4133 1465 4176 vous
1530 4112 1889 4177 maintenir
1950 4133 2034 4177 en
2094 4132 2170 4176 66

174 4201 420 4285 garde,
477 4219 640 4265 vous
673 4199 1069 4264 conduisant
1108 4198 1432 4263 tousiours
1474 4218 1595 4280 par
1639 4219 1758 4262 son
1801 4199 2043 4281 esperit
2086 4219 2165 4262 en

178 4394 625 4407 —f—-ffl—-ss-

171 4580 246 4634 de
297 4580 354 4635 V
405 4508 474 4570 2›
515 4503 719 4576 Ajoute'
767 4523 881 4575 par
931 4522 1038 4559 une
1092 4511 1248 4559 autre
1299 4506 1449 4559 main
1500 4507 1597 4576 qui
1645 4506 1834 4573 paruit
1887 4506 1996 4560 e‘tre
2047 4507 2170 4561 celle

350 4581 496 4633 iret.

411 4645 478 4709 3)
527 4644 642 4698 Une
683 4649 810 4698 note
850 4642 1154 4712 marginale
1198 4643 1245 4696 le
1288 4657 1493 4696 nomme
1535 4643 1790 4712 Philipps
1837 4644 2168 4697 Baisonnier

170 4718 246 4771 de
287 4719 538 4778 Brome,
573 4728 914 4781 personna-qe
946 4717 1248 4765 autu-emeat
1279 4713 1534 4764 incorum.

408 4782 484 4848 4)
527 4783 610 4836 Μ.
659 4781 875 4835 Bonnet
930 4780 1042 4834 voit
1083 4781 1158 4834 ici
1203 4796 1308 4833 une
1353 4780 1589 4833 naasion
1636 4797 1751 4834 (16.1
1797 4778 2019 4834 ἄέηιέῐέε
2064 4796 2168 4851 que

175 4854 402 4909 Calvia
447 4869 494 4906 a
526 4866 624 4904 eus
659 4866 786 4904 avec
821 4847 1054 4904 Ze'be'dde
1089 4854 1139 4903 et
1172 4847 1429 4902 d'autres.
1505 4848 1657 4901 Illais
1692 4847 1820 4903 c’est
1851 4848 1908 4903 ἰὰ
1941 4866 2048 4903 une
2083 4850 2158 4915 af-

169 4925 335 4989 faire
398 4922 542 4977 bien
601 4918 938 4987 poste'rieure
993 4935 1066 4970 au
1119 4923 1555 4971 commem-emeat
1618 4918 1684 4971 de
1747 4915 1957 4972 l’anne'e
2009 4916 2164 4971 1547.

175 4992 364 5047 Noas
402 5003 652 5058 croyons
684 4988 854 5054 plutei
889 4986 1026 5057 qu'il
1058 5003 1092 5039 a
1111 5003 1179 5040 eu
1200 5001 1384 5039 moue
1410 4985 1792 5053 Ohampereau‚
1828 4985 1894 5039 de
1913 4986 1968 5039 la
1998 4987 2169 5053 Mare,

177 5062 445 5131 Me'yret,
487 5056 750 5126 renvoye‘s
785 5057 851 5111 de
891 5056 1103 5110 Genera
1145 5062 1195 5109 et
1228 5055 1504 5110 (1666611161
1534 5071 1647 5122 par
1682 5057 1730 5108 le
1760 5062 2172 5123 pouces-nemeae

174 5130 442 5184 bernoie.

410 5192 488 5258 5)
528 5210 666 5263 voyr
699 5192 790 5247 Bt.

412 5265 479 5329 6)
523 5261 593 5316 Ge
664 5263 876 5317 ourrait
907 5262 1030 5316 bien
1066 5260 1174 5314 fiere
1203 5262 1258 5313 la
1289 5275 1557 5328 personne
1591 5258 1925 5315 ntentimme'e
1960 5276 2086 5315 sous
2124 5261 2171 5316 le

175 5336 395 5405 simple
439 5347 574 5387 nom
714 5330 993 5399 Franpois
1030 5329 1102 5383 N.
1138 5328 1243 5382 864
1276 5336 1327 5384 et
1358 5327 1477 5382 867.

1912 409 2072 470 1547
2117 404 2503 474 IANUAR-

4078 407 4211 471 4⁷0

2251 590 2654 658 lobeissance
2712 591 2794 657 (16
2837 614 2912 658 sa
2957 591 3234 659 1616616.
3347 592 3450 658 De
3495 593 3849 660 Lausanne
3867 592 3925 678 ⁵)
3968 613 4043 661 ce
4090 592 4209 675 xij.

2254 675 2336 742 (16
2369 678 2640 743 Ianvier
2692 682 2871 743 1547.

3122 815 3360 881 Vostre
3400 814 3668 881 humble
3711 817 4037 881 661111661

3365 901 3577 966 161166
3622 901 3876 966 Calvin.

3159 1411 3313 1481 875.

2344 1566 2775 1633 MINISTRI
2818 1565 3397 1633 TURIOENSES
3451 1567 3573 1631 BE
3585 1564 4122 1632 RNENSIBUS.

2435 1737 2833 1818 Respondent
2875 1739 2961 1804 ad
3002 1738 3415 1819 qaaestionem
3470 1738 3547 1802 ab
3601 1737 3689 1802 iis
3742 1738 3816 1801 de
3868 1737 4217 1802 ministerio

2259 1828 2324 1900 et,
2355 1841 2544 1888 sacra
2586 1845 2765 1889 coena
2799 1826 3206 1905 propositam.

2261 1995 2489 2057 (Exstat
2562 2011 2621 2046 er
2667 2010 3046 2046 amanuensem
3084 1993 3394 2062 Hottingeri
3442 1993 3715 2061 descripta
3762 1993 3816 2044 in
3866 1992 4019 2046 MSS.
4068 1993 4211 2046 Bibl.

2260 2063 2463 2116 civicae
2545 2062 2806 2118 uticensis
2859 2064 2988 2115 olim
3036 2063 3174 2131 Epp.
3214 2062 3343 2117 Vol.
3379 2063 3421 2114 Ι.
3473 2079 3616 2115 nunc
3667 2062 3726 2114 F.
3763 2059 3847 2126 36,
3896 2079 3950 2131 p.
3984 2061 4106 2115 455.
4142 2091 4211 2102 -·-—

2262 2132 2523 2185 Simlerus
2561 2131 2629 2184 V.
2666 2130 2734 2184 63
2768 2132 2901 2183 dicit
2935 2148 2994 2184 se
3040 2148 3160 2183 cum
3199 2132 3493 2200 Bullingeri
3532 2130 3868 2200 autographo
3903 2131 4211 2198 contulisse,

2832 2199 3195 2269 quodtamen
3232 2217 3339 2252 non
3376 2200 3651 2266 vidimus.)

2434 2387 3028 2452 Praestantissimis
3086 2394 3156 2449 61
3201 2385 3591 2450 fidelissimis
3635 2386 3798 2450 viris
3843 2387 3926 2452 D.
3974 2386 4215 2452 Iudoco

2260 2471 2759 2555 Kilchmeyer0‚
2819 2473 2901 2536 D.
2964 2470 3345 2536 Eberhardo
3410 2494 3449 2536 a
3512 2472 3877 2555 Rutula-ng,
3946 2472 4214 2538 Nicolao

2261 2561 2597 2641 Artopoeo
2641 2568 2706 2623 et
2748 2558 2984 2622 Ioanni
3016 2558 3320 2621 Textorio
3350 2558 3705 2622 Beruensis
3751 2557 4055 2623 ecclesiae
4091 2558 4213 2622 mi-

2262 2644 2492 2708 nistris
2536 2644 2758 2708 fratris
2816 2643 3169 2709 carissimis
3229 2643 3510 2707 dominis
3567 2643 3808 2708 nostris
3861 2644 3929 2706 16
3982 2644 4215 2724 primis

2261 2730 2705 2796 observandis.

2437 2864 2521 2929 Gr.
2566 2872 2634 2928 et
2675 2864 2752 2928 P.
2812 2885 2851 2928 6
2894 2863 3037 2927 Deo
3094 2883 3209 2945 per
3267 2861 3609 2926 Christum
3665 2863 3885 2927 Iesum
3946 2864 4215 2928 unicum

2263 2950 2625 3016 Dominum
2671 2958 2738 3013 61
2782 2961 3182 3013 servatorem
3228 2959 3541 3013 nostrum.
3632 2947 3946 3030 Legimus
3992 2950 4217 3016 literas

2262 3047 2536 3113 vestras,
2582 3036 2817 3100 fratres
2864 3037 2930 3099 16
2971 3034 3253 3100 Domino
3289 3031 3654 3097 honorandi
3691 3044 3756 3097 et
3792 3032 4217 3115 dilectissimi,

2262 3123 2546 3205 legimus
2590 3132 2929 3204 praeterea
2966 3120 3383 3203 compilatam
3442 3132 3503 3183 et
3559 3120 3728 3183 male
3774 3130 4055 3186 sarctam
4098 3122 4219 3187 Zo-

2264 3208 2606 3291 vingensis
2651 3207 2960 3273 ecclesiae
3019 3207 3468 3271 ministrorum
3526 3204 4012 3271 confessionem.
4101 3207 4217 3271 In-

2263 3292 2641 3358 telleximus
2686 3314 2725 3357 a
2768 3293 2952 3357 nobis
3009 3291 3323 3374 postulari
3370 3305 3442 3355 ut
3485 3290 4007 3357 demonstremus
4050 3314 4218 3376 quae

2265 3376 2619 3445 videantur
2673 3378 2861 3442 nobis
2915 3380 3127 3460 posita
3186 3378 3294 3441 vel
3355 3396 3583 3458 parum
3645 3376 3896 3442 sincere
3954 3378 4057 3442 vel
4102 3400 4215 3460 pa-

2264 3485 2413 3529 rum
2462 3465 2943 3545 circumspecte.
3034 3462 3113 3527 Id
3159 3461 3330 3545 quod
3370 3462 3555 3526 facile
3601 3480 3641 3524 a
3683 3461 3868 3526 nobis
3910 3463 4218 3545 impetra-

2266 3550 2372 3629 tis,
2421 3550 2679 3614 tametsi
2724 3548 2970 3632 singuli
3015 3548 3387 3613 difficilibus
3423 3547 3721 3630 impliciti
3769 3548 3970 3613 simus
4017 3571 4219 3631 nego·

2267 3636 2395 3700 tiis.
2486 3636 2982 3700 Festinavimus
3024 3634 3184 3697 item
3231 3643 3551 3716 quantum
3609 3633 3955 3714 potuimus.
4045 3633 4219 3699 Nam

2279 3726 2372 3783 16.
2418 3719 2503 3785 6(1
2550 3719 3170 3804 vesperampbtulit
3227 3719 3484 3784 tabellio
3530 3718 3785 3794 literas,
3848 3741 4047 3801 quum
4095 3722 4221 3785 im-

2271 3806 2534 3871 minens
2578 3828 2711 3870 nox
2756 3828 2883 3870 666
2921 3807 3328 3888 permitteret
3386 3814 3801 3868 conventum.
3891 3804 4220 3870 Postridie

2271 3912 2449 3969 1616,
2497 3891 2563 3956 1(1
2623 3904 2723 3956 661
2777 3891 2973 3955 11οά16
3029 3895 3122 3955 17.
3172 3891 3312 3954 Ian.
3376 3890 3653 3971 septima
3698 3893 4022 3953 matutina
4066 3913 4219 3956 con-

2273 3979 2573 4043 venimus
2616 3999 2736 4042 666
2780 3979 3065 4059 6616666
3102 3986 3169 4040 61
3209 3975 3622 4051 contulimus,
3667 3997 4041 4057 quanquam
4087 3999 4221 4041 non

2275 4064 2416 4129 sine
2462 4083 2725 4127 nausea.
2832 4062 2982 4125 Non
3043 4061 3209 4144 quod
3259 4059 3442 4126 vobis
3500 4061 3819 4125 inservire
3872 4062 4222 4127 molestum

2272 4148 2473 4214 fuerit
2516 4148 2626 4214 sed
2688 4149 2862 4230 quod
2918 4148 3088 4212 male
3147 4148 3538 4229 compositas
3594 4146 3773 4211 lexes
3802 4151 3848 4219 ¹)
3895 4146 4112 4230 legere
4158 4156 4224 4212 61

2271 4235 2564 4318 relegere
2608 4234 2809 4298 fuerit
2851 4233 3401 4297 molestissimum.
3491 4231 3567 4295 Id
3615 4232 3693 4295 de
3745 4232 3931 4296 nobis
3988 4231 4223 4297 habete

2271 4320 2841 4404 persuasissimum
2898 4320 3084 4383 vobis
3131 4318 3720 4398 certissimumque,
3782 4317 3950 4401 quod
3998 4340 4221 4399 quem·

2272 4404 2623 4471 admodum
2669 4405 2789 4469 toti
2844 4426 3069 4469 sumus
3112 4405 3350 4481 vestri,
3409 4403 3504 4466 ita
3544 4402 3712 4467 nihil
3758 4403 4224 4486 denegabimus

2274 4493 2457 4556 vobis
2499 4490 2671 4573 quod
2716 4490 2917 4554 fuerit
2974 4501 3287 4555 nostrum.
3380 4492 3555 4553 Ante
3600 4488 3821 4552 omnia
3866 4508 4020 4552 vero
4066 4509 4222 4554 eon-

2273 4577 2582 4655 sulimus‚
2641 4598 2727 4641 66
2786 4574 3052 4642 cuilibet
3102 4574 3501 4658 permittatis
3566 4574 3847 4639 liberum
3902 4574 4223 4639 condendi

2273 4662 2718 4729 confessiones
2763 4661 2946 4739 fidei,
3004 4682 3214 4744 neque
3257 4661 3350 4725 ita
3407 4681 3524 4725 166
3578 4660 3799 4726 faciles
3852 4659 4223 4742 praebeatis

3751 4931 3815 4968 ue
3850 4914 4052 4969 Calvia
4086 4912 4225 4970 e'tait

3726 4985 3861 5038 aller
3897 4987 3934 5038 ὰ
3958 4985 4139 5039 Rev-ne
4173 4990 4225 5039 et

2441 4916 2544 5041 tra
2578 4918 2645 5040 ,1Ιὲ
2666 4916 2863 5040 νέῗὲιε
2907 4918 3013 4999 des·
3038 4918 3206 5012 Actes,
3224 4916 3309 5039 {lu
3352 4917 3681 5038 Conslg'st203jre

2271 4990 2487 5113 Ξωὲἕὶι
2512 5029 2660 5124 pour:
2691 5001 3082 5122 infor-xxm
3117 4993 3438 5124 altingsst
3458 5070 3527 5107 ne
3568 5027 3696 5119 peut
3729 5069 3835 5121 pas
3870 5053 3980 5106 ἑὸν-6
4014 5050 4227 5109 αἰίἱίεέσ

2268 5142 2414 5193 pour
2448 5128 2733 5203 expliquer
2759 5142 2823 5177 sa
2857 5124 3110 5193 pre‘sence
3144 5127 3180 5178 ὰ
3208 5126 3520 5203 Lau-saner.
3576 5122 3798 5203 pesam
3833 5123 3968 5175 aller
4003 5122 4154 5176 alors
4186 5126 4225 5177 ὰ

2274 5195 2458 5248 Beme
2490 5196 2671 5262 meme,
2712 5196 2753 5247 ιὶ
2786 5194 3029 5248 n’aurait
3060 5211 3166 5262 pas
3201 5210 3265 5245 eu
3301 5195 3483 5246 bosom
3520 5191 3749 5270 d'ecrtre
3783 5193 3819 5243 ἀ
3856 5190 4105 5259 l'avoyer.
4162 5264 4167 5267 .

2269 5261 2691 5385 dq75'·1)ndH⁰⁶
2723 5265 3041 5345 vocab-ultam
3084 5270 3265 5318 utrum
3311 5277 3563 5330 qraecum
3597 5268 3670 5313 stt
3705 5278 3780 5312 an
3830 5263 4076 5326 spurium
4124 5261 4229 5313 tabi

2307 5331 2518 5387 nudem
2597 5347 2691 5384 uu·
2721 5338 3095 5401 permutans.

3707 5412 3807 5466 30·
