4825 6175
642 418 766 483 103

638 604 960 672 adversus
1013 603 1273 670 cimices
1326 602 1705 685 praestabis.
1793 602 1968 668 Nam
2012 599 2170 667 dum
2213 600 2282 665 in
2327 619 2597 665 arenam

642 692 961 758 adversus
1009 687 1302 755 carolum
1344 686 1719 766 descendis,
1763 695 2100 754 certamen
2144 685 2459 751 adversus
2502 686 2595 751 ci-

640 778 844 842 mices
871 776 1167 858 suscipis,
1213 795 1380 857 quae
1420 795 1555 838 nen
1590 773 1806 839 selum
1843 773 2165 838 morsibus
2202 769 2318 837 sed
2352 778 2423 837 et
2457 771 2591 835 fee-

642 870 787 928 tere
845 868 1147 944 pugnant
1203 859 1519 925 adversus
1576 858 1849 926 hostem.
1937 858 2304 923 Memorem
2351 876 2434 922 ne
2478 856 2596 922 tibi

641 946 712 1013 id
767 946 1088 1014 accideret
1139 944 1311 1028 qued
1367 944 1657 1011 carmine
1716 944 2081 1028 magistrali
2138 943 2252 1008 sed
2308 942 2596 1026 eleganti

645 1031 993 1116 aliquande
1028 1032 1366 1097 Lutherus
1401 1030 1600 1095 Eccie
1645 1031 1909 1096 obiecit:
1956 1028 2094 1095 Hoc
2125 1029 2255 1095 seio
2275 1048 2400 1109 pro
2435 1031 2596 1093 certo

641 1118 806 1201 quod
844 1118 906 1182 si
947 1137 1086 1182 oum
1124 1121 1383 1183 stercore
1436 1121 1593 1181 certo
1608 1165 1625 1196 ,
1684 1115 1876 1181 Viaco
1928 1115 2022 1180 vel
2075 1115 2310 1192 vincor,
2352 1132 2597 1195 semper

643 1224 751 1288 eqo
785 1202 1079 1278 maculer,
1116 1202 1244 1267 nisi
1270 1200 1533 1267 Carolus
1567 1221 1654 1265 ex
1689 1223 1765 1267 ee
1803 1201 2088 1266 hostium
2124 1219 2364 1285 genere
2401 1205 2592 1275 esset,

644 1290 755 1372 qui
798 1289 1131 1354 neminem
1189 1300 1449 1370 praeter
1491 1307 1562 1352 se
1606 1287 1824 1371 ipsum
1867 1286 2126 1352 foedare
2167 1304 2244 1350 ac
2286 1305 2594 1367 conspur-

640 1396 793 1441 care
850 1381 1094 1457 petest,
1140 1384 1216 1438 ιιι
1258 1373 1371 1456 qui
1426 1373 1718 1437 emnium
1769 1373 1902 1437 iam
1963 1392 2124 1437 suae
2168 1370 2595 1454 turpitudinis

639 1460 888 1526 foetore
946 1480 1138 1524 nares
1193 1459 1572 1541 oppleverit.
1657 1458 1814 1524 Huc
1870 1457 2121 1524 accedit
2176 1455 2347 1539 qued
2402 1454 2595 1520 titulo

643 1545 927 1611 aliarum
970 1565 1283 1610 manuum
1300 1547 1356 1622 a)
1401 1544 1609 1626 ipsius
1643 1545 1923 1609 foetores
1959 1542 2271 1627 exagitas,
2308 1561 2436 1624 que
2471 1541 2595 1605 mi-

637 1652 770 1696 nus
823 1630 907 1696 ad
963 1640 1026 1697 te
1069 1630 1361 1714 ipserum
1402 1629 1651 1695 halitus
1693 1628 2008 1713 pestilens
2051 1627 2413 1712 perveniat.
2504 1627 2597 1690 At

642 1717 855 1801 qualis
899 1717 986 1782 sit
1028 1715 1252 1793 hostis,
1298 1736 1430 1779 nen
1478 1724 1697 1780 tamen
1740 1736 2010 1798 prorsus
2037 1711 2593 1779 contemnendum

640 1824 815 1881 esse,
874 1802 1164 1886 pulicum
1220 1800 1457 1884 quibus
1513 1800 1721 1866 lectus
1777 1811 1928 1866 tuus
1975 1799 2267 1865 insessus
2310 1798 2438 1864 fuit
2480 1797 2590 1862 de-

638 1887 1121 1953 morsiunculae
1164 1886 1324 1952 satis
1368 1886 1596 1950 decere
1640 1884 2025 1951 debuerunt.
2084 1884 2257 1950 Nam
2302 1884 2425 1949 etsi
2470 1904 2591 1966 pu-

638 1973 751 2039 lex
805 1974 1013 2041 hostis
1069 1972 1157 2037 sit
1214 1971 1361 2036 vilis
1426 1969 1776 2036 admodum
1832 1983 1897 2036 et
1950 1978 2392 2052 contemptus,
2457 1988 2592 2033 nen

641 2059 883 2126 desinit
927 2067 1145 2124 tamen
1190 2055 1380 2122 valde
1422 2056 1740 2123 molestus
1785 2077 1942 2123 esse.
2013 2057 2227 2140 Perge
2270 2075 2427 2139 erge
2472 2076 2590 2136 pu-

636 2145 796 2209 lices
857 2153 921 2210 et
975 2144 1237 2209 cimices
1309 2142 1472 2207 istos
1538 2142 1805 2226 abigere
1867 2142 2010 2223 qui,
2068 2143 2191 2206 etsi
2245 2141 2363 2206 tibi
2422 2139 2591 2203 nihil

636 2250 874 2296 necere
910 2238 1205 2313 pessunt,
1240 2235 1519 2311 possunt
1553 2236 1779 2293 tamen
1814 2227 1973 2292 alios
2012 2227 2319 2292 infestare
2354 2224 2591 2309 quibus

639 2313 861 2381 minus
905 2315 1046 2379 noti
1090 2323 1279 2393 sunt,
1321 2314 1561 2397 quique
1605 2314 1826 2379 minus
1869 2328 2076 2378 artem
2125 2320 2372 2376 nerunt
2411 2311 2590 2410 ipses

635 2399 1030 2467 conterendi.
1133 2390 1333 2464 Valde
1376 2399 1620 2483 placuit
1664 2398 1837 2483 quod
1881 2399 2197 2464 hactenus
2239 2396 2587 2480 scripsisti:

637 2507 794 2551 nam
853 2486 1182 2551 hominem
1237 2485 1404 2549 mihi
1447 2483 1690 2550 videris
1747 2505 1863 2567 pre
1909 2483 2225 2568 dignitate
2268 2483 2588 2565 excipere,

635 2593 772 2637 non
825 2591 1018 2654 quam
1082 2572 1358 2636 meritus
1414 2579 1548 2650 est,
1605 2569 1718 2635 sed
1773 2591 1965 2653 quam
2024 2569 2209 2634 decet
2264 2588 2421 2634 eum
2477 2569 2588 2651 qui

636 2657 950 2723 adversus
1017 2656 1157 2722 eius
1225 2655 1589 2720 calumnias
1644 2667 1710 2720 et
1766 2654 2046 2720 latratus
2116 2654 2328 2719 alieno
2396 2653 2589 2718 titulo

636 2742 1076 2807 defensionem
1120 2742 1410 2824 suscipit.

804 2828 1029 2893 Pauca
1065 2835 1222 2893 sunt
1254 2836 1481 2891 tamen
1516 2845 1796 2908 querum
1830 2825 2179 2891 admonere
2213 2827 2432 2890 visum
2467 2836 2586 2903 est,

633 2935 765 2979 nen
823 2912 994 2995 qued
1050 2912 1470 2995 displiceant,
1527 2910 1643 2975 sed
1697 2919 1775 2976 ut
1818 2909 2150 2996 expendas
2207 2911 2589 2994 diligentius

633 3000 689 3066 si
753 3000 1029 3064 fortasse
1105 2997 1379 3063 lectores
1457 2995 1785 3062 offendere
1859 2998 2113 3080 possint
2178 3005 2295 3062 aut
2359 3016 2586 3062 ansam

630 3083 946 3169 praebere
990 3082 1201 3150 Caroli
1255 3081 1617 3149 fautoribus
1663 3081 2123 3148 calumniandi.
2215 3080 2392 3149 Sunt
2435 3103 2586 3148 cen-

635 3172 804 3239 vicia
848 3168 1165 3253 quaedam
1208 3189 1374 3253 quae
1427 3168 1722 3234 fortassis
1767 3167 2171 3237 videbuntur
2213 3168 2479 3234 duriora
2523 3176 2590 3234 et

634 3256 967 3322 acerbiora
1023 3257 1104 3321 iis
1163 3255 1398 3338 quibus
1453 3256 1672 3319 minus
1730 3264 1928 3321 notus
1971 3263 2070 3321 est
2118 3252 2412 3333 Carolus,
2475 3263 2591 3319 aut

632 3344 746 3426 qui
780 3342 921 3408 seni
952 3340 1156 3406 deliro
1197 3339 1441 3425 aliquid
1485 3340 1982 3406 condonandum
2027 3350 2280 3424 putant.
2349 3340 2591 3421 Qualia

631 3437 820 3493 sunt:
870 3427 1125 3507 nebule,
1169 3425 1458 3503 furcifer,
1500 3434 1565 3491 et
1601 3426 1732 3492 alia
1763 3427 1833 3490 id
1869 3448 2096 3511 genus.
2119 3428 2174 3508 ⁴)
2233 3424 2589 3509 Expendes

633 3514 840 3598 igitur
884 3533 1047 3577 num
1090 3513 1492 3594 praestiterit
1534 3532 1611 3576 ea
1652 3512 1958 3578 nonnihil
2001 3512 2228 3590 lenire,
2275 3532 2403 3594 quo
2447 3533 2588 3576 ma-

633 3600 736 3683 gis
780 3599 1036 3664 eluceat
1077 3598 1476 3663 narrationis
1513 3598 1609 3662 rei
1644 3605 1868 3682 gestae
1904 3598 2306 3681 simplicitas,
2353 3606 2421 3662 et
2461 3597 2587 3661 mi-

632 3705 758 3751 nus
794 3694 1096 3749 narrator
1130 3684 1473 3749 affectibus
1509 3682 1879 3749 indulsisse.
1899 3685 1956 3761 ὗ)
2016 3683 2151 3749 Sed
2189 3683 2349 3749 haec
2382 3703 2589 3767 parva

633 3779 824 3848 sunt,
881 3791 1001 3835 nec
1054 3768 1262 3833 multe
1318 3770 1621 3853 graviora
1671 3790 1836 3853 quae
1880 3777 2255 3852 sequuntur.
2346 3769 2587 3835 Cuius-

634 3877 891 3939 cunque
938 3854 1130 3919 titule
1175 3855 1338 3937 haec
1382 3852 1663 3919 edantur
1695 3856 1954 3937 scripta,
2002 3855 2330 3920 videbitur
2365 3864 2587 3919 tamen

635 3951 824 4006 autor
847 3941 1196 4006 lectoribus
1231 3940 1441 4005 nostri
1477 3939 1826 4005 admodum
1864 3941 2194 4005 studiosus
2229 3950 2297 4005 et
2321 3960 2583 4006 amans:

632 4048 759 4111 que
813 4029 890 4091 fit
947 4037 1022 4091 ut
1081 4046 1308 4093 verear
1360 4047 1444 4090 ne
1503 4025 1672 4108 qued
1728 4026 2059 4091 interdum
2118 4025 2451 4108 praedicat
2507 4026 2587 4091 de

634 4112 853 4189 nobis,
911 4131 985 4177 ac
1029 4111 1413 4194 praesertim
1475 4111 1646 4193 qued
1704 4110 1783 4177 de
1839 4120 1905 4175 te
1961 4111 2280 4195 principie
2338 4111 2582 4191 scribit,

633 4199 833 4264 nimis
891 4196 1182 4262 odiosum
1225 4197 1312 4262 sit
1354 4196 1682 4275 hostibus,
1741 4197 1853 4279 qui
1896 4209 2209 4281 perpetuo
2255 4200 2437 4280 queri
2482 4219 2584 4263 so-

632 4283 775 4348 lent
829 4282 999 4365 qued
1056 4283 1177 4347 seli
1235 4281 1511 4347 velimus
1579 4303 1721 4348 esse
1776 4284 1844 4347 in
1900 4284 2143 4366 pretio,
2202 4293 2268 4348 et
2328 4292 2585 4349 nestros

634 4368 992 4434 habeamus
1036 4377 1471 4433 assentatores
1513 4375 1580 4432 et
1623 4370 2079 4446 encomiastas‚
2140 4369 2375 4451 quibus
2419 4370 2585 4434 nihil

632 4453 922 4519 arrideat
965 4453 1093 4518 nisi
1140 4454 1312 4536 qued
1358 4475 1397 4518 a
1442 4453 1628 4519 nobis
1672 4455 2152 4536 proficiscatur,
2200 4464 2267 4519 et
2309 4455 2422 4537 qui
2465 4476 2584 4520 nes

628 4539 817 4606 velut
881 4539 1058 4604 idola
1125 4549 1537 4605 venerentur.
1628 4539 1802 4603 Nam
1866 4560 2067 4622 quum
2122 4550 2187 4604 te
2244 4560 2582 4606 recusasse

629 4635 858 4690 narrat
876 4628 931 4710 ⁶)
977 4625 1395 4708 scriptionem
1455 4625 1771 4690 adversus
1819 4625 2146 4704 Carolum,
2205 4626 2408 4690 nimie
2453 4626 2582 4690 fer-

836 4845 900 4978 343
933 4844 1559 4983 ’begazegssminime
1591 4916 1654 4969 in
1686 4914 1832 4970 edito
1865 4915 2040 4969 libello
2073 4915 2247 4969 deleta
2280 4921 2424 4968 eunt.
2487 4915 2584 4970 Ita

630 4983 817 5039 statim
851 4984 923 5038 ab
958 4984 1119 5037 initio
1154 4983 1484 5052 nebulonem,
1514 4998 1767 5052 porcum,
1802 4984 2028 5038 bestiam
2061 4984 2227 5038 habes
2288 4999 2459 5053 aeque
2493 5001 2581 5039 us·

618 5053 784 5134 piant
826 5052 936 5107 eibi
977 5052 1039 5105 iu
1089 5051 1291 5107 talibus
1339 5057 1615 5120 temperat.
1690 5050 1773 5119 Of.
1820 5068 1876 5121 p.
1913 5049 2030 5105 297.
2069 5051 2187 5107 301.
2222 5024 2342 5108 505.
2376 5050 2479 5106 307
2533 5059 2582 5109 et

836 5186 898 5255 5)
936 5160 1032 5244 icc.
1102 5186 1330 5257 eappa.-
1366 5188 1630 5242 videatur.

837 5256 896 5324 6)
933 5255 1151 5312 Aaudit
1194 5257 1274 5312 ad
1317 5274 1379 5311 ea
1426 5272 1567 5328 quae
1605 5254 1870 5313 Calvinus
1913 5257 2058 5313 dixit
2100 5273 2158 5327 p.
2190 5256 2318 5326 293,
2371 5260 2485 5315 scil.
2520 5259 2582 5314 in

621 5324 875 5382 Gallam·
898 5339 1154 5394 persona.

2189 409 2717 478 EPISTOLAE
2763 413 3097 476 eoo—661

4529 412 4632 474 104

2701 618 2824 665 san
2866 605 3246 681 contemptu
3290 596 3371 663 de
3418 595 3668 677 Garolo,
3731 597 3930 663 nimis
3971 617 4127 665 vere
4184 596 4529 681 magnifice
4566 595 4635 664 de

2702 691 2769 748 te
2811 683 2991 768 loqui
3033 691 3100 749 et
3141 684 3386 750 sentire
3429 683 3638 749 videri
3691 683 3936 767 poterit
3988 683 4070 749 iis
4127 683 4242 766 qui
4297 684 4394 747 ita
4437 690 4635 750 trans-

2703 771 2879 836 versi
2922 777 3215 854 aguntur
3257 769 3625 848 affectibus,
3670 777 3748 834 ιιι
3790 769 3950 853 ipsis
3992 770 4212 834 minus
4257 768 4634 851 placeamus,

2700 848 3054 939 nostraque
3090 857 3328 934 omniu,
3373 876 3569 939 quam
3611 853 3876 921 Carolus
3907 854 4114 921 nobis.
4176 851 4311 920 Sed
4347 856 4460 938 qui
4495 863 4637 922 sunt

2702 941 3025 1007 eiusmodi
3077 963 3206 1006 nen
3264 950 3420 1007 sunt
3486 940 3675 1006 nobis
3731 940 3859 1006 alie
3913 940 4200 1006 habendi
4254 939 4395 1005 lece
4453 963 4636 1024 quam

2703 1025 2984 1094 Carolus.
3070 1025 3253 1092 Haec
3312 1037 3531 1092 tamen
3578 1025 3757 1094 volui
3796 1024 4086 1092 indicare
4128 1034 4203 1091 ut
4246 1026 4637 1109 expenderes

2699 1134 2859 1178 num
2905 1113 3106 1196 digna
3140 1112 3276 1177 sint
3309 1114 3567 1177 minuta
3602 1111 3765 1178 haec
3799 1110 4386 1178 animadversione.
4445 1113 4637 1180 Prae-

2698 1207 2880 1264 terea
2924 1218 3008 1263 ne
3053 1199 3272 1264 emnia
3320 1196 3542 1263 Garolo
3600 1197 3888 1264 adimere
3940 1197 4190 1264 invidia
4232 1206 4300 1263 et
4342 1196 4488 1264 edio
4533 1200 4638 1266 he·

2695 1283 2895 1350 minis
2937 1283 3256 1363 videatur,
3316 1283 3474 1349 dum
3520 1283 3681 1349 adee
3740 1283 4072 1349 indoctum
4118 1284 4415 1348 emnium
4471 1284 4636 1366 facit,

2697 1369 2852 1453 quid
2897 1371 2951 1435 si
2996 1369 3095 1434 illi
3136 1369 3383 1453 aliquid
3437 1369 3938 1452 sophisticarum
3983 1370 4392 1453 argutiarum
4433 1379 4502 1435 et
4541 1391 4638 1438 ca-

2698 1455 3108 1521 villationum
3150 1455 3514 1534 tribuatur,
3573 1455 3806 1537 quibus
3867 1453 4163 1520 addictus
4206 1463 4334 1533 est,
4394 1462 4472 1521 ut
4524 1457 4638 1523 sibi

2698 1541 2985 1625 aliquam
3043 1542 3296 1625 ingenii
3340 1550 3407 1606 et
3448 1540 3835 1606 eruditionis
3891 1539 4152 1606 laudem
4177 1544 4232 1617 ⁷)
4288 1539 4466 1625 apud
4523 1542 4638 1608 im-

2697 1629 2942 1711 peritos
2986 1637 3052 1692 et
3093 1626 3289 1691 rudes
3332 1627 3671 1691 literarum
3717 1624 4046 1692 vendicet:
4100 1626 4193 1690 ita
4235 1634 4314 1691 ut
4356 1626 4543 1694 fucus
4583 1630 4640 1694 ei

2696 1712 2929 1796 aliquis
2964 1711 3393 1794 relinquatur,
3431 1733 3590 1778 vera
3623 1719 3842 1777 autem
3878 1710 4244 1777 eruditione
4281 1713 4636 1795 spolietur?

2695 1798 2869 1863 Nam
2905 1819 3038 1863 non
3060 1798 3270 1863 cuivis
3289 1797 3479 1863 facile
3513 1796 4028 1881 persuadebitur,
4070 1797 4407 1864 hominem
4443 1821 4641 1883 usque

2695 1883 2855 1949 adeo
2898 1883 3238 1949 indoctum
3282 1904 3455 1963 esse,
3514 1884 3625 1967 qui
3668 1882 3790 1949 sibi
3833 1905 3952 1949 sua
3994 1885 4426 1950 ostentatione
4472 1886 4641 1970 apud

2696 1970 3014 2052 plurimes
3058 1969 3343 2052 aliquam
3389 1969 3773 2034 eruditionis
3817 1969 4059 2033 famam
4107 1971 4373 2053 peperit.

2866 2056 3094 2134 Perre,
3131 2054 3301 2138 qued
3329 2054 3410 2120 ad
3431 2054 3743 2120 historiae
3764 2056 4112 2121 veritatem
4150 2056 4406 2136 attinet,
4443 2057 4642 2123 mirer

2695 2160 2852 2205 sane
2918 2140 3270 2205 memoriae
3334 2140 3710 2206 felicitatem
3776 2148 3841 2205 et
3906 2139 4379 2207 dexteritatem.
4472 2143 4641 2209 Nam

2693 2224 2931 2291 melius
2973 2234 3158 2292 tenes
3203 2225 3486 2309 plurima
3527 2246 3694 2308 quae
3734 2225 3815 2290 ab
3855 2225 4136 2291 aliorum
4170 2247 4281 2292 ere
4317 2230 4639 2313 accepisti,

2693 2332 2892 2394 quam
2934 2331 3055 2395 ege
3099 2312 3210 2395 qui
3256 2311 3392 2377 vidi
3436 2320 3501 2376 et
3542 2332 3694 2394 pars
3738 2310 3957 2394 aliqua
4001 2311 4115 2378 fui.
4197 2310 4375 2378 Sunt
4417 2322 4641 2381 tamen

2694 2395 3015 2479 quaedam
3061 2397 3126 2462 in
3174 2397 3408 2481 quibus
3449 2405 3669 2462 metue
3714 2405 3829 2462 aut
3870 2417 3954 2461 ne
3998 2418 4117 2481 ego
4163 2398 4357 2464 fallar
4396 2421 4641 2467 meme·

2693 2484 2822 2561 ria,
2867 2490 2983 2547 aut
3027 2504 3108 2548 ne
3151 2504 3385 2566 parum
3430 2503 3591 2548 vera
3644 2482 3767 2547 tibi
3813 2492 4079 2548 narrata
4121 2484 4284 2563 sint,
4341 2486 4645 2568 quamvis

2694 2590 2825 2633 nen
2870 2568 3003 2634 sint
3037 2569 3261 2653 magni
3297 2568 3459 2634 adeo
3494 2568 3825 2633 momenti.
3889 2566 4025 2634 Sed
4061 2567 4186 2636 hec
4225 2592 4450 2650 unum,
4501 2592 4642 2638 mee

2693 2653 2955 2803 quidem
3002 2654 3257 2731 iudicio,
3304 2653 3652 2738 diligenter
3707 2653 4073 2720 cavendum
4093 2706 4109 2732 ,
4167 2656 4401 2722 necubi
4457 2679 4643 2723 men-

2740 2739 2863 2804 acii
2906 2738 3220 2805 historiae
3264 2740 3553 2805 narratio
3597 2739 3902 2824 redargui
3947 2741 4168 2823 pessit,
4216 2742 4285 2806 in
4328 2742 4410 2807 iis
4454 2764 4643 2826 prae-

2692 2825 2920 2890 sertim
2964 2846 3239 2907 querum
3295 2833 3499 2890 testes
3543 2846 3685 2890 esse
3737 2834 4009 2908 pessunt
4056 2824 4269 2892 Caroli
4321 2827 4641 2895 fautores:

2692 2930 2966 2993 querum
3023 2910 3131 2975 hic
3177 2917 3241 2975 et
3283 2911 3544 2976 Bernae
3598 2911 3758 2976 satis
3810 2932 4093 2995 magnus
4152 2921 4252 2977 est
4305 2935 4642 2993 numerus,

2692 2997 2803 3079 qui
2846 2996 3107 3061 tametsi
3152 3017 3285 3061 nen
3330 3007 3551 3079 aperte
3594 2994 3875 3076 faveant,
3923 2996 4037 3061 sed
4083 2998 4414 3064 hominem
4462 3000 4643 3066 dam-

2692 3104 2853 3148 nare
2897 3091 3243 3167 cogantur,
3289 3083 3382 3147 ita
3424 3092 3648 3148 tamen
3695 3082 4010 3149 damnant
4051 3092 4128 3149 ut
4170 3092 4422 3168 partem
4470 3087 4644 3152 invi-

2693 3166 2839 3233 diae
2892 3170 2962 3232 in
3019 3190 3135 3234 nes
3195 3167 3490 3234 derivare
3549 3167 3882 3248 studeant,
3959 3190 4086 3252 que
4151 3193 4270 3236 nes
4339 3182 4641 3256 gravent,

2691 3253 2882 3318 illum
2925 3275 3083 3319 vere
3138 3264 3529 3334 exonerent,
3588 3254 3760 3337 qued
3814 3262 4068 3338 partem
4125 3256 4410 3340 aliquam
4453 3259 4644 3343 igne-

2691 3340 2934 3405 miniae
2976 3341 3184 3423 ipsius
3229 3339 3310 3405 ad
3355 3361 3425 3405 se
3469 3360 3720 3423 queque
3766 3341 3979 3405 redire
4024 3343 4328 3409 sentiant.
4417 3345 4644 3429 Atque

2691 3426 2786 3490 ita
2821 3444 3083 3490 eausam
3126 3447 3310 3492 suam
3355 3433 3576 3509 agunt,
3624 3425 3902 3491 crimina
3940 3425 4151 3492 Caroli
4186 3436 4642 3508 extenuantes,

2694 3533 2769 3577 ac
2813 3511 3001 3576 nobis
3044 3511 3301 3596 culpam
3347 3531 3589 3596 magna
3631 3532 3716 3576 ex
3761 3521 3947 3595 parte
3993 3511 4471 3595 adscribentes,
4538 3516 4644 3601 qui

2692 3618 2770 3663 ee
2814 3595 3285 3679 desperationis
3327 3598 3660 3662 hominem
3700 3596 4128 3682 adegerimus.

2862 3683 2959 3748 Ut
3000 3692 3222 3747 autem
3280 3682 3611 3766 intelligas
3665 3703 3833 3766 quae
3889 3692 3953 3748 te
4009 3685 4206 3750 velim
4260 3688 4476 3770 magis
4534 3710 4643 3753 ex-

2693 3768 2994 3851 pendere,
3041 3768 3268 3833 ordine
3313 3770 3650 3853 attingam.
3742 3768 3936 3850 Quod
3992 3771 4222 3837 scribis
4267 3772 4346 3837 de
4388 3773 4574 3838 bulla

2692 3874 2825 3918 nen
2893 3852 3119 3936 procul
3190 3855 3372 3920 abest
3442 3876 3482 3919 a
3547 3875 3732 3934 vero;
3822 3854 3936 3919 sed
4002 3857 4266 3922 tametsi
4335 3860 4615 3924 nonnih'

2693 3941 3165 4024 tergiversatus
3220 3941 3307 4004 sit
3350 3939 3747 4024 Agathepeli
3808 3939 3981 4024 qued
4036 3964 4184 4007 eum
4245 3943 4432 4010 valde
4497 3967 4642 4028 pre-

2689 4031 2901 4089 meret
2944 4023 3296 4090 divortium
3341 4047 3491 4091 cum
3537 4046 3774 4103 uxore,
3834 4027 4018 4092 visus
4062 4037 4165 4093 est
4207 4038 4427 4095 tamen
4476 4030 4643 4095 mihi

2689 4110 2935 4176 bullam
2981 4132 3364 4194 agnoscere,
3411 4119 3480 4177 et
3521 4112 3739 4176 emnia
3784 4132 3854 4177 se
3898 4115 4152 4178 conscie
4209 4115 4381 4180 facta
4417 4116 4643 4195 fuisse,

2691 4196 2995 4279 quamvis
3040 4196 3284 4279 aliquid
3322 4198 3450 4262 tale
3485 4196 3793 4264 obiiceret
3827 4198 4016 4280 quale
4051 4220 4298 4265 narras.
4359 4201 4641 4281 Deinde,

2688 4281 2987 4365 quamvis
3041 4282 3310 4348 missam
3364 4282 3723 4361 damnarit,
3781 4284 3896 4348 diu
3950 4296 4168 4350 tamen
4227 4288 4644 4372 multumque

2688 4368 3163 4450 tergiversatus
3231 4378 3362 4447 est,
3432 4390 3559 4452 quo
3616 4371 3676 4435 ei
3730 4369 4014 4451 speciem
4079 4371 4365 4454 aliquam
4432 4373 4639 4451 daret,

2688 4473 2813 4535 quo
2858 4452 3049 4518 valde
3092 4454 3590 4520 offendebantur
3635 4455 4193 4539 Agathopolitani.
4283 4458 4642 4525 Praeterea

2687 4538 2968 4615 Bernae,
3058 4560 3214 4604 uum
3260 4542 3332 4605 in
3374 4541 3754 4607 consistorio
3800 4548 3943 4606 aeta
3987 4550 4091 4606 est
4131 4564 4328 4609 causa
4363 4544 4444 4610 de
4491 4567 4640 4629 pre·

2688 4623 2868 4690 cibus
2889 4625 3017 4688 -fun
3069 4623 3253 4691 endis
3289 4648 3405 4709 pre
3439 4635 3844 4692 mertuorum
3893 4631 4455 4714 resurrectione,⁹)
4505 4652 4640 4697 nen

2687 4711 2954 4774 memini
3012 4710 3394 4777 damnatum
3437 4713 3636 4778 fuisse
3681 4712 3761 4777 ad
3810 4712 4240 4795 palinodiam,
4299 4725 4366 4781 et
4409 4725 4638 4783 nostre

2685 4804 2918 4879 rogatu
2962 4798 3321 4876 remissam,
3368 4797 3482 4863 sed
3525 4798 3917 4882 imperatum
3962 4799 4089 4882 ipsi
4133 4808 4391 4867 tantum
4433 4802 4638 4869 fuisse

2894 5050 2952 5119 7)
2989 5051 3331 5121 Apoyrapha
3375 5051 3600 5106 habent.-
3646 5051 3881 5117 tandem,
3930 5050 4077 5121 quod
4114 5049 4170 5106 S.
4209 5067 4274 5106 ea·
4322 5053 4637 5122 conjectura

2684 5121 3003 5188 emendavit,
3039 5123 3173 5192 quia
3206 5122 3583 5190 autoqraphon
3617 5136 3729 5176 uon
3762 5120 4015 5189 imperit.

2887 5189 2950 5254 8)
2981 5206 3113 5260 paq.
3142 5188 3246 5244 296
3280 5203 3360 5260 eq.
4427 5260 4439 5272 ·

2890 5257 2952 5325 9)
2990 5259 3144 5313 Haec
3190 5263 3501 5313 tractantur
3533 5274 3571 5313 a
3609 5258 3816 5314 Nostro
3857 5275 3913 5340 p.
3951 5257 4054 5312 328
4098 5272 4170 5313 ee.
4217 5257 4313 5313 sed
4357 5258 4521 5315 azam
4568 5274 4633 5316 ae

2696 5327 2915 5383 viratus
2948 5327 3038 5385 lu‘c
3070 5332 3301 5383 testam·
3334 5342 3390 5381 ae
3422 5328 3484 5382 iu
3518 5327 3730 5384 schedis
3762 5328 3969 5398 leqmo.
