4825 6175
611 426 745 488 147

615 610 766 678 vult
808 609 1350 694 praetermissum
1385 610 1561 693 quod
1595 610 1909 676 fratribus
1952 610 2211 676 miseris
2245 618 2580 694 utcunque

614 696 832 782 possit
872 696 1308 775 commodare,
1352 697 1550 762 etiam
1593 696 1668 761 in
1711 696 1793 762 iis
1839 717 2006 779 quae
2040 718 2176 761 non
2211 694 2373 761 adeo
2419 702 2582 761 sunt

614 783 988 849 necessaria
1029 782 1304 848 laborat.
1394 782 1641 848 Latina
1695 785 1912 848 versio
1954 781 2135 847 illius
2179 782 2580 847 narrationis

617 867 775 951 quid
818 866 1203 952 prodesset?
1223 869 1283 941 2)
1352 865 1740 933 Curandum
1784 868 2006 950 potius
2041 868 2166 932 fuit
2200 875 2277 932 ut
2317 887 2579 952 germa-

615 954 766 1019 nice
817 952 1223 1019 redderetur.
1322 954 1434 1019 An
1492 953 1657 1018 utile
1700 954 1790 1018 sit
1842 975 1962 1020 vos
2015 953 2370 1019 secundam
2426 973 2579 1036 pro-

613 1041 966 1105 fectionem
1032 1041 1366 1122 suscipere
1381 1089 1397 1117 ,
1463 1038 1697 1105 literae
1762 1059 1992 1104 eorum
2056 1039 2166 1121 qui
2231 1039 2354 1103 tibi
2425 1044 2581 1104 sunt

615 1125 892 1209 polliciti
936 1123 1401 1190 admonebunt.
1494 1124 1712 1204 Certe,
1770 1125 1901 1189 nisi
1953 1132 2271 1209 urgeatur
2312 1123 2577 1209 legatio,

614 1211 980 1294 periculum
1027 1220 1130 1275 est
1171 1232 1259 1276 ne
1297 1210 1473 1276 male
1516 1211 1708 1277 cedat
1752 1210 1998 1294 aliquid
2032 1218 2339 1276 tentasse.
2430 1209 2581 1274 Iam

618 1306 805 1361 tenes
848 1317 930 1362 ex
982 1296 1191 1361 literis
1236 1296 1483 1362 Farezli
1539 1318 1657 1362 cur
1700 1295 1992 1381 legatum
2034 1317 2230 1379 quem
2276 1294 2579 1360 nomina-

615 1382 735 1447 bat
775 1382 1213 1465 repudiarem.
1304 1379 1660 1448 Senseram
1705 1383 1885 1447 enim
1929 1382 2202 1449 occultis
2246 1380 2577 1447 coniectu-

615 1467 711 1533 ris
760 1489 879 1533 nos
934 1469 1136 1534 fuisse
1191 1468 1272 1533 ab
1337 1489 1415 1534 eo
1469 1468 1782 1553 proditos.
1871 1468 1978 1533 Ex
2024 1468 2304 1550 pecunia
2345 1467 2465 1532 tibi
2508 1466 2578 1530 in

614 1554 931 1619 viaticum
988 1554 1191 1619 missa
1243 1574 1445 1636 quum
1504 1553 1751 1637 aliquid
1802 1563 2055 1619 restare
2110 1553 2302 1628 dicis,
2362 1553 2577 1617 ridere

616 1646 688 1704 te
746 1646 923 1724 puto,
1014 1638 1401 1704 Pauxillum
1454 1646 1572 1717 est,
1626 1639 1867 1721 inquis.
1960 1640 2054 1704 At
2109 1659 2230 1722 ego
2291 1659 2411 1703 vos
2456 1637 2575 1702 ali-

615 1735 864 1809 quanto
907 1724 1055 1808 plus
1097 1725 1527 1807 insumpsisse
1581 1724 1907 1789 existimo.
1997 1723 2172 1806 Quia
2225 1721 2353 1789 duo
2396 1745 2575 1789 nunc

617 1812 858 1877 absunt
900 1832 983 1875 ex
1024 1810 1452 1888 curatoribus,
1497 1811 1667 1875 nihil
1715 1810 1834 1877 tibi
1876 1810 2086 1885 mitto,
2144 1830 2265 1874 nec
2321 1816 2574 1875 certum

619 1906 720 1961 est
761 1897 959 1961 etiam
1004 1917 1090 1960 an
1136 1896 1281 1961 sitis
1324 1896 1504 1961 ituri.
1591 1895 1727 1962 Sed
1783 1895 2219 1979 cogitabimus
2263 1892 2345 1959 de
2387 1893 2574 1960 vobis

618 1980 1040 2048 sublevandis
1106 1982 1164 2046 si
1229 1982 1389 2046 novi
1452 1989 1757 2064 sumptus
1818 1982 1999 2047 fient.
2109 1980 2469 2046 Morandus
2534 2000 2575 2045 a

618 2067 853 2151 quibus
918 2066 1341 2133 Lustriacum
1410 2076 1709 2141 vocetur,
1774 2067 1996 2133 miror.
2104 2066 2254 2132 Hoc
2317 2072 2573 2133 certum

620 2152 850 2229 habeo,
906 2175 1039 2218 non
1096 2154 1221 2217 alio
1276 2153 1546 2219 consilio
1604 2154 1841 2232 vocari,
1900 2174 2096 2236 quam
2153 2159 2233 2217 ut
2273 2152 2344 2215 in
2389 2150 2574 2216 abdi-

619 2240 751 2305 cati
814 2239 1035 2305 locum
1100 2239 1509 2322 subrogetur.
1618 2238 1821 2304 Illum
1903 2239 2134 2304 vident
2197 2246 2372 2303 stare
2438 2259 2575 2302 non

618 2345 828 2409 posse.
934 2324 1351 2390 Obtrudatur
1403 2345 1560 2408 ergo
1614 2323 1723 2389 hic
1775 2323 1985 2390 nihilo
2041 2323 2291 2402 melior,
2351 2332 2420 2389 et
2460 2323 2575 2405 qui

618 2411 970 2475 autoritate
1034 2409 1352 2494 collegam
1414 2409 1627 2492 magis
1692 2418 1966 2492 premat.
2070 2409 2575 2475 Examinandae

615 2496 824 2581 igitur
867 2497 1282 2561 exactissimo
1326 2494 1542 2561 studio
1586 2515 1820 2561 causae
1855 2517 1974 2561 cur
2008 2496 2091 2561 ab
2137 2495 2411 2561 ecclesia
2455 2516 2577 2561 sua

616 2580 1055 2647 abstrahatur.
1122 2582 1589 2646 Inhumanitas
1633 2581 1980 2646 nebulonis
1998 2584 2057 2666 ⁸)
2101 2581 2175 2645 in
2211 2580 2573 2647 deserendo

622 2666 924 2746 ComeliO,
971 2689 1168 2749 quam
1214 2675 1515 2749 apertum
1560 2674 1660 2731 est
1680 2666 1952 2732 Domini
1985 2666 2321 2733 iudicium.
2404 2667 2577 2731 Eius

614 2760 841 2818 tamen
885 2752 1207 2819 abdicatio
1250 2752 1546 2818 nondum
1591 2753 1813 2817 omnia
1856 2752 2031 2835 apud
2076 2774 2197 2818 vos
2232 2751 2577 2835 desperata

615 2858 759 2904 esse
801 2838 1105 2904 ostendit.
1190 2837 1372 2904 Ordo
1421 2837 1698 2902 actionis
1738 2838 1964 2903 minus
2008 2837 2271 2921 quidem
2306 2859 2576 2905 severus

617 2944 811 3006 quam
858 2924 1146 2999 decebat,
1205 2924 1318 2989 sed
1379 2923 1578 2988 habet
1620 2922 1867 3007 aliquid
1910 2925 2256 3009 gravitatis
2299 2943 2453 2988 cum
2495 2925 2576 2988 li-

613 3010 817 3075 berali
857 3010 1276 3095 indulgentia
1308 3010 1754 3076 coniunctum.
1819 3009 1904 3074 In
1938 3019 2220 3094 utraque
2256 3009 2574 3096 electione

611 3096 1126 3180 prudentissime
1186 3119 1257 3161 se
1329 3097 1566 3161 fratres
1631 3108 1999 3181 gesserunt.
2110 3096 2194 3161 In
2260 3116 2574 3179 responso

612 3182 1160 3249 Neocomensium
1199 3182 1367 3246 nihil
1400 3180 1652 3247 fraudis
1686 3183 1953 3247 subesse
1975 3182 2374 3265 suspicabar.
2438 3179 2575 3248 Sed

614 3268 768 3351 quia
828 3267 954 3334 hoc
1018 3268 1285 3332 solenne
1345 3268 1594 3332 habent
1653 3268 1725 3332 in
1786 3267 2066 3333 aliorum
2132 3268 2444 3333 humeros
2502 3288 2574 3331 se

616 3374 994 3431 exonerare,
1040 3363 1108 3418 et
1148 3353 1273 3418 sibi
1315 3353 1468 3436 plus
1502 3373 1707 3437 aequo
1742 3373 2002 3437 semper
2037 3374 2316 3431 sumere,
2359 3353 2430 3417 id
2466 3374 2574 3418 me

613 3440 791 3505 male
854 3438 1141 3506 habebat
1203 3438 1374 3521 quod
1443 3457 1515 3502 se
1582 3440 1948 3504 eximerent
2011 3440 2191 3504 omni
2251 3438 2572 3517 molestia,

614 3546 736 3590 nos
781 3523 1271 3604 adstringerent
1328 3523 1812 3590 conditionibus
1866 3545 2069 3607 quum
2123 3525 2374 3607 iniquis
2427 3532 2571 3588 tum

613 3610 926 3676 ridiculis.
1038 3610 1120 3674 In
1187 3609 1397 3675 literis
1459 3610 1678 3674 minor
1742 3618 1845 3674 est
1905 3611 2289 3677 offensionis
2353 3630 2570 3676 causa.

611 3695 723 3760 De
786 3694 1158 3761 accersendi
1217 3695 1464 3762 Farelli
1527 3696 1782 3760 ratione
1798 3697 1859 3774 ⁴)
1925 3699 2117 3779 cupio
2183 3696 2354 3761 scire
2415 3697 2573 3779 quid

614 3783 872 3847 sentias.
940 3781 1115 3846 Nam
1150 3803 1258 3847 me
1291 3781 1639 3848 consilium
1675 3779 1910 3847 deficit.
1993 3783 2097 3846 'Pu
2140 3782 2299 3848 dare
2362 3791 2571 3864 poteS.

614 3866 805 3945 Vale,
864 3869 1069 3932 frater
1123 3868 1286 3932 mihi
1332 3867 1719 3932 suavissime
1763 3873 1832 3932 et
1875 3868 2084 3933 amice
2126 3868 2570 3953 integerrime.

612 3952 850 4019 Saluta
893 3952 1221 4029 Bibittum,
1269 3953 1616 4019 Imbertum
1671 3960 1739 4017 et
1780 3953 2097 4017 familiam
2141 3961 2341 4019 tuam.
2434 3953 2573 4019 Do-

611 4039 837 4105 minus
878 4037 1065 4105 vobis
1109 4039 1286 4106 adsit
1324 4045 1665 4122 perpetuo.
1756 4041 1860 4105 24.
1906 4041 2191 4123 August.
2210 4038 2270 4125 ⁵)

1541 4175 1825 4242 Ioannes
1864 4172 2183 4242 Calvinus
2227 4185 2395 4242 tuus.

817 4393 881 4460 2)
920 4393 1002 4458 Cf.
1042 4394 1116 4449 Ν.
1153 4393 1273 4463 683,
1307 4401 1417 4451 not.
1453 4393 1507 4449 5.

822 4462 882 4526 3)
927 4462 1151 4518 Comitis
1187 4467 1264 4530 (v.
1304 4464 1379 4519 N.
1415 4463 1561 4532 682).

820 4530 882 4594 4)
921 4532 1044 4587 Hoc
1077 4535 1200 4602 ipso
1235 4534 1326 4588 die
1339 4532 1425 4587 24.
1446 4536 1588 4602 Auy.
1624 4534 1693 4589 de
1725 4534 1908 4589 eadem
1931 4537 1993 4589 in
2014 4535 2222 4589 Senatu
2258 4540 2439 4590 actum
2473 4544 2568 4591 est.

819 4599 881 4666 5)
917 4600 1009 4655 De
1043 4617 1192 4657 anno
1237 4603 1488 4657 dubitari
1669 4606 1727 4658 it.
1808 4603 2141 4659 flectantur
2174 4607 2316 4658 enim
2362 4604 2451 4659 hic
2483 4621 2573 4659 ea·

613 4667 733 4722 dem
764 4667 882 4734 fere
913 4673 1134 4739 neqotia
1178 4670 1247 4725 de
1289 4672 1486 4741 quibua
1531 4677 1694 4726 ettam
1739 4672 1802 4725 in
1831 4672 2281 4741 praecedentibus
2318 4674 2462 4728 azoro
2497 4675 2572 4728 ci-

609 4740 1113 4861 ἴιῧξιὲτσνέἕὲὸαων.
1192 4737 1353 4808 Quod
1396 4741 1509 4793 iam
1555 4738 1881 4795 Matinae
1914 4743 1977 4796 in
2011 4756 2112 4796 auo
2148 4742 2451 4809 exemplari
2484 4742 2572 4796 de·

2170 419 2701 490 EPISTOLAE
2747 425 3090 489 685-688

4515 426 4610 487 148

3584 607 3737 678 686.

3230 744 3704 813 GALVINUS
3748 743 4122 813 VIRE'I'O.

2857 917 2961 983 De
3019 918 3421 984 nmtrimonio
3472 938 3517 982 a
3579 917 3920 1000 fluenti-edo
3982 916 4268 984 Genevae
4335 922 4617 984 contram

2684 1006 2847 1071 citra
2889 1024 3250 1071 consensum
3291 1004 3430 1069 eius
3469 1006 3576 1070 cui
3605 1003 3864 1084 puellae
3905 1023 4063 1069 cura
4116 1003 4450 1069 commissa
4489 1008 4620 1082 erat,

2668 1091 3050 1257 {moestior-Yam
3110 1089 3307 1156 Vir-eti
3351 1090 3514 1156 scire
3560 1090 3810 1172 quaerit
3866 1110 4005 1155 rem
4045 1088 4267 1155 deinde
4305 1090 4445 1171 ipse
4483 1108 4620 1154 oom-

2687 1346 2915 1409 (Exstat
2953 1346 3012 1399 in
3046 1346 3242 1401 iisdem
3278 1345 3568 1400 codicibus
3615 1362 3678 1399 ac
3712 1346 4063 1416 praecedens,
4099 1344 4198 1399 sed
4231 1351 4456 1415 praeter
4486 1352 4622 1399 auto·

2681 1414 3231 1538 fflfflh‘i'i120‘i’01f0&
3256 1414 3684 1538 3³⁹cssifi⁰1⁸1¹¹¹
3710 1415 4201 1538 fssss'i'ssfl'ffl‘
4221 1414 4625 1552 5333&ss

3293 1523 3325 1549 '’
3388 1551 3509 1622 714,
3546 1523 3761 1607 siniler.
3796 1553 3833 1606 1.
3871 1524 3962 1619 1.)'

2681 1739 2899 1806 Fideli
2967 1741 3220 1806 Christi
3286 1741 3561 1807 Domini
3627 1742 3833 1807 nostri
3898 1761 4090 1807 servo
4147 1740 4352 1806 Petro
4408 1739 4633 1805 Vireto

2681 1826 3178 1893 Lausannensis
3224 1827 3533 1893 ecclesiae
3571 1828 3819 1927 pastori
3871 1827 4062 1892 fratri
4121 1835 4191 1893 et
4231 1833 4634 1911 symmystae

3479 1934 3834 1979 carissimo.

2855 2046 2926 2116 S.
3019 2048 3407 2131 Theofredus
3430 2050 3478 2132 ¹)
3546 2051 4044 2115 matrimonium
4123 2050 4230 2115 hic
4304 2047 4635 2115 contraxit

2680 2134 2855 2219 quod
2901 2134 3091 2200 nobis
3134 2135 3442 2200 nonnihil
3486 2136 3791 2202 exhibuit
3823 2136 4177 2201 molestiae.
4266 2134 4460 2201 Uxor
4502 2134 4636 2199 Do-

2681 2220 2848 2287 mini
2909 2221 3352 2304 Verqeriensis,
3371 2221 3430 2303 ²)
3475 2222 3586 2303 qui
3630 2241 3845 2304 nuper
3888 2223 4062 2306 apud
4097 2241 4217 2287 vos
4250 2220 4383 2286 fuit
4415 2220 4636 2286 visen·

2682 2306 2803 2372 dae
2859 2308 3093 2372 matris
3152 2326 3367 2383 causa,
3425 2306 3712 2389 puellam
3770 2306 3902 2373 huc
3958 2328 4180 2373 secum
4240 2305 4635 2371 adduxerat:

2679 2413 2879 2476 quam
2945 2413 3147 2476 quum
3214 2392 3512 2457 nonnulli
3577 2391 3957 2458 laudassent
4026 2392 4392 2472 TheofredO,
4458 2390 4647 2458 venit

2678 2479 2811 2545 huc
2868 2498 2946 2543 ea
2999 2498 3135 2543 una
3191 2476 3272 2542 de
3327 2498 3522 2543 causa
3565 2490 3644 2542 ut
3687 2498 3832 2542 eam
3874 2479 4247 2562 inspiceret,
4292 2498 4369 2544 ac
4412 2486 4645 2562 postea

2680 2564 3005 2629 rationem
3062 2564 3263 2629 iniret
3320 2564 3460 2629 eius
3519 2563 3932 2630 obtinendae.
4025 2564 4196 2630 Cum
4249 2563 4396 2648 ipsa
4442 2562 4641 2630 collo-

2678 2658 2921 2733 quutus
2980 2649 3105 2715 sibi
3158 2670 3435 2715 uxorem
3493 2649 3635 2715 dari
3679 2651 3870 2734 petiit
3912 2650 3994 2716 ab
4037 2651 4216 2715 hera.
4306 2649 4441 2714 Illa
4485 2669 4645 2716 vero

2678 2735 3036 2818 respondit,
3079 2757 3153 2802 se
3195 2737 3364 2800 nihil
3406 2734 3731 2801 facturam
3775 2743 3929 2800 ante
3987 2736 4210 2801 mariti
4253 2734 4643 2801 adventum.

2680 2821 3010 2902 Quoniam
3051 2842 3199 2905 spes
3245 2821 3328 2886 ab
3370 2842 3449 2888 ea
3491 2834 3677 2905 parte
3714 2821 3899 2887 nulla
3932 2829 4091 2901 erat,
4137 2821 4458 2905 privatim
4503 2819 4645 2886 ani·

2677 2928 2864 2972 mum
2909 2906 3163 2990 puellae
3205 2908 3505 2972 tentavit.
3573 2907 3908 2973 Indicavit
3938 2907 4254 2991 quasdam
4289 2906 4452 2972 alibi
4490 2928 4648 2973 con·

2680 2992 2960 3058 ditiones
3015 2991 3141 3058 sibi
3197 3014 3339 3058 esse
3392 2994 3778 3076 propositas,
3836 3015 4001 3076 quas
4057 3015 4193 3059 nec.
4236 2992 4348 3058 diu
4406 3002 4649 3058 tenere

2679 3077 2908 3145 dubias
2949 3087 3189 3163 posset,
3233 3100 3355 3145 nec
3400 3086 3648 3146 temere
3702 3079 3908 3146 vellet
3949 3078 4298 3157 dimittere,
4341 3079 4484 3146 nisi
4530 3078 4651 3144 ha-

2677 3166 2863 3231 beret
2904 3165 3150 3249 aliquid
3194 3187 3345 3232 cum
3388 3167 3533 3250 ipsa
3576 3168 4026 3232 constitutum.
4118 3164 4480 3248 Sponsalia
4525 3166 4652 3250 igi-

2677 3258 2786 3315 tur
2828 3253 3001 3316 facta
3034 3259 3208 3318 sunt.
3294 3251 3491 3317 Nunc
3534 3250 3819 3317 secundo
3853 3272 4054 3336 quum
4091 3252 4400 3328 venisset,
4449 3271 4655 3336 roga-

2676 3338 2776 3402 vit
2814 3345 2893 3401 ut
2931 3336 3092 3402 hero
3136 3337 3337 3403 verba
3378 3338 3677 3403 facerem.
3767 3335 3905 3405 Sed
3946 3360 4151 3421 quum
4192 3336 4656 3422 intelligerem

2677 3423 2973 3487 animum
3053 3422 3231 3488 illius
3297 3422 3682 3504 abhorrere,
3761 3445 3868 3489 me
3943 3423 4367 3508 interponere
4437 3423 4657 3489 nolui.

2679 3507 2995 3574 Consului
3053 3518 3130 3573 ut
3179 3529 3331 3573 eum
3384 3509 3603 3591 potius
3657 3517 3840 3574 recta
3898 3509 4128 3575 adiret.
4228 3510 4394 3574 Post
4439 3508 4657 3576 collo-

2676 3595 2905 3677 quium
2950 3593 3037 3659 ad
3090 3614 3198 3658 me
3242 3615 3548 3660 reversus
3607 3595 3775 3660 dixit
3816 3596 4049 3661 horam
4092 3594 4217 3661 sibi
4260 3594 4662 3662 condictam

2677 3700 2718 3745 a
2784 3680 3071 3745 Domino
3149 3680 3540 3763 Ver-qeriensi
3609 3680 3926 3763 postridie
3981 3702 4022 3748 a
4081 3682 4213 3746 fine
4278 3680 4655 3747 concionis.

2678 3765 2911 3831 Adfuit
2953 3787 3111 3849 ergo
3156 3766 3240 3832 D.
3303 3766 3744 3849 Veryeriensia
3835 3766 4265 3833 Sermouibus
4316 3766 4516 3832 ultro
4573 3766 4665 3833 ci-

2676 3861 2910 3934 troque
2978 3854 3154 3916 inter
3218 3872 3341 3917 nos
3403 3853 3483 3917 de
3536 3852 3659 3918 hoc
3713 3853 3976 3937 negotio
4043 3853 4303 3930 habitis,
4360 3852 4664 3918 tandem

2678 3947 3079 4003 convenerat
3119 3947 3197 4003 ut
3238 3937 3581 4003 consilium
3618 3939 3699 4003 ab
3736 3947 3802 4003 te
3836 3946 4190 4022 peteretur.
4258 3936 4665 4005 Advocatus

2684 4022 3097 4105 TheofreduS,
3174 4045 3375 4107 quum
3442 4023 3566 4090 hoc
3645 4045 4033 4107 responsum
4104 4022 4669 4107 amplecteretur,

2680 4108 2853 4173 diem
2897 4109 3021 4174 sibi
3056 4110 3259 4192 praefi
3311 4110 3325 4124 '
3365 4111 3641 4194 rogavit,
3686 4132 3771 4175 ne
3806 4111 4053 4177 diutius
4088 4108 4427 4193 penderet.
4504 4109 4669 4188 1110,

2679 4195 2784 4260 vel
2828 4195 2982 4277 quia
3036 4195 3240 4278 aliqui
3340 4196 3508 4261 forte
3565 4195 4031 4274 subolfecerat,
4088 4196 4200 4261 vel
4254 4193 4665 4262 admonitus

2675 4280 2793 4345 illo
2836 4279 3038 4346 verbo
3081 4281 3446 4347 sciscitatus
3490 4289 3607 4360 est,
3665 4304 3827 4346 num
3876 4282 4034 4365 quid
4077 4281 4447 4365 pepigisset
4495 4301 4667 4349 cum

2677 4365 2938 4451 puella?
3003 4367 3372 4450 Respondit
3422 4367 3812 4450 Theoti-edus
3853 4388 3996 4433 esse
4039 4376 4462 4433 contractum
4518 4369 4667 4439 iam

2676 4451 3187 4517 matrimonium.
3278 4454 3498 4535 Atque
3555 4474 3676 4537 ego
3734 4451 3999 4537 quidem
4040 4452 4121 4519 de
4165 4453 4479 4536 pactione
4532 4452 4666 4518 ali-

2677 4537 2835 4620 quid
2892 4538 3248 4618 audieram,
3303 4538 3418 4603 sed
3474 4539 3790 4621 putabam
3848 4538 3974 4605 hac
4029 4538 4417 4621 exceptione
4470 4540 4670 4604 limi-

2673 4633 2884 4688 tatam
2939 4622 3161 4702 fuisse,
3217 4633 3294 4687 ut
3345 4623 3491 4688 heri
3545 4625 3817 4690 arbitrio
3861 4647 3967 4691 res
4008 4626 4272 4709 integra
4314 4633 4666 4691 maneret.

2676 4709 2863 4774 Tunc
2922 4730 3162 4792 purum
3208 4709 3421 4775 fuisse
3481 4719 3886 4777 contractum
3928 4710 4396 4776 intelleximus.
4500 4711 4677 4776 Hoc

2676 4815 2934 4878 quoque
2991 4795 3213 4878 puella
3266 4797 3698 4862 confirmavit.
3805 4797 4032 4863 Herus
4074 4796 4414 4877 subirasci,
4470 4795 4671 4882 quod

2694 5067 2835 5121 686.
2874 5067 2934 5131 1)
2982 5066 3336 5133 Theofredum
3386 5069 3557 5123 alium
3599 5068 3945 5137 bibliopolam
3991 5069 4459 5124 Lau-sanum
4514 5070 4679 5128 dicet
4802 5067 4803 5124 3

2674 5137 2836 5202 infra
2874 5136 2948 5190 N.
2986 5134 3091 5190 713
3141 5137 3370 5199 Vir-etue,
3421 5139 3582 5192 cuiue
3614 5140 4023 5206 responsionem
4060 5139 4137 5192 ad
4169 5139 4313 5193 hanc
4348 5141 4678 5208 wolon
4802 5149 4803 5154 ’

2673 5206 2895 5261 habebis
2931 5204 3007 5260 N.
3044 5204 3164 5272 693,
3198 5206 3296 5259 ubi
3335 5205 3430 5260 Th.
3468 5207 3557 5263 hic
3590 5209 3840 5262 minium·
3873 5207 4091 5262 dabitur.

2878 5274 2933 5339 2)
2969 5273 3061 5327 De
3082 5275 3181 5327 hoc
3202 5274 3340 5345 quid
3372 5274 3619 5329 dicamus
3650 5292 3763 5329 non
3798 5275 4069 5330 habemus.
4123 5275 4271 5330 Civis
4299 5275 4679 5334 Gemma&

2669 5342 2847 5408 fuisse
2880 5342 3112 5409 videtur,
3148 5359 3342 5398 nomen
3374 5359 3501 5399 vero
3537 5360 3603 5398 ex
3638 5345 3846 5400 ditione
3879 5344 4120 5414 quadam
4153 5345 4493 5401 derivatio-t.
