<?xml version="1.0" encoding="UTF-8"?>
<!DOCTYPE html PUBLIC "-//W3C//DTD XHTML 1.0 Transitional//EN"
    "http://www.w3.org/TR/xhtml1/DTD/xhtml1-transitional.dtd">
<html xmlns="http://www.w3.org/1999/xhtml" xml:lang="en" lang="en">
 <head>
  <title>
</title>
<meta http-equiv="Content-Type" content="text/html;charset=utf-8" />
  <meta name='ocr-system' content='tesseract 3.04.00' />
  <meta name='ocr-capabilities' content='ocr_page ocr_carea ocr_par ocr_line ocrx_word'/>
</head>
<body>
  <div class='ocr_page' id='page_1' title='image "./ioanniscalvinio10unkngoog_0148.png"; bbox 0 0 4825 6175; ppageno 0'>
   <div class='ocr_carea' id='block_1_1' title="bbox 634 423 761 487">
    <p class='ocr_par' dir='ltr' id='par_1_1' title="bbox 634 423 761 487">
     <span class='ocr_line' id='line_1_1' title="bbox 634 423 761 487; baseline -0.016 0"><span class='ocrx_word' id='word_1_1' title='bbox 634 423 761 487; x_wconf 81' lang='lat'>235</span> 
     </span>
    </p>
   </div>
   <div class='ocr_carea' id='block_1_2' title="bbox 632 603 2600 5406">
    <p class='ocr_par' dir='ltr' id='par_1_2' title="bbox 632 603 2600 5406">
     <span class='ocr_line' id='line_1_2' title="bbox 633 603 2589 689; baseline -0.003 -15"><span class='ocrx_word' id='word_1_2' title='bbox 633 616 703 675; x_wconf 90' lang='lat' dir='ltr'>et</span> <span class='ocrx_word' id='word_1_3' title='bbox 744 608 1109 673; x_wconf 91' lang='lat' dir='ltr'>orationem</span> <span class='ocrx_word' id='word_1_4' title='bbox 1151 604 1430 671; x_wconf 89' lang='lat' dir='ltr'>habebat</span> <span class='ocrx_word' id='word_1_5' title='bbox 1472 604 1674 689; x_wconf 87' lang='lat' dir='ltr'>vulgo</span> <span class='ocrx_word' id='word_1_6' title='bbox 1717 603 2289 671; x_wconf 77' lang='lat' dir='ltr'><strong>accommodatam.</strong></span> <span class='ocrx_word' id='word_1_7' title='bbox 2373 603 2589 686; x_wconf 79' lang='lat' dir='ltr'>Saepe</span> 
     </span>
     <span class='ocr_line' id='line_1_3' title="bbox 632 690 2589 760; baseline -0.003 -1"><span class='ocrx_word' id='word_1_8' title='bbox 632 700 856 759; x_wconf 85' lang='lat' dir='ltr'>tamen</span> <span class='ocrx_word' id='word_1_9' title='bbox 919 692 1174 760; x_wconf 83' lang='lat' dir='ltr'>interea</span> <span class='ocrx_word' id='word_1_10' title='bbox 1236 691 1525 756; x_wconf 88' lang='lat' dir='ltr'>monitus</span> <span class='ocrx_word' id='word_1_11' title='bbox 1588 690 1714 755; x_wconf 89' lang='lat' dir='ltr'>fuit</span> <span class='ocrx_word' id='word_1_12' title='bbox 1778 691 1848 755; x_wconf 92' lang='lat' dir='ltr'>in</span> <span class='ocrx_word' id='word_1_13' title='bbox 1912 699 2241 756; x_wconf 84' lang='lat' dir='ltr'>conventu</span> <span class='ocrx_word' id='word_1_14' title='bbox 2305 690 2589 754; x_wconf 79' lang='lat' dir='ltr'>fratrum</span> 
     </span>
     <span class='ocr_line' id='line_1_4' title="bbox 633 774 2586 864; baseline -0.003 -20"><span class='ocrx_word' id='word_1_15' title='bbox 633 800 838 864; x_wconf 89' lang='lat' dir='ltr'>quum</span> <span class='ocrx_word' id='word_1_16' title='bbox 882 777 962 844; x_wconf 92' lang='lat' dir='ltr'>de</span> <span class='ocrx_word' id='word_1_17' title='bbox 1005 777 1150 842; x_wconf 91' lang='lat' dir='ltr'>aliis</span> <span class='ocrx_word' id='word_1_18' title='bbox 1194 776 1376 843; x_wconf 79' lang='lat' dir='ltr'>vitiis</span> <span class='ocrx_word' id='word_1_19' title='bbox 1420 783 1563 841; x_wconf 91' lang='lat' dir='ltr'>tum</span> <span class='ocrx_word' id='word_1_20' title='bbox 1604 775 1684 841; x_wconf 93' lang='lat' dir='ltr'>de</span> <span class='ocrx_word' id='word_1_21' title='bbox 1727 775 2132 860; x_wconf 79' lang='lat' dir='ltr'>negligentia</span> <span class='ocrx_word' id='word_1_22' title='bbox 2166 786 2233 841; x_wconf 89' lang='lat' dir='ltr'>et</span> <span class='ocrx_word' id='word_1_23' title='bbox 2267 774 2586 840; x_wconf 85' lang='lat' dir='ltr'>dissoluto</span> 
     </span>
     <span class='ocr_line' id='line_1_5' title="bbox 633 860 2590 948; baseline -0.002 -18"><span class='ocrx_word' id='word_1_24' title='bbox 633 866 808 931; x_wconf 83' lang='lat' dir='ltr'>vitae</span> <span class='ocrx_word' id='word_1_25' title='bbox 872 884 1129 948; x_wconf 91' lang='lat' dir='ltr'>genere.</span> <span class='ocrx_word' id='word_1_26' title='bbox 1221 862 1327 927; x_wconf 89' lang='lat' dir='ltr'>Ab</span> <span class='ocrx_word' id='word_1_27' title='bbox 1390 883 1596 927; x_wconf 85' lang='lat' dir='ltr'>uxore</span> <span class='ocrx_word' id='word_1_28' title='bbox 1660 863 1859 927; x_wconf 89' lang='lat' dir='ltr'>etiam</span> <span class='ocrx_word' id='word_1_29' title='bbox 1923 862 2132 927; x_wconf 91' lang='lat' dir='ltr'>multa</span> <span class='ocrx_word' id='word_1_30' title='bbox 2196 860 2590 927; x_wconf 87' lang='lat' dir='ltr'>offendicula</span> 
     </span>
     <span class='ocr_line' id='line_1_6' title="bbox 633 946 2590 1031; baseline -0.003 -15"><span class='ocrx_word' id='word_1_31' title='bbox 633 950 1031 1017; x_wconf 88' lang='lat' dir='ltr'>oriebantur.</span> <span class='ocrx_word' id='word_1_32' title='bbox 1095 946 1232 1014; x_wconf 82' lang='grc'><strong>8611</strong></span> <span class='ocrx_word' id='word_1_33' title='bbox 1266 948 1433 1013; x_wconf 87' lang='grc'><strong>611111</strong></span> <span class='ocrx_word' id='word_1_34' title='bbox 1469 949 1654 1031; x_wconf 84' lang='grc'><strong>116166</strong></span> <span class='ocrx_word' id='word_1_35' title='bbox 1698 970 1817 1014; x_wconf 89' lang='grc'>606</span> <span class='ocrx_word' id='word_1_36' title='bbox 1858 947 2143 1014; x_wconf 91' lang='lat' dir='ltr'>habebat</span> <span class='ocrx_word' id='word_1_37' title='bbox 2184 968 2377 1030; x_wconf 89' lang='lat' dir='ltr'>quam</span> <span class='ocrx_word' id='word_1_38' title='bbox 2414 946 2590 1029; x_wconf 91' lang='lat' dir='ltr'>quod</span> 
     </span>
     <span class='ocr_line' id='line_1_7' title="bbox 634 1033 2591 1118; baseline -0.002 -18"><span class='ocrx_word' id='word_1_39' title='bbox 634 1037 705 1100; x_wconf 92' lang='lat' dir='ltr'>in</span> <span class='ocrx_word' id='word_1_40' title='bbox 739 1035 1052 1118; x_wconf 76' lang='lat' dir='ltr'>cauponis</span> <span class='ocrx_word' id='word_1_41' title='bbox 1094 1035 1493 1116; x_wconf 83' lang='lat' dir='ltr'>frequentior</span> <span class='ocrx_word' id='word_1_42' title='bbox 1536 1046 1677 1099; x_wconf 89' lang='lat' dir='ltr'>erat</span> <span class='ocrx_word' id='word_1_43' title='bbox 1719 1056 1918 1116; x_wconf 90' lang='lat' dir='ltr'>quam</span> <span class='ocrx_word' id='word_1_44' title='bbox 1962 1033 2156 1098; x_wconf 90' lang='lat' dir='ltr'>domi.</span> <span class='ocrx_word' id='word_1_45' title='bbox 2218 1033 2411 1114; x_wconf 77' lang='lat' dir='ltr'>Quod</span> <span class='ocrx_word' id='word_1_46' title='bbox 2447 1033 2591 1097; x_wconf 89' lang='lat' dir='ltr'>fieri</span> 
     </span>
     <span class='ocr_line' id='line_1_8' title="bbox 635 1118 2591 1203; baseline -0.002 -18"><span class='ocrx_word' id='word_1_47' title='bbox 635 1142 768 1185; x_wconf 92' lang='lat' dir='ltr'>non</span> <span class='ocrx_word' id='word_1_48' title='bbox 833 1128 1093 1203; x_wconf 88' lang='lat' dir='ltr'>poterat</span> <span class='ocrx_word' id='word_1_49' title='bbox 1156 1121 1317 1203; x_wconf 91' lang='lat' dir='ltr'>quin</span> <span class='ocrx_word' id='word_1_50' title='bbox 1383 1131 1646 1185; x_wconf 86' lang='lat' dir='ltr'>voraret</span> <span class='ocrx_word' id='word_1_51' title='bbox 1697 1141 1828 1184; x_wconf 92' lang='lat' dir='ltr'>uno</span> <span class='ocrx_word' id='word_1_52' title='bbox 1884 1118 2163 1201; x_wconf 90' lang='lat' dir='ltr'>prandio</span> <span class='ocrx_word' id='word_1_53' title='bbox 2223 1118 2352 1183; x_wconf 89' lang='lat' dir='ltr'>diei</span> <span class='ocrx_word' id='word_1_54' title='bbox 2395 1119 2591 1183; x_wconf 89' lang='lat' dir='ltr'>unius</span> 
     </span>
     <span class='ocr_line' id='line_1_9' title="bbox 635 1203 2593 1291; baseline -0.002 -19"><span class='ocrx_word' id='word_1_55' title='bbox 635 1205 1039 1291; x_wconf 80' lang='lat' dir='ltr'>stipendium</span> <span class='ocrx_word' id='word_1_56' title='bbox 1104 1227 1230 1288; x_wconf 92' lang='lat' dir='ltr'>quo</span> <span class='ocrx_word' id='word_1_57' title='bbox 1294 1226 1365 1271; x_wconf 91' lang='lat' dir='ltr'>se</span> <span class='ocrx_word' id='word_1_58' title='bbox 1430 1213 1498 1270; x_wconf 91' lang='lat' dir='ltr'>et</span> <span class='ocrx_word' id='word_1_59' title='bbox 1559 1225 1838 1270; x_wconf 84' lang='lat' dir='ltr'>uxorem</span> <span class='ocrx_word' id='word_1_60' title='bbox 1903 1205 2078 1270; x_wconf 89' lang='lat' dir='ltr'>alere</span> <span class='ocrx_word' id='word_1_61' title='bbox 2151 1203 2455 1284; x_wconf 80' lang='lat' dir='ltr'>debebat,</span> <span class='ocrx_word' id='word_1_62' title='bbox 2524 1211 2593 1268; x_wconf 91' lang='lat' dir='ltr'>et</span> 
     </span>
     <span class='ocr_line' id='line_1_10' title="bbox 635 1290 2591 1375; baseline -0.002 -18"><span class='ocrx_word' id='word_1_63' title='bbox 635 1292 893 1358; x_wconf 89' lang='lat' dir='ltr'>interea</span> <span class='ocrx_word' id='word_1_64' title='bbox 935 1292 1121 1375; x_wconf 78' lang='lat' dir='ltr'>vulgi</span> <span class='ocrx_word' id='word_1_65' title='bbox 1179 1290 1590 1356; x_wconf 82' lang='lat' dir='ltr'>sermonibus</span> <span class='ocrx_word' id='word_1_66' title='bbox 1650 1312 1782 1355; x_wconf 93' lang='lat' dir='ltr'>non</span> <span class='ocrx_word' id='word_1_67' title='bbox 1828 1313 1899 1356; x_wconf 93' lang='lat' dir='ltr'>se</span> <span class='ocrx_word' id='word_1_68' title='bbox 1938 1290 2130 1354; x_wconf 92' lang='lat' dir='ltr'>modo</span> <span class='ocrx_word' id='word_1_69' title='bbox 2188 1290 2304 1355; x_wconf 90' lang='lat' dir='ltr'>sed</span> <span class='ocrx_word' id='word_1_70' title='bbox 2362 1310 2591 1354; x_wconf 90' lang='lat' dir='ltr'>omnes</span> 
     </span>
     <span class='ocr_line' id='line_1_11' title="bbox 632 1375 2590 1460; baseline -0.002 -17"><span class='ocrx_word' id='word_1_71' title='bbox 632 1380 969 1443; x_wconf 88' lang='lat' dir='ltr'>ministros</span> <span class='ocrx_word' id='word_1_72' title='bbox 1049 1385 1423 1460; x_wconf 81' lang='lat' dir='ltr'>exponeret.</span> <span class='ocrx_word' id='word_1_73' title='bbox 1536 1376 1810 1442; x_wconf 80' lang='lat' dir='ltr'>Sodales</span> <span class='ocrx_word' id='word_1_74' title='bbox 1889 1376 2173 1442; x_wconf 87' lang='lat' dir='ltr'>habebat</span> <span class='ocrx_word' id='word_1_75' title='bbox 2250 1375 2590 1440; x_wconf 83' lang='lat' dir='ltr'>helluones</span> 
     </span>
     <span class='ocr_line' id='line_1_12' title="bbox 636 1461 2593 1546; baseline -0.002 -17"><span class='ocrx_word' id='word_1_76' title='bbox 636 1461 955 1545; x_wconf 91' lang='lat' dir='ltr'>quosdam</span> <span class='ocrx_word' id='word_1_77' title='bbox 999 1463 1334 1546; x_wconf 82' lang='lat' dir='ltr'>prostituti</span> <span class='ocrx_word' id='word_1_78' title='bbox 1376 1462 1661 1546; x_wconf 88' lang='lat' dir='ltr'>pudoris,</span> <span class='ocrx_word' id='word_1_79' title='bbox 1705 1463 1819 1545; x_wconf 91' lang='lat' dir='ltr'>qui</span> <span class='ocrx_word' id='word_1_80' title='bbox 1861 1463 2203 1526; x_wconf 78' lang='lat' dir='ltr'>infamiam</span> <span class='ocrx_word' id='word_1_81' title='bbox 2247 1463 2593 1545; x_wconf 83' lang='lat' dir='ltr'>augebant.</span> 
     </span>
     <span class='ocr_line' id='line_1_13' title="bbox 636 1547 2593 1632; baseline -0.001 -19"><span class='ocrx_word' id='word_1_82' title='bbox 636 1547 864 1630; x_wconf 87' lang='grc'><strong>96661</strong></span> <span class='ocrx_word' id='word_1_83' title='bbox 921 1570 1029 1615; x_wconf 92' lang='grc'>606</span> <span class='ocrx_word' id='word_1_84' title='bbox 1085 1558 1347 1632; x_wconf 81' lang='lat' dir='ltr'>ceperat</span> <span class='ocrx_word' id='word_1_85' title='bbox 1400 1548 1581 1613; x_wconf 88' lang='lat' dir='ltr'>urbis</span> <span class='ocrx_word' id='word_1_86' title='bbox 1625 1547 1959 1613; x_wconf 87' lang='lat' dir='ltr'>fastidium</span> <span class='ocrx_word' id='word_1_87' title='bbox 1999 1548 2205 1612; x_wconf 88' lang='lat' dir='ltr'>animi</span> <span class='ocrx_word' id='word_1_88' title='bbox 2249 1567 2450 1612; x_wconf 88' lang='lat' dir='ltr'>causa</span> <span class='ocrx_word' id='word_1_89' title='bbox 2498 1547 2593 1613; x_wconf 88' lang='lat' dir='ltr'>sic</span> 
     </span>
     <span class='ocr_line' id='line_1_14' title="bbox 635 1632 2588 1718; baseline -0.002 -17"><span class='ocrx_word' id='word_1_90' title='bbox 635 1635 1140 1711; x_wconf 77' lang='lat' dir='ltr'>rusticabantur,</span> <span class='ocrx_word' id='word_1_91' title='bbox 1176 1641 1253 1701; x_wconf 90' lang='lat' dir='ltr'>ut</span> <span class='ocrx_word' id='word_1_92' title='bbox 1286 1635 1621 1718; x_wconf 89' lang='lat' dir='ltr'>aliquanto</span> <span class='ocrx_word' id='word_1_93' title='bbox 1656 1634 1803 1717; x_wconf 89' lang='lat' dir='ltr'>plus</span> <span class='ocrx_word' id='word_1_94' title='bbox 1831 1634 2131 1698; x_wconf 88' lang='lat' dir='ltr'>licentiae</span> <span class='ocrx_word' id='word_1_95' title='bbox 2153 1632 2588 1717; x_wconf 67' lang='lat' dir='ltr'>indulgerent</span> 
     </span>
     <span class='ocr_line' id='line_1_15' title="bbox 634 1718 2592 1804; baseline -0.001 -19"><span class='ocrx_word' id='word_1_96' title='bbox 634 1718 719 1785; x_wconf 93' lang='lat' dir='ltr'>Id</span> <span class='ocrx_word' id='word_1_97' title='bbox 751 1720 850 1786; x_wconf 90' lang='lat' dir='ltr'>illi</span> <span class='ocrx_word' id='word_1_98' title='bbox 883 1719 1137 1804; x_wconf 88' lang='lat' dir='ltr'>placide</span> <span class='ocrx_word' id='word_1_99' title='bbox 1180 1720 1293 1785; x_wconf 89' lang='lat' dir='ltr'>sed</span> <span class='ocrx_word' id='word_1_100' title='bbox 1338 1730 1561 1785; x_wconf 90' lang='lat' dir='ltr'>tamen</span> <span class='ocrx_word' id='word_1_101' title='bbox 1605 1740 1835 1785; x_wconf 83' lang='lat' dir='ltr'>severe</span> <span class='ocrx_word' id='word_1_102' title='bbox 1876 1719 2218 1802; x_wconf 84' lang='lat' dir='ltr'>aliquoties</span> <span class='ocrx_word' id='word_1_103' title='bbox 2253 1730 2592 1784; x_wconf 88' lang='lat' dir='ltr'>ostensum</span> 
     </span>
     <span class='ocr_line' id='line_1_16' title="bbox 633 1804 2594 1889; baseline -0.002 -17"><span class='ocrx_word' id='word_1_104' title='bbox 633 1807 776 1872; x_wconf 82' lang='lat' dir='ltr'>fuit.</span> <span class='ocrx_word' id='word_1_105' title='bbox 843 1808 1066 1889; x_wconf 85' lang='lat' dir='ltr'>Atqui,</span> <span class='ocrx_word' id='word_1_106' title='bbox 1104 1816 1420 1889; x_wconf 91' lang='lat' dir='ltr'>tanquam</span> <span class='ocrx_word' id='word_1_107' title='bbox 1463 1804 1896 1870; x_wconf 88' lang='lat' dir='ltr'>humanitatis</span> <span class='ocrx_word' id='word_1_108' title='bbox 1940 1805 2178 1871; x_wconf 88' lang='lat' dir='ltr'>oblitus</span> <span class='ocrx_word' id='word_1_109' title='bbox 2212 1805 2398 1881; x_wconf 89' lang='lat' dir='ltr'>foret,</span> <span class='ocrx_word' id='word_1_110' title='bbox 2444 1805 2594 1869; x_wconf 92' lang='lat' dir='ltr'>nul-</span> 
     </span>
     <span class='ocr_line' id='line_1_17' title="bbox 633 1888 2595 1975; baseline -0.002 -19"><span class='ocrx_word' id='word_1_111' title='bbox 633 1892 778 1957; x_wconf 92' lang='lat' dir='ltr'>lum</span> <span class='ocrx_word' id='word_1_112' title='bbox 821 1892 1309 1975; x_wconf 86' lang='lat' dir='ltr'>resipiscentiae</span> <span class='ocrx_word' id='word_1_113' title='bbox 1353 1892 1618 1975; x_wconf 92' lang='lat' dir='ltr'>signum</span> <span class='ocrx_word' id='word_1_114' title='bbox 1669 1891 1988 1974; x_wconf 88' lang='lat' dir='ltr'>praebuit.</span> <span class='ocrx_word' id='word_1_115' title='bbox 2079 1890 2251 1955; x_wconf 90' lang='lat' dir='ltr'>Nam</span> <span class='ocrx_word' id='word_1_116' title='bbox 2296 1890 2468 1955; x_wconf 87' lang='lat' dir='ltr'>sicut</span> <span class='ocrx_word' id='word_1_117' title='bbox 2511 1888 2595 1954; x_wconf 89' lang='lat' dir='ltr'>ad</span> 
     </span>
     <span class='ocr_line' id='line_1_18' title="bbox 635 1976 2594 2061; baseline -0.001 -19"><span class='ocrx_word' id='word_1_118' title='bbox 635 1978 863 2061; x_wconf 90' lang='lat' dir='ltr'>populi</span> <span class='ocrx_word' id='word_1_119' title='bbox 926 1978 1171 2043; x_wconf 85' lang='lat' dir='ltr'>famam</span> <span class='ocrx_word' id='word_1_120' title='bbox 1231 1976 1651 2057; x_wconf 86' lang='lat' dir='ltr'>occalluerat,</span> <span class='ocrx_word' id='word_1_121' title='bbox 1716 1977 1812 2042; x_wconf 89' lang='lat' dir='ltr'>ita</span> <span class='ocrx_word' id='word_1_122' title='bbox 1876 1982 2135 2042; x_wconf 87' lang='lat' dir='ltr'>nostras</span> <span class='ocrx_word' id='word_1_123' title='bbox 2199 1976 2594 2041; x_wconf 88' lang='lat' dir='ltr'>monitiones</span> 
     </span>
     <span class='ocr_line' id='line_1_19' title="bbox 636 2060 2593 2147; baseline -0.003 -18"><span class='ocrx_word' id='word_1_124' title='bbox 636 2085 844 2147; x_wconf 86' lang='lat' dir='ltr'>parvo</span> <span class='ocrx_word' id='word_1_125' title='bbox 910 2064 1300 2129; x_wconf 82' lang='lat' dir='ltr'>aestimavit.</span> <span class='ocrx_word' id='word_1_126' title='bbox 1405 2063 1586 2146; x_wconf 86' lang='lat' dir='ltr'>Ergo</span> <span class='ocrx_word' id='word_1_127' title='bbox 1653 2062 1784 2128; x_wconf 90' lang='lat' dir='ltr'>nisi</span> <span class='ocrx_word' id='word_1_128' title='bbox 1848 2062 2184 2127; x_wconf 90' lang='lat' dir='ltr'>hominem</span> <span class='ocrx_word' id='word_1_129' title='bbox 2263 2060 2593 2145; x_wconf 89' lang='lat' dir='ltr'>perditum</span> 
     </span>
     <span class='ocr_line' id='line_1_20' title="bbox 635 2145 2595 2227; baseline -0.003 -11"><span class='ocrx_word' id='word_1_130' title='bbox 635 2150 985 2226; x_wconf 77' lang='lat' dir='ltr'>vellemus,</span> <span class='ocrx_word' id='word_1_131' title='bbox 1031 2146 1395 2214; x_wconf 90' lang='lat' dir='ltr'>remedium</span> <span class='ocrx_word' id='word_1_132' title='bbox 1438 2149 1627 2213; x_wconf 94' lang='lat' dir='ltr'>nobis</span> <span class='ocrx_word' id='word_1_133' title='bbox 1669 2168 1876 2213; x_wconf 88' lang='lat' dir='ltr'>unum</span> <span class='ocrx_word' id='word_1_134' title='bbox 1920 2147 2229 2227; x_wconf 89' lang='lat' dir='ltr'>restabat,</span> <span class='ocrx_word' id='word_1_135' title='bbox 2274 2168 2313 2211; x_wconf 88' lang='lat' dir='ltr'>a</span> <span class='ocrx_word' id='word_1_136' title='bbox 2356 2145 2595 2212; x_wconf 88' lang='lat' dir='ltr'>sodali·</span> 
     </span>
     <span class='ocr_line' id='line_1_21' title="bbox 637 2233 2592 2318; baseline -0.002 -19"><span class='ocrx_word' id='word_1_137' title='bbox 637 2236 768 2312; x_wconf 87' lang='lat' dir='ltr'>tiis,</span> <span class='ocrx_word' id='word_1_138' title='bbox 816 2236 1054 2318; x_wconf 90' lang='lat' dir='ltr'>quibus</span> <span class='ocrx_word' id='word_1_139' title='bbox 1099 2244 1332 2318; x_wconf 91' lang='lat' dir='ltr'>sponte</span> <span class='ocrx_word' id='word_1_140' title='bbox 1375 2253 1715 2317; x_wconf 88' lang='lat' dir='ltr'>nunquam</span> <span class='ocrx_word' id='word_1_141' title='bbox 1760 2235 2223 2309; x_wconf 85' lang='lat' dir='ltr'>renunciasset,</span> <span class='ocrx_word' id='word_1_142' title='bbox 2273 2253 2428 2297; x_wconf 92' lang='lat' dir='ltr'>eum</span> <span class='ocrx_word' id='word_1_143' title='bbox 2452 2233 2592 2297; x_wconf 91' lang='lat' dir='ltr'>-loci</span> 
     </span>
     <span class='ocr_line' id='line_1_22' title="bbox 638 2319 2597 2402; baseline -0.001 -17"><span class='ocrx_word' id='word_1_144' title='bbox 638 2319 951 2385; x_wconf 87' lang='lat' dir='ltr'>distantia</span> <span class='ocrx_word' id='word_1_145' title='bbox 993 2340 1349 2386; x_wconf 84' lang='lat' dir='ltr'>removere.</span> <span class='ocrx_word' id='word_1_146' title='bbox 1411 2320 1541 2384; x_wconf 88' lang='lat' dir='ltr'>Est</span> <span class='ocrx_word' id='word_1_147' title='bbox 1581 2321 1654 2383; x_wconf 89' lang='lat' dir='ltr'>in</span> <span class='ocrx_word' id='word_1_148' title='bbox 1698 2321 2105 2402; x_wconf 87' lang='lat' dir='ltr'>praefectura</span> <span class='ocrx_word' id='word_1_149' title='bbox 2148 2320 2597 2384; x_wconf 77' lang='lat' dir='ltr'>&#39;Ponnoniensi</span> 
     </span>
     <span class='ocr_line' id='line_1_23' title="bbox 636 2404 2595 2490; baseline -0.001 -19"><span class='ocrx_word' id='word_1_150' title='bbox 636 2406 980 2490; x_wconf 88' lang='lat' dir='ltr'>parochia,</span> <span class='ocrx_word' id='word_1_151' title='bbox 1036 2405 1233 2472; x_wconf 91' lang='lat' dir='ltr'>huius</span> <span class='ocrx_word' id='word_1_152' title='bbox 1276 2405 1585 2471; x_wconf 87' lang='lat' dir='ltr'>ecclesiae</span> <span class='ocrx_word' id='word_1_153' title='bbox 1629 2404 2012 2470; x_wconf 85' lang='lat' dir='ltr'>membrum.</span> <span class='ocrx_word' id='word_1_154' title='bbox 2103 2405 2412 2470; x_wconf 85' lang='lat' dir='ltr'>Minister</span> <span class='ocrx_word' id='word_1_155' title='bbox 2455 2407 2595 2469; x_wconf 91' lang='grc'><strong>6166</strong></span> 
     </span>
     <span class='ocr_line' id='line_1_24' title="bbox 637 2490 2596 2575; baseline -0.001 -19"><span class='ocrx_word' id='word_1_156' title='bbox 637 2491 761 2557; x_wconf 85' lang='grc'><strong>1061</strong></span> <span class='ocrx_word' id='word_1_157' title='bbox 808 2492 1004 2575; x_wconf 86' lang='lat' dir='ltr'>paulo</span> <span class='ocrx_word' id='word_1_158' title='bbox 1040 2504 1194 2557; x_wconf 91' lang='lat' dir='ltr'>ante</span> <span class='ocrx_word' id='word_1_159' title='bbox 1230 2500 1529 2556; x_wconf 91' lang='lat' dir='ltr'>mortuus</span> <span class='ocrx_word' id='word_1_160' title='bbox 1565 2500 1723 2555; x_wconf 90' lang='lat' dir='ltr'>erat.</span> <span class='ocrx_word' id='word_1_161' title='bbox 1785 2490 2014 2557; x_wconf 88' lang='lat' dir='ltr'>Donec</span> <span class='ocrx_word' id='word_1_162' title='bbox 2054 2510 2387 2556; x_wconf 87' lang='lat' dir='ltr'>successor</span> <span class='ocrx_word' id='word_1_163' title='bbox 2424 2499 2596 2555; x_wconf 90' lang='lat' dir='ltr'>esset</span> 
     </span>
     <span class='ocr_line' id='line_1_25' title="bbox 637 2576 2591 2660; baseline -0.001 -18"><span class='ocrx_word' id='word_1_164' title='bbox 637 2577 1014 2656; x_wconf 90' lang='lat' dir='ltr'>ordinatus,</span> <span class='ocrx_word' id='word_1_165' title='bbox 1067 2598 1240 2642; x_wconf 90' lang='lat' dir='ltr'>unus</span> <span class='ocrx_word' id='word_1_166' title='bbox 1283 2599 1368 2641; x_wconf 82' lang='lat' dir='ltr'>ex</span> <span class='ocrx_word' id='word_1_167' title='bbox 1411 2577 1599 2642; x_wconf 91' lang='lat' dir='ltr'>nobis</span> <span class='ocrx_word' id='word_1_168' title='bbox 1656 2576 1812 2641; x_wconf 92' lang='lat' dir='ltr'>illuc</span> <span class='ocrx_word' id='word_1_169' title='bbox 1857 2576 1962 2641; x_wconf 91' lang='lat' dir='ltr'>die</span> <span class='ocrx_word' id='word_1_170' title='bbox 2007 2576 2330 2642; x_wconf 89' lang='lat' dir='ltr'>dominico</span> <span class='ocrx_word' id='word_1_171' title='bbox 2391 2577 2591 2660; x_wconf 86' lang='lat' dir='ltr'>profi-</span> 
     </span>
     <span class='ocr_line' id='line_1_26' title="bbox 638 2662 2597 2729; baseline -0.001 -1"><span class='ocrx_word' id='word_1_172' title='bbox 638 2663 1018 2729; x_wconf 87' lang='lat' dir='ltr'>ciscebatur.</span> <span class='ocrx_word' id='word_1_173' title='bbox 1107 2663 1198 2727; x_wconf 85' lang='lat' dir='ltr'>Et</span> <span class='ocrx_word' id='word_1_174' title='bbox 1249 2664 1385 2727; x_wconf 91' lang='lat' dir='ltr'>iam</span> <span class='ocrx_word' id='word_1_175' title='bbox 1437 2682 1664 2727; x_wconf 91' lang='lat' dir='ltr'>omnes</span> <span class='ocrx_word' id='word_1_176' title='bbox 1720 2662 1902 2727; x_wconf 90' lang='lat' dir='ltr'>urbis</span> <span class='ocrx_word' id='word_1_177' title='bbox 1946 2662 2231 2727; x_wconf 86' lang='lat' dir='ltr'>ministri</span> <span class='ocrx_word' id='word_1_178' title='bbox 2285 2662 2429 2727; x_wconf 85' lang='lat' dir='ltr'>vice</span> <span class='ocrx_word' id='word_1_179' title='bbox 2474 2683 2597 2726; x_wconf 90' lang='lat' dir='ltr'>sua</span> 
     </span>
     <span class='ocr_line' id='line_1_27' title="bbox 638 2746 2598 2833; baseline -0.001 -19"><span class='ocrx_word' id='word_1_180' title='bbox 638 2750 968 2833; x_wconf 87' lang='lat' dir='ltr'>perfuncti</span> <span class='ocrx_word' id='word_1_181' title='bbox 1011 2757 1221 2829; x_wconf 87' lang='lat' dir='ltr'>erant,</span> <span class='ocrx_word' id='word_1_182' title='bbox 1266 2758 1530 2830; x_wconf 88' lang='lat' dir='ltr'>praeter</span> <span class='ocrx_word' id='word_1_183' title='bbox 1580 2746 1917 2817; x_wconf 76' lang='lat' dir='ltr'>Calvinum</span> <span class='ocrx_word' id='word_1_184' title='bbox 1951 2759 2018 2813; x_wconf 91' lang='lat' dir='ltr'>et</span> <span class='ocrx_word' id='word_1_185' title='bbox 2050 2748 2259 2812; x_wconf 88' lang='lat' dir='ltr'>illum.</span> <span class='ocrx_word' id='word_1_186' title='bbox 2316 2747 2598 2830; x_wconf 88' lang='lat' dir='ltr'>Recepit</span> 
     </span>
     <span class='ocr_line' id='line_1_28' title="bbox 639 2832 2598 2917; baseline -0.002 -17"><span class='ocrx_word' id='word_1_187' title='bbox 639 2855 797 2917; x_wconf 90' lang='lat' dir='ltr'>ergo</span> <span class='ocrx_word' id='word_1_188' title='bbox 833 2857 903 2899; x_wconf 90' lang='lat' dir='ltr'>se</span> <span class='ocrx_word' id='word_1_189' title='bbox 937 2837 1205 2900; x_wconf 89' lang='lat' dir='ltr'>iturum.</span> <span class='ocrx_word' id='word_1_190' title='bbox 1265 2832 1593 2899; x_wconf 87' lang='lat' dir='ltr'>Postridie</span> <span class='ocrx_word' id='word_1_191' title='bbox 1635 2834 1925 2898; x_wconf 88' lang='lat' dir='ltr'>innotuit</span> <span class='ocrx_word' id='word_1_192' title='bbox 1968 2834 2159 2899; x_wconf 92' lang='lat' dir='ltr'>domo</span> <span class='ocrx_word' id='word_1_193' title='bbox 2197 2832 2430 2916; x_wconf 90' lang='lat' dir='ltr'>pedem</span> <span class='ocrx_word' id='word_1_194' title='bbox 2464 2855 2598 2898; x_wconf 91' lang='lat' dir='ltr'>non</span> 
     </span>
     <span class='ocr_line' id='line_1_29' title="bbox 638 2918 2598 3002; baseline -0.001 -17"><span class='ocrx_word' id='word_1_195' title='bbox 638 2921 942 2986; x_wconf 81' lang='lat' dir='ltr'>movisse.</span> <span class='ocrx_word' id='word_1_196' title='bbox 1030 2919 1167 2986; x_wconf 92' lang='lat' dir='ltr'>Nos</span> <span class='ocrx_word' id='word_1_197' title='bbox 1209 2919 1502 2984; x_wconf 81' lang='lat' dir='ltr'>ministri</span> <span class='ocrx_word' id='word_1_198' title='bbox 1556 2919 1739 2985; x_wconf 88' lang='lat' dir='ltr'>urbis</span> <span class='ocrx_word' id='word_1_199' title='bbox 1782 2940 1918 2983; x_wconf 93' lang='lat' dir='ltr'>non</span> <span class='ocrx_word' id='word_1_200' title='bbox 1962 2920 2242 3002; x_wconf 89' lang='lat' dir='ltr'>amplius</span> <span class='ocrx_word' id='word_1_201' title='bbox 2288 2918 2598 2984; x_wconf 89' lang='lat' dir='ltr'>differen-</span> 
     </span>
     <span class='ocr_line' id='line_1_30' title="bbox 640 3004 2595 3087; baseline -0.001 -16"><span class='ocrx_word' id='word_1_202' title='bbox 640 3005 800 3071; x_wconf 90' lang='lat' dir='ltr'>dum</span> <span class='ocrx_word' id='word_1_203' title='bbox 876 3006 1250 3071; x_wconf 86' lang='lat' dir='ltr'>censuimus</span> <span class='ocrx_word' id='word_1_204' title='bbox 1328 3004 1490 3087; x_wconf 90' lang='lat' dir='ltr'>quin</span> <span class='ocrx_word' id='word_1_205' title='bbox 1557 3005 1718 3071; x_wconf 91' lang='grc'><strong>11166</strong></span> <span class='ocrx_word' id='word_1_206' title='bbox 1781 3006 2175 3071; x_wconf 87' lang='lat' dir='ltr'>mitteretur.</span> <span class='ocrx_word' id='word_1_207' title='bbox 2266 3004 2595 3070; x_wconf 90' lang='lat' dir='ltr'>Iudicium</span> 
     </span>
     <span class='ocr_line' id='line_1_31' title="bbox 639 3090 2597 3175; baseline 0.001 -19"><span class='ocrx_word' id='word_1_208' title='bbox 639 3101 945 3159; x_wconf 80' lang='lat' dir='ltr'>nostrum</span> <span class='ocrx_word' id='word_1_209' title='bbox 989 3102 1257 3158; x_wconf 86' lang='lat' dir='ltr'>senatus</span> <span class='ocrx_word' id='word_1_210' title='bbox 1300 3092 1768 3175; x_wconf 87' lang='lat' dir='ltr'>comprobavit.</span> <span class='ocrx_word' id='word_1_211' title='bbox 1843 3090 2069 3173; x_wconf 89' lang='grc'><strong>96616</strong></span> <span class='ocrx_word' id='word_1_212' title='bbox 2115 3103 2334 3157; x_wconf 89' lang='lat' dir='ltr'>tamen</span> <span class='ocrx_word' id='word_1_213' title='bbox 2380 3091 2597 3158; x_wconf 89' lang='grc'><strong>6111166</strong></span> 
     </span>
     <span class='ocr_line' id='line_1_32' title="bbox 639 3176 2597 3261; baseline -0.001 -19"><span class='ocrx_word' id='word_1_214' title='bbox 639 3177 941 3243; x_wconf 91' lang='lat' dir='ltr'>nonnihil</span> <span class='ocrx_word' id='word_1_215' title='bbox 998 3179 1443 3261; x_wconf 84' lang='lat' dir='ltr'>refragaretur</span> <span class='ocrx_word' id='word_1_216' title='bbox 1458 3229 1473 3256; x_wconf 94' lang='lat'>,</span> <span class='ocrx_word' id='word_1_217' title='bbox 1532 3184 1671 3243; x_wconf 87' lang='lat' dir='ltr'>tota</span> <span class='ocrx_word' id='word_1_218' title='bbox 1725 3178 2003 3242; x_wconf 85' lang='lat' dir='ltr'>fratrum</span> <span class='ocrx_word' id='word_1_219' title='bbox 2058 3178 2485 3260; x_wconf 87' lang='lat' dir='ltr'>congregatio</span> <span class='ocrx_word' id='word_1_220' title='bbox 2527 3176 2597 3241; x_wconf 91' lang='lat' dir='ltr'>id</span> 
     </span>
     <span class='ocr_line' id='line_1_33' title="bbox 642 3262 2597 3346; baseline -0.001 -17"><span class='ocrx_word' id='word_1_221' title='bbox 642 3264 854 3329; x_wconf 86' lang='lat' dir='ltr'>scivit.</span> <span class='ocrx_word' id='word_1_222' title='bbox 946 3265 1193 3329; x_wconf 87' lang='lat' dir='ltr'>Passus</span> <span class='ocrx_word' id='word_1_223' title='bbox 1248 3272 1348 3328; x_wconf 90' lang='lat' dir='ltr'>est</span> <span class='ocrx_word' id='word_1_224' title='bbox 1402 3264 1624 3346; x_wconf 85' lang='lat' dir='ltr'>itaque</span> <span class='ocrx_word' id='word_1_225' title='bbox 1685 3282 1756 3328; x_wconf 92' lang='lat' dir='ltr'>se</span> <span class='ocrx_word' id='word_1_226' title='bbox 1800 3262 2092 3328; x_wconf 87' lang='lat' dir='ltr'>ordinari</span> <span class='ocrx_word' id='word_1_227' title='bbox 2132 3263 2267 3327; x_wconf 89' lang='grc'><strong>11116</strong></span> <span class='ocrx_word' id='word_1_228' title='bbox 2309 3283 2349 3328; x_wconf 90' lang='grc'>6</span> <span class='ocrx_word' id='word_1_229' title='bbox 2390 3264 2597 3328; x_wconf 88' lang='lat' dir='ltr'>fratre</span> 
     </span>
     <span class='ocr_line' id='line_1_34' title="bbox 638 3347 2597 3432; baseline -0.001 -18"><span class='ocrx_word' id='word_1_230' title='bbox 638 3360 867 3415; x_wconf 89' lang='lat' dir='ltr'>nostro</span> <span class='ocrx_word' id='word_1_231' title='bbox 915 3348 1194 3415; x_wconf 79' lang='lat' dir='ltr'>Calvino,</span> <span class='ocrx_word' id='word_1_232' title='bbox 1281 3348 1418 3413; x_wconf 89' lang='lat' dir='ltr'>Nos</span> <span class='ocrx_word' id='word_1_233' title='bbox 1475 3349 1637 3432; x_wconf 87' lang='lat' dir='ltr'>quid</span> <span class='ocrx_word' id='word_1_234' title='bbox 1690 3350 1932 3415; x_wconf 90' lang='lat' dir='ltr'>sentiat</span> <span class='ocrx_word' id='word_1_235' title='bbox 1984 3349 2096 3413; x_wconf 93' lang='grc'><strong>1116</strong></span> <span class='ocrx_word' id='word_1_236' title='bbox 2148 3371 2233 3414; x_wconf 90' lang='grc'>61</span> <span class='ocrx_word' id='word_1_237' title='bbox 2289 3347 2597 3432; x_wconf 87' lang='lat' dir='ltr'>operibus</span> 
     </span>
     <span class='ocr_line' id='line_1_35' title="bbox 639 3431 2597 3518; baseline 0 -16"><span class='ocrx_word' id='word_1_238' title='bbox 639 3437 991 3502; x_wconf 86' lang='lat' dir='ltr'>cernimus.</span> <span class='ocrx_word' id='word_1_239' title='bbox 1080 3431 1214 3499; x_wconf 88' lang='grc'><strong>8611</strong></span> <span class='ocrx_word' id='word_1_240' title='bbox 1268 3432 1499 3499; x_wconf 87' lang='grc'><strong>1611616</strong></span> <span class='ocrx_word' id='word_1_241' title='bbox 1558 3435 1879 3518; x_wconf 86' lang='lat' dir='ltr'>puerilem</span> <span class='ocrx_word' id='word_1_242' title='bbox 1923 3455 2066 3500; x_wconf 89' lang='lat' dir='ltr'>esse</span> <span class='ocrx_word' id='word_1_243' title='bbox 2110 3453 2247 3498; x_wconf 94' lang='lat' dir='ltr'>non</span> <span class='ocrx_word' id='word_1_244' title='bbox 2287 3442 2597 3518; x_wconf 86' lang='lat' dir='ltr'>putamus</span> 
     </span>
     <span class='ocr_line' id='line_1_36' title="bbox 639 3518 2600 3605; baseline 0.001 -20"><span class='ocrx_word' id='word_1_245' title='bbox 639 3541 844 3605; x_wconf 89' lang='lat' dir='ltr'>quum</span> <span class='ocrx_word' id='word_1_246' title='bbox 904 3520 1164 3587; x_wconf 90' lang='lat' dir='ltr'>solenni</span> <span class='ocrx_word' id='word_1_247' title='bbox 1218 3520 1353 3584; x_wconf 90' lang='lat' dir='ltr'>ritu</span> <span class='ocrx_word' id='word_1_248' title='bbox 1407 3518 1733 3586; x_wconf 89' lang='lat' dir='ltr'>addicitur</span> <span class='ocrx_word' id='word_1_249' title='bbox 1783 3520 1903 3585; x_wconf 90' lang='lat' dir='ltr'>uni</span> <span class='ocrx_word' id='word_1_250' title='bbox 1945 3519 2255 3586; x_wconf 89' lang='lat' dir='ltr'>ecclesiae</span> <span class='ocrx_word' id='word_1_251' title='bbox 2297 3521 2600 3586; x_wconf 87' lang='lat' dir='ltr'>minister</span> 
     </span>
     <span class='ocr_line' id='line_1_37' title="bbox 640 3605 2596 3689; baseline -0.001 -17"><span class='ocrx_word' id='word_1_252' title='bbox 640 3627 793 3672; x_wconf 90' lang='lat' dir='ltr'>cum</span> <span class='ocrx_word' id='word_1_253' title='bbox 836 3607 1099 3689; x_wconf 89' lang='lat' dir='ltr'>publica</span> <span class='ocrx_word' id='word_1_254' title='bbox 1140 3607 1426 3671; x_wconf 90' lang='lat' dir='ltr'>nominis</span> <span class='ocrx_word' id='word_1_255' title='bbox 1471 3605 1602 3672; x_wconf 90' lang='lat' dir='ltr'>Dei</span> <span class='ocrx_word' id='word_1_256' title='bbox 1645 3606 2074 3672; x_wconf 84' lang='lat' dir='ltr'>invocatione.</span> <span class='ocrx_word' id='word_1_257' title='bbox 2165 3605 2360 3671; x_wconf 89' lang='lat' dir='ltr'>Nunc</span> <span class='ocrx_word' id='word_1_258' title='bbox 2399 3606 2596 3671; x_wconf 88' lang='lat' dir='ltr'>intel-</span> 
     </span>
     <span class='ocr_line' id='line_1_38' title="bbox 638 3689 2596 3776; baseline 0 -20"><span class='ocrx_word' id='word_1_259' title='bbox 638 3691 824 3775; x_wconf 89' lang='lat' dir='ltr'>ligite</span> <span class='ocrx_word' id='word_1_260' title='bbox 859 3690 1014 3776; x_wconf 89' lang='lat' dir='ltr'>quid</span> <span class='ocrx_word' id='word_1_261' title='bbox 1059 3701 1407 3775; x_wconf 89' lang='lat' dir='ltr'>sequutum</span> <span class='ocrx_word' id='word_1_262' title='bbox 1441 3692 1541 3756; x_wconf 88' lang='lat' dir='ltr'>sit.</span> <span class='ocrx_word' id='word_1_263' title='bbox 1602 3689 1934 3771; x_wconf 79' lang='lat' dir='ltr'>Quoniam</span> <span class='ocrx_word' id='word_1_264' title='bbox 1980 3712 2148 3756; x_wconf 80' lang='grc'><strong>6101·</strong></span> <span class='ocrx_word' id='word_1_265' title='bbox 2189 3700 2334 3756; x_wconf 89' lang='lat' dir='ltr'>erat</span> <span class='ocrx_word' id='word_1_266' title='bbox 2374 3693 2596 3775; x_wconf 88' lang='lat' dir='ltr'>partui</span> 
     </span>
     <span class='ocr_line' id='line_1_39' title="bbox 640 3777 2595 3859; baseline 0.001 -18"><span class='ocrx_word' id='word_1_267' title='bbox 640 3779 857 3843; x_wconf 80' lang='lat' dir='ltr'>vicina</span> <span class='ocrx_word' id='word_1_268' title='bbox 901 3778 1161 3843; x_wconf 79' lang='lat' dir='ltr'>veniam</span> <span class='ocrx_word' id='word_1_269' title='bbox 1205 3777 1332 3843; x_wconf 89' lang='lat' dir='ltr'>sibi</span> <span class='ocrx_word' id='word_1_270' title='bbox 1375 3777 1517 3842; x_wconf 89' lang='lat' dir='ltr'>dari</span> <span class='ocrx_word' id='word_1_271' title='bbox 1561 3778 1750 3859; x_wconf 89' lang='lat' dir='ltr'>petiit</span> <span class='ocrx_word' id='word_1_272' title='bbox 1791 3779 1846 3842; x_wconf 90' lang='lat' dir='ltr'>si</span> <span class='ocrx_word' id='word_1_273' title='bbox 1891 3798 2026 3842; x_wconf 91' lang='lat' dir='ltr'>non</span> <span class='ocrx_word' id='word_1_274' title='bbox 2070 3789 2205 3842; x_wconf 87' lang='lat' dir='ltr'>tam</span> <span class='ocrx_word' id='word_1_275' title='bbox 2242 3777 2369 3843; x_wconf 89' lang='lat' dir='ltr'>cito</span> <span class='ocrx_word' id='word_1_276' title='bbox 2404 3779 2595 3842; x_wconf 84' lang='lat' dir='ltr'>fami-</span> 
     </span>
     <span class='ocr_line' id='line_1_40' title="bbox 638 3861 2598 3945; baseline 0 -16"><span class='ocrx_word' id='word_1_277' title='bbox 638 3862 800 3929; x_wconf 88' lang='lat' dir='ltr'>liam</span> <span class='ocrx_word' id='word_1_278' title='bbox 861 3872 930 3928; x_wconf 93' lang='lat' dir='ltr'>et</span> <span class='ocrx_word' id='word_1_279' title='bbox 992 3861 1460 3945; x_wconf 89' lang='lat' dir='ltr'>supellectilem</span> <span class='ocrx_word' id='word_1_280' title='bbox 1539 3884 1727 3928; x_wconf 90' lang='lat' dir='ltr'>suam</span> <span class='ocrx_word' id='word_1_281' title='bbox 1791 3863 1946 3928; x_wconf 91' lang='lat' dir='ltr'>illuc</span> <span class='ocrx_word' id='word_1_282' title='bbox 2013 3864 2414 3928; x_wconf 87' lang='lat' dir='ltr'>transferret.</span> <span class='ocrx_word' id='word_1_283' title='bbox 2506 3863 2598 3930; x_wconf 84' lang='lat' dir='ltr'>Se</span> 
     </span>
     <span class='ocr_line' id='line_1_41' title="bbox 638 3947 2598 4016; baseline 0.001 -2"><span class='ocrx_word' id='word_1_284' title='bbox 638 3959 864 4014; x_wconf 87' lang='lat' dir='ltr'>tamen</span> <span class='ocrx_word' id='word_1_285' title='bbox 892 3950 1148 4014; x_wconf 88' lang='lat' dir='ltr'>interea</span> <span class='ocrx_word' id='word_1_286' title='bbox 1180 3969 1314 4013; x_wconf 91' lang='grc'>606</span> <span class='ocrx_word' id='word_1_287' title='bbox 1351 3947 1729 4013; x_wconf 88' lang='lat' dir='ltr'>defuturum</span> <span class='ocrx_word' id='word_1_288' title='bbox 1754 3948 2191 4015; x_wconf 89' lang='lat' dir='ltr'>concionibus.</span> <span class='ocrx_word' id='word_1_289' title='bbox 2238 3948 2598 4016; x_wconf 89' lang='lat' dir='ltr'>Dilationis</span> 
     </span>
     <span class='ocr_line' id='line_1_42' title="bbox 638 4032 2600 4118; baseline 0.001 -19"><span class='ocrx_word' id='word_1_290' title='bbox 638 4036 836 4100; x_wconf 81' lang='lat' dir='ltr'>venia</span> <span class='ocrx_word' id='word_1_291' title='bbox 868 4034 968 4099; x_wconf 88' lang='lat' dir='ltr'>illi</span> <span class='ocrx_word' id='word_1_292' title='bbox 1004 4033 1153 4098; x_wconf 89' lang='lat' dir='ltr'>data</span> <span class='ocrx_word' id='word_1_293' title='bbox 1187 4042 1288 4099; x_wconf 92' lang='lat' dir='ltr'>est</span> <span class='ocrx_word' id='word_1_294' title='bbox 1322 4032 1406 4098; x_wconf 88' lang='lat' dir='ltr'>ad</span> <span class='ocrx_word' id='word_1_295' title='bbox 1440 4043 1694 4099; x_wconf 91' lang='lat' dir='ltr'>certum</span> <span class='ocrx_word' id='word_1_296' title='bbox 1731 4043 2007 4117; x_wconf 89' lang='lat' dir='ltr'>tempus.</span> <span class='ocrx_word' id='word_1_297' title='bbox 2074 4035 2225 4101; x_wconf 88' lang='lat' dir='ltr'>Non</span> <span class='ocrx_word' id='word_1_298' title='bbox 2267 4037 2600 4118; x_wconf 88' lang='lat' dir='ltr'>praestitit</span> 
     </span>
     <span class='ocr_line' id='line_1_43' title="bbox 640 4118 2598 4205; baseline 0.002 -21"><span class='ocrx_word' id='word_1_299' title='bbox 640 4119 813 4202; x_wconf 91' lang='lat' dir='ltr'>quod</span> <span class='ocrx_word' id='word_1_300' title='bbox 871 4121 1277 4205; x_wconf 85' lang='lat' dir='ltr'>promiserat.</span> <span class='ocrx_word' id='word_1_301' title='bbox 1368 4118 1665 4185; x_wconf 81' lang='lat' dir='ltr'>Subinde</span> <span class='ocrx_word' id='word_1_302' title='bbox 1718 4120 1897 4184; x_wconf 92' lang='lat' dir='ltr'>enim</span> <span class='ocrx_word' id='word_1_303' title='bbox 1941 4120 2281 4204; x_wconf 90' lang='lat' dir='ltr'>eligendus</span> <span class='ocrx_word' id='word_1_304' title='bbox 2325 4131 2471 4187; x_wconf 88' lang='lat' dir='ltr'>erat</span> <span class='ocrx_word' id='word_1_305' title='bbox 2513 4143 2598 4188; x_wconf 90' lang='grc'>61</span> 
     </span>
     <span class='ocr_line' id='line_1_44' title="bbox 638 4204 2596 4288; baseline 0.002 -19"><span class='ocrx_word' id='word_1_306' title='bbox 638 4204 830 4270; x_wconf 88' lang='grc'><strong>601116</strong></span> <span class='ocrx_word' id='word_1_307' title='bbox 873 4205 984 4288; x_wconf 90' lang='grc'><strong>1161</strong></span> <span class='ocrx_word' id='word_1_308' title='bbox 1030 4204 1283 4270; x_wconf 91' lang='lat' dir='ltr'>subiret</span> <span class='ocrx_word' id='word_1_309' title='bbox 1323 4204 1464 4269; x_wconf 87' lang='lat' dir='ltr'>eius</span> <span class='ocrx_word' id='word_1_310' title='bbox 1506 4206 1701 4271; x_wconf 85' lang='lat' dir='ltr'>vices.</span> <span class='ocrx_word' id='word_1_311' title='bbox 1790 4205 2055 4271; x_wconf 87' lang='lat' dir='ltr'>Interea</span> <span class='ocrx_word' id='word_1_312' title='bbox 2098 4208 2293 4272; x_wconf 89' lang='lat' dir='ltr'>certis</span> <span class='ocrx_word' id='word_1_313' title='bbox 2337 4205 2596 4274; x_wconf 88' lang='lat' dir='ltr'>indiciis</span> 
     </span>
     <span class='ocr_line' id='line_1_45' title="bbox 640 4289 2597 4372; baseline 0.002 -16"><span class='ocrx_word' id='word_1_314' title='bbox 640 4291 1105 4357; x_wconf 88' lang='lat' dir='ltr'>olfaciebamus</span> <span class='ocrx_word' id='word_1_315' title='bbox 1148 4290 1275 4355; x_wconf 90' lang='lat' dir='ltr'>alio</span> <span class='ocrx_word' id='word_1_316' title='bbox 1317 4310 1469 4355; x_wconf 90' lang='lat' dir='ltr'>eum</span> <span class='ocrx_word' id='word_1_317' title='bbox 1514 4289 1867 4372; x_wconf 88' lang='lat' dir='ltr'>adspirare.</span> <span class='ocrx_word' id='word_1_318' title='bbox 1926 4289 2063 4357; x_wconf 87' lang='grc'><strong>8611</strong></span> <span class='ocrx_word' id='word_1_319' title='bbox 2107 4291 2597 4360; x_wconf 89' lang='lat' dir='ltr'>dissimulamus</span> 
     </span>
     <span class='ocr_line' id='line_1_46' title="bbox 640 4376 2595 4462; baseline 0.001 -21"><span class='ocrx_word' id='word_1_320' title='bbox 640 4377 846 4442; x_wconf 91' lang='lat' dir='ltr'>donec</span> <span class='ocrx_word' id='word_1_321' title='bbox 899 4376 1142 4459; x_wconf 89' lang='lat' dir='ltr'>passim</span> <span class='ocrx_word' id='word_1_322' title='bbox 1198 4376 1501 4441; x_wconf 84' lang='lat' dir='ltr'>volitaret</span> <span class='ocrx_word' id='word_1_323' title='bbox 1557 4397 1781 4441; x_wconf 87' lang='lat' dir='ltr'>rumor</span> <span class='ocrx_word' id='word_1_324' title='bbox 1839 4398 1989 4442; x_wconf 93' lang='lat' dir='ltr'>eum</span> <span class='ocrx_word' id='word_1_325' title='bbox 2035 4378 2464 4462; x_wconf 87' lang='lat' dir='ltr'>subrogatum</span> <span class='ocrx_word' id='word_1_326' title='bbox 2508 4380 2595 4443; x_wconf 89' lang='lat' dir='ltr'>iri</span> 
     </span>
     <span class='ocr_line' id='line_1_47' title="bbox 638 4460 2595 4548; baseline 0.002 -21"><span class='ocrx_word' id='word_1_327' title='bbox 638 4463 966 4527; x_wconf 88' lang='lat' dir='ltr'>Bernensi</span> <span class='ocrx_word' id='word_1_328' title='bbox 1008 4462 1328 4527; x_wconf 89' lang='lat' dir='ltr'>ministro.</span> <span class='ocrx_word' id='word_1_329' title='bbox 1419 4460 1736 4526; x_wconf 80' lang='lat' dir='ltr'>Claudius</span> <span class='ocrx_word' id='word_1_330' title='bbox 1773 4462 2052 4528; x_wconf 76' lang='lat' dir='ltr'>Veronus</span> <span class='ocrx_word' id='word_1_331' title='bbox 2093 4484 2375 4546; x_wconf 91' lang='lat' dir='ltr'>quocum</span> <span class='ocrx_word' id='word_1_332' title='bbox 2419 4467 2595 4548; x_wconf 89' lang='lat' dir='ltr'>capi-</span> 
     </span>
     <span class='ocr_line' id='line_1_48' title="bbox 639 4547 2591 4632; baseline 0.003 -21"><span class='ocrx_word' id='word_1_333' title='bbox 639 4548 805 4613; x_wconf 88' lang='lat' dir='ltr'>tales</span> <span class='ocrx_word' id='word_1_334' title='bbox 848 4557 1235 4613; x_wconf 77' lang='lat' dir='ltr'>exercuerat</span> <span class='ocrx_word' id='word_1_335' title='bbox 1275 4548 1654 4612; x_wconf 86' lang='lat' dir='ltr'>inimicitias</span> <span class='ocrx_word' id='word_1_336' title='bbox 1697 4547 2000 4614; x_wconf 90' lang='lat' dir='ltr'>assiduus</span> <span class='ocrx_word' id='word_1_337' title='bbox 2035 4549 2211 4632; x_wconf 89' lang='lat' dir='ltr'>apud</span> <span class='ocrx_word' id='word_1_338' title='bbox 2245 4572 2398 4616; x_wconf 89' lang='lat' dir='ltr'>eum</span> <span class='ocrx_word' id='word_1_339' title='bbox 2434 4561 2591 4616; x_wconf 89' lang='lat' dir='ltr'>erat.</span> 
     </span>
     <span class='ocr_line' id='line_1_49' title="bbox 638 4633 2594 4718; baseline 0.003 -21"><span class='ocrx_word' id='word_1_340' title='bbox 638 4635 709 4698; x_wconf 91' lang='lat' dir='ltr'>Is</span> <span class='ocrx_word' id='word_1_341' title='bbox 755 4635 1088 4718; x_wconf 88' lang='lat' dir='ltr'>negotium</span> <span class='ocrx_word' id='word_1_342' title='bbox 1145 4633 1404 4716; x_wconf 89' lang='lat' dir='ltr'>peregit</span> <span class='ocrx_word' id='word_1_343' title='bbox 1461 4635 1517 4698; x_wconf 91' lang='lat' dir='ltr'>si</span> <span class='ocrx_word' id='word_1_344' title='bbox 1574 4654 1731 4699; x_wconf 80' lang='lat' dir='ltr'>vera</span> <span class='ocrx_word' id='word_1_345' title='bbox 1783 4634 1910 4699; x_wconf 85' lang='lat' dir='ltr'>fuit</span> <span class='ocrx_word' id='word_1_346' title='bbox 1962 4636 2154 4700; x_wconf 87' lang='lat' dir='ltr'>fama.</span> <span class='ocrx_word' id='word_1_347' title='bbox 2243 4636 2387 4701; x_wconf 94' lang='lat' dir='ltr'>Imo</span> <span class='ocrx_word' id='word_1_348' title='bbox 2432 4638 2594 4702; x_wconf 87' lang='lat' dir='ltr'>satis</span> 
     </span>
     <span class='ocr_line' id='line_1_50' title="bbox 638 4717 2595 4802; baseline 0.003 -19"><span class='ocrx_word' id='word_1_349' title='bbox 638 4720 949 4802; x_wconf 87' lang='lat' dir='ltr'>patefecit</span> <span class='ocrx_word' id='word_1_350' title='bbox 991 4717 1158 4783; x_wconf 90' lang='lat' dir='ltr'>nihil</span> <span class='ocrx_word' id='word_1_351' title='bbox 1201 4727 1450 4784; x_wconf 88' lang='lat' dir='ltr'>temere</span> <span class='ocrx_word' id='word_1_352' title='bbox 1494 4718 1575 4784; x_wconf 93' lang='lat' dir='ltr'>de</span> <span class='ocrx_word' id='word_1_353' title='bbox 1621 4740 1691 4785; x_wconf 90' lang='lat' dir='ltr'>se</span> <span class='ocrx_word' id='word_1_354' title='bbox 1734 4720 1936 4785; x_wconf 85' lang='lat' dir='ltr'>fuisse</span> <span class='ocrx_word' id='word_1_355' title='bbox 1978 4721 2318 4787; x_wconf 88' lang='lat' dir='ltr'>creditum.</span> <span class='ocrx_word' id='word_1_356' title='bbox 2377 4724 2595 4788; x_wconf 79' lang='lat' dir='ltr'>&#39;Pestis</span> 
     </span>
     <span class='ocr_line' id='line_1_51' title="bbox 640 4803 2595 4890; baseline 0.002 -20"><span class='ocrx_word' id='word_1_357' title='bbox 640 4807 816 4870; x_wconf 90' lang='lat' dir='ltr'>enim</span> <span class='ocrx_word' id='word_1_358' title='bbox 875 4815 976 4870; x_wconf 88' lang='lat' dir='ltr'>est</span> <span class='ocrx_word' id='word_1_359' title='bbox 1019 4814 1155 4868; x_wconf 85' lang='lat' dir='ltr'>tota</span> <span class='ocrx_word' id='word_1_360' title='bbox 1197 4803 1425 4869; x_wconf 90' lang='lat' dir='ltr'>classis</span> <span class='ocrx_word' id='word_1_361' title='bbox 1470 4805 1778 4871; x_wconf 82' lang='lat' dir='ltr'>Gaiensis</span> <span class='ocrx_word' id='word_1_362' title='bbox 1831 4828 2028 4889; x_wconf 86' lang='lat' dir='ltr'>quam</span> <span class='ocrx_word' id='word_1_363' title='bbox 2086 4808 2465 4890; x_wconf 87' lang='lat' dir='ltr'>petulanter</span> <span class='ocrx_word' id='word_1_364' title='bbox 2524 4831 2595 4874; x_wconf 92' lang='lat' dir='ltr'>se</span> 
     </span>
     <span class='ocr_line' id='line_1_52' title="bbox 641 4891 2595 4978; baseline 0.003 -24"><span class='ocrx_word' id='word_1_365' title='bbox 641 4892 918 4974; x_wconf 81' lang='lat' dir='ltr'>gesserit</span> <span class='ocrx_word' id='word_1_366' title='bbox 962 4901 1038 4954; x_wconf 92' lang='lat' dir='ltr'>ut</span> <span class='ocrx_word' id='word_1_367' title='bbox 1079 4911 1231 4954; x_wconf 92' lang='lat' dir='ltr'>eum</span> <span class='ocrx_word' id='word_1_368' title='bbox 1275 4891 1508 4974; x_wconf 79' lang='lat' dir='ltr'>quovis</span> <span class='ocrx_word' id='word_1_369' title='bbox 1554 4891 1745 4956; x_wconf 92' lang='lat' dir='ltr'>modo</span> <span class='ocrx_word' id='word_1_370' title='bbox 1790 4903 2216 4975; x_wconf 86' lang='lat' dir='ltr'>promoveret.</span> <span class='ocrx_word' id='word_1_371' title='bbox 2296 4894 2400 4959; x_wconf 89' lang='lat' dir='ltr'>Re</span> <span class='ocrx_word' id='word_1_372' title='bbox 2445 4915 2595 4978; x_wconf 92' lang='lat' dir='ltr'>pro-</span> 
     </span>
     <span class='ocr_line' id='line_1_53' title="bbox 639 4975 2595 5064; baseline 0.003 -23"><span class='ocrx_word' id='word_1_373' title='bbox 639 4976 990 5061; x_wconf 90' lang='lat' dir='ltr'>pemodum</span> <span class='ocrx_word' id='word_1_374' title='bbox 1031 4977 1329 5040; x_wconf 88' lang='lat' dir='ltr'>convicta</span> <span class='ocrx_word' id='word_1_375' title='bbox 1362 4975 1820 5042; x_wconf 88' lang='lat' dir='ltr'>admonuimus</span> <span class='ocrx_word' id='word_1_376' title='bbox 1856 4987 1929 5043; x_wconf 90' lang='lat' dir='ltr'>ut</span> <span class='ocrx_word' id='word_1_377' title='bbox 1963 5001 2034 5043; x_wconf 92' lang='lat' dir='ltr'>se</span> <span class='ocrx_word' id='word_1_378' title='bbox 2069 4989 2399 5064; x_wconf 87' lang='lat' dir='ltr'>purgaret.</span> <span class='ocrx_word' id='word_1_379' title='bbox 2455 4982 2595 5047; x_wconf 91' lang='lat' dir='ltr'>Nos</span> 
     </span>
     <span class='ocr_line' id='line_1_54' title="bbox 641 5062 2594 5150; baseline 0.003 -24"><span class='ocrx_word' id='word_1_380' title='bbox 641 5063 819 5126; x_wconf 91' lang='lat' dir='ltr'>enim</span> <span class='ocrx_word' id='word_1_381' title='bbox 865 5074 1118 5126; x_wconf 86' lang='lat' dir='ltr'>reatum</span> <span class='ocrx_word' id='word_1_382' title='bbox 1162 5062 1296 5124; x_wconf 90' lang='lat' dir='ltr'>iam</span> <span class='ocrx_word' id='word_1_383' title='bbox 1341 5063 1667 5127; x_wconf 88' lang='lat' dir='ltr'>sustinere</span> <span class='ocrx_word' id='word_1_384' title='bbox 1711 5086 1930 5129; x_wconf 87' lang='lat' dir='ltr'>coram</span> <span class='ocrx_word' id='word_1_385' title='bbox 1976 5063 2117 5130; x_wconf 91' lang='lat' dir='ltr'>Deo</span> <span class='ocrx_word' id='word_1_386' title='bbox 2177 5077 2314 5130; x_wconf 86' lang='lat' dir='ltr'>tam</span> <span class='ocrx_word' id='word_1_387' title='bbox 2356 5067 2594 5150; x_wconf 87' lang='lat' dir='ltr'>longae</span> 
     </span>
     <span class='ocr_line' id='line_1_55' title="bbox 641 5146 2592 5235; baseline 0.002 -21"><span class='ocrx_word' id='word_1_388' title='bbox 641 5149 1022 5214; x_wconf 84' lang='lat' dir='ltr'>cessationis</span> <span class='ocrx_word' id='word_1_389' title='bbox 1069 5154 1136 5211; x_wconf 89' lang='lat' dir='ltr'>et</span> <span class='ocrx_word' id='word_1_390' title='bbox 1180 5146 1358 5228; x_wconf 88' lang='lat' dir='ltr'>apud</span> <span class='ocrx_word' id='word_1_391' title='bbox 1402 5146 1702 5214; x_wconf 88' lang='lat' dir='ltr'>hominos</span> <span class='ocrx_word' id='word_1_392' title='bbox 1749 5151 2026 5234; x_wconf 85' lang='lat' dir='ltr'>flagrare</span> <span class='ocrx_word' id='word_1_393' title='bbox 2069 5152 2373 5230; x_wconf 88' lang='lat' dir='ltr'>infamia,</span> <span class='ocrx_word' id='word_1_394' title='bbox 2422 5153 2592 5235; x_wconf 91' lang='lat' dir='ltr'>quod</span> 
     </span>
     <span class='ocr_line' id='line_1_56' title="bbox 640 5234 2594 5321; baseline 0.004 -24"><span class='ocrx_word' id='word_1_395' title='bbox 640 5239 954 5317; x_wconf 87' lang='lat' dir='ltr'>putarent</span> <span class='ocrx_word' id='word_1_396' title='bbox 996 5253 1115 5297; x_wconf 92' lang='lat' dir='ltr'>nos</span> <span class='ocrx_word' id='word_1_397' title='bbox 1158 5240 1393 5314; x_wconf 90' lang='lat' dir='ltr'>sponte</span> <span class='ocrx_word' id='word_1_398' title='bbox 1428 5234 1792 5302; x_wconf 81' lang='lat' dir='ltr'>connivere.</span> <span class='ocrx_word' id='word_1_399' title='bbox 1854 5235 2032 5317; x_wconf 88' lang='grc'><strong>9616</strong></span> <span class='ocrx_word' id='word_1_400' title='bbox 2063 5238 2300 5321; x_wconf 89' lang='lat' dir='ltr'>frigide</span> <span class='ocrx_word' id='word_1_401' title='bbox 2336 5247 2594 5304; x_wconf 89' lang='lat' dir='ltr'>tantum</span> 
     </span>
     <span class='ocr_line' id='line_1_57' title="bbox 641 5317 2595 5406; baseline 0.004 -23"><span class='ocrx_word' id='word_1_402' title='bbox 641 5317 954 5402; x_wconf 87' lang='lat' dir='ltr'>negabat,</span> <span class='ocrx_word' id='word_1_403' title='bbox 1013 5319 1322 5385; x_wconf 87' lang='lat' dir='ltr'>iussimus</span> <span class='ocrx_word' id='word_1_404' title='bbox 1379 5327 1453 5384; x_wconf 88' lang='lat' dir='ltr'>ut</span> <span class='ocrx_word' id='word_1_405' title='bbox 1510 5320 1592 5385; x_wconf 91' lang='lat' dir='ltr'>ad</span> <span class='ocrx_word' id='word_1_406' title='bbox 1632 5320 1794 5388; x_wconf 86' lang='lat' dir='ltr'>haec</span> <span class='ocrx_word' id='word_1_407' title='bbox 1849 5324 1981 5389; x_wconf 90' lang='lat' dir='ltr'>tria</span> <span class='ocrx_word' id='word_1_408' title='bbox 2035 5324 2364 5406; x_wconf 88' lang='lat' dir='ltr'>postulata</span> <span class='ocrx_word' id='word_1_409' title='bbox 2404 5326 2595 5391; x_wconf 89' lang='lat' dir='ltr'>nobis</span> 
     </span>
    </p>
   </div>
   <div class='ocr_carea' id='block_1_3' title="bbox 2183 413 3096 484">
    <p class='ocr_par' dir='ltr' id='par_1_3' title="bbox 2183 413 3096 484">
     <span class='ocr_line' id='line_1_58' title="bbox 2183 413 3096 484; baseline -0.004 -1"><span class='ocrx_word' id='word_1_410' title='bbox 2183 413 2711 484; x_wconf 74' lang='lat' dir='ltr'><strong>EPISTOLAE</strong></span> <span class='ocrx_word' id='word_1_411' title='bbox 2759 418 3096 480; x_wconf 78' lang='lat'>741—743</span> 
     </span>
    </p>
   </div>
   <div class='ocr_carea' id='block_1_4' title="bbox 2640 613 2660 5379">
    <p class='ocr_par' dir='ltr' id='par_1_4' title="bbox 2640 613 2660 5379">
     <span class='ocr_line' id='line_1_59' title="bbox 2640 613 2660 5379; baseline 0 0"><span class='ocrx_word' id='word_1_412' title='bbox 2640 613 2660 5379; x_wconf 95' lang='lat' dir='ltr'> </span> 
     </span>
    </p>
   </div>
   <div class='ocr_carea' id='block_1_5' title="bbox 4513 414 4611 479">
    <p class='ocr_par' dir='ltr' id='par_1_5' title="bbox 4513 414 4611 479">
     <span class='ocr_line' id='line_1_60' title="bbox 4513 414 4611 479; baseline 0.041 -4"><span class='ocrx_word' id='word_1_413' title='bbox 4513 414 4611 479; x_wconf 80' lang='lat'>236</span> 
     </span>
    </p>
   </div>
   <div class='ocr_carea' id='block_1_6' title="bbox 2688 574 4657 5409">
    <p class='ocr_par' dir='ltr' id='par_1_6' title="bbox 2688 574 4657 5409">
     <span class='ocr_line' id='line_1_61' title="bbox 2688 574 4616 685; baseline -0.001 -17"><span class='ocrx_word' id='word_1_414' title='bbox 2688 601 3140 685; x_wconf 83' lang='lat' dir='ltr'>responderet:</span> <span class='ocrx_word' id='word_1_415' title='bbox 3199 621 3423 667; x_wconf 89' lang='lat' dir='ltr'>annon</span> <span class='ocrx_word' id='word_1_416' title='bbox 3476 574 3553 667; x_wconf 75' lang='lat' dir='ltr'>e⁸o</span> <span class='ocrx_word' id='word_1_417' title='bbox 3610 600 3869 667; x_wconf 89' lang='lat' dir='ltr'>conscio</span> <span class='ocrx_word' id='word_1_418' title='bbox 3928 621 4005 666; x_wconf 93' lang='grc'>66</span> <span class='ocrx_word' id='word_1_419' title='bbox 4061 599 4351 679; x_wconf 79' lang='lat' dir='ltr'>volente,</span> <span class='ocrx_word' id='word_1_420' title='bbox 4408 601 4527 666; x_wconf 87' lang='lat' dir='ltr'>imo</span> <span class='ocrx_word' id='word_1_421' title='bbox 4562 608 4616 667; x_wconf 81' lang='lat' dir='ltr'>et</span> 
     </span>
     <span class='ocr_line' id='line_1_62' title="bbox 2690 686 4613 773; baseline -0.001 -20"><span class='ocrx_word' id='word_1_422' title='bbox 2690 696 2964 773; x_wconf 84' lang='lat' dir='ltr'>rogante</span> <span class='ocrx_word' id='word_1_423' title='bbox 3008 688 3330 771; x_wconf 89' lang='lat' dir='ltr'>agitatum</span> <span class='ocrx_word' id='word_1_424' title='bbox 3373 689 3542 752; x_wconf 87' lang='lat' dir='ltr'>foret</span> <span class='ocrx_word' id='word_1_425' title='bbox 3585 687 3666 753; x_wconf 91' lang='lat' dir='ltr'>de</span> <span class='ocrx_word' id='word_1_426' title='bbox 3710 708 3785 752; x_wconf 92' lang='lat' dir='ltr'>eo</span> <span class='ocrx_word' id='word_1_427' title='bbox 3829 686 3902 751; x_wconf 91' lang='lat' dir='ltr'>in</span> <span class='ocrx_word' id='word_1_428' title='bbox 3936 686 4155 751; x_wconf 91' lang='lat' dir='ltr'>locum</span> <span class='ocrx_word' id='word_1_429' title='bbox 4191 686 4459 752; x_wconf 77' lang='lat' dir='ltr'>Ioannis</span> <span class='ocrx_word' id='word_1_430' title='bbox 4476 686 4613 752; x_wconf 89' lang='lat' dir='ltr'>Ber·</span> 
     </span>
     <span class='ocr_line' id='line_1_63' title="bbox 2691 771 4618 857; baseline -0.002 -17"><span class='ocrx_word' id='word_1_431' title='bbox 2691 776 2980 840; x_wconf 87' lang='lat' dir='ltr'>netensis</span> <span class='ocrx_word' id='word_1_432' title='bbox 3017 773 3477 857; x_wconf 85' lang='lat' dir='ltr'>subrogando?</span> <span class='ocrx_word' id='word_1_433' title='bbox 3526 773 3781 851; x_wconf 91' lang='lat' dir='ltr'>deinde,</span> <span class='ocrx_word' id='word_1_434' title='bbox 3819 794 4021 855; x_wconf 89' lang='lat' dir='ltr'>quum</span> <span class='ocrx_word' id='word_1_435' title='bbox 4058 771 4403 838; x_wconf 89' lang='lat' dir='ltr'>ordinatus</span> <span class='ocrx_word' id='word_1_436' title='bbox 4438 772 4618 837; x_wconf 72' lang='grc'><strong>166161</strong></span> 
     </span>
     <span class='ocr_line' id='line_1_64' title="bbox 2691 857 4619 942; baseline 0 -18"><span class='ocrx_word' id='word_1_437' title='bbox 2691 860 3020 925; x_wconf 90' lang='lat' dir='ltr'>Dralliani</span> <span class='ocrx_word' id='word_1_438' title='bbox 3065 867 3316 942; x_wconf 89' lang='lat' dir='ltr'>pastor,</span> <span class='ocrx_word' id='word_1_439' title='bbox 3373 881 3458 924; x_wconf 90' lang='lat' dir='ltr'>an</span> <span class='ocrx_word' id='word_1_440' title='bbox 3502 860 3672 924; x_wconf 88' lang='grc'><strong>66110</strong></span> <span class='ocrx_word' id='word_1_441' title='bbox 3716 858 4110 941; x_wconf 87' lang='lat' dir='ltr'>suscepisset</span> <span class='ocrx_word' id='word_1_442' title='bbox 4153 859 4294 923; x_wconf 91' lang='grc'><strong>6166</strong></span> <span class='ocrx_word' id='word_1_443' title='bbox 4338 857 4619 924; x_wconf 85' lang='lat' dir='ltr'>ecclesiae</span> 
     </span>
     <span class='ocr_line' id='line_1_65' title="bbox 2692 943 4620 1028; baseline -0.001 -17"><span class='ocrx_word' id='word_1_444' title='bbox 2692 967 2951 1025; x_wconf 88' lang='lat' dir='ltr'>curam,</span> <span class='ocrx_word' id='word_1_445' title='bbox 3006 967 3093 1010; x_wconf 92' lang='lat' dir='ltr'>an</span> <span class='ocrx_word' id='word_1_446' title='bbox 3138 965 3297 1011; x_wconf 80' lang='lat' dir='ltr'>vero</span> <span class='ocrx_word' id='word_1_447' title='bbox 3354 944 3532 1010; x_wconf 90' lang='lat' dir='ltr'>aliud</span> <span class='ocrx_word' id='word_1_448' title='bbox 3586 946 3719 1010; x_wconf 91' lang='lat' dir='ltr'>iam</span> <span class='ocrx_word' id='word_1_449' title='bbox 3776 954 3935 1010; x_wconf 90' lang='lat' dir='ltr'>tunc</span> <span class='ocrx_word' id='word_1_450' title='bbox 3980 943 4199 1009; x_wconf 91' lang='lat' dir='ltr'>animo</span> <span class='ocrx_word' id='word_1_451' title='bbox 4243 944 4620 1028; x_wconf 89' lang='lat' dir='ltr'>propositum</span> 
     </span>
     <span class='ocr_line' id='line_1_66' title="bbox 2692 1029 4623 1114; baseline -0.001 -17"><span class='ocrx_word' id='word_1_452' title='bbox 2692 1030 3009 1098; x_wconf 80' lang='lat' dir='ltr'>haberet?</span> <span class='ocrx_word' id='word_1_453' title='bbox 3057 1031 3248 1096; x_wconf 85' lang='lat' dir='ltr'>tertio</span> <span class='ocrx_word' id='word_1_454' title='bbox 3294 1053 3407 1111; x_wconf 89' lang='grc'>66,</span> <span class='ocrx_word' id='word_1_455' title='bbox 3452 1052 3659 1114; x_wconf 90' lang='grc'><strong>116616</strong></span> <span class='ocrx_word' id='word_1_456' title='bbox 3703 1030 4078 1096; x_wconf 88' lang='lat' dir='ltr'>admonitus</span> <span class='ocrx_word' id='word_1_457' title='bbox 4119 1031 4335 1096; x_wconf 83' lang='lat' dir='ltr'>fuerat</span> <span class='ocrx_word' id='word_1_458' title='bbox 4378 1050 4418 1095; x_wconf 90' lang='lat' dir='ltr'>a</span> <span class='ocrx_word' id='word_1_459' title='bbox 4461 1029 4623 1096; x_wconf 86' lang='lat' dir='ltr'>nobis</span> 
     </span>
     <span class='ocr_line' id='line_1_67' title="bbox 2695 1115 4624 1200; baseline -0.001 -18"><span class='ocrx_word' id='word_1_460' title='bbox 2695 1115 2775 1183; x_wconf 90' lang='lat' dir='ltr'>de</span> <span class='ocrx_word' id='word_1_461' title='bbox 2819 1117 3103 1182; x_wconf 88' lang='lat' dir='ltr'>statione</span> <span class='ocrx_word' id='word_1_462' title='bbox 3147 1117 3283 1182; x_wconf 91' lang='lat' dir='ltr'>illio</span> <span class='ocrx_word' id='word_1_463' title='bbox 3326 1116 3615 1200; x_wconf 87' lang='lat' dir='ltr'>figenda,</span> <span class='ocrx_word' id='word_1_464' title='bbox 3675 1118 3845 1182; x_wconf 88' lang='lat' dir='ltr'>serio</span> <span class='ocrx_word' id='word_1_465' title='bbox 3906 1124 4181 1181; x_wconf 62' lang='lat' dir='ltr'>metatus</span> <span class='ocrx_word' id='word_1_466' title='bbox 4225 1122 4400 1182; x_wconf 86' lang='lat' dir='ltr'>esset</span> <span class='ocrx_word' id='word_1_467' title='bbox 4440 1116 4624 1180; x_wconf 86' lang='lat' dir='ltr'>since-</span> 
     </span>
     <span class='ocr_line' id='line_1_68' title="bbox 2697 1202 4629 1287; baseline -0.001 -18"><span class='ocrx_word' id='word_1_468' title='bbox 2697 1224 2898 1287; x_wconf 91' lang='lat' dir='ltr'>roque</span> <span class='ocrx_word' id='word_1_469' title='bbox 2944 1202 3164 1268; x_wconf 91' lang='lat' dir='ltr'>animo</span> <span class='ocrx_word' id='word_1_470' title='bbox 3208 1205 3434 1268; x_wconf 89' lang='lat' dir='ltr'>statim</span> <span class='ocrx_word' id='word_1_471' title='bbox 3478 1223 3548 1268; x_wconf 91' lang='lat' dir='ltr'>se</span> <span class='ocrx_word' id='word_1_472' title='bbox 3594 1202 4030 1285; x_wconf 89' lang='lat' dir='ltr'>migraturum</span> <span class='ocrx_word' id='word_1_473' title='bbox 4049 1253 4066 1282; x_wconf 95' lang='lat'>,</span> <span class='ocrx_word' id='word_1_474' title='bbox 4124 1222 4295 1266; x_wconf 89' lang='grc'><strong>6666</strong></span> <span class='ocrx_word' id='word_1_475' title='bbox 4337 1202 4629 1284; x_wconf 88' lang='lat' dir='ltr'>temporis</span> 
     </span>
     <span class='ocr_line' id='line_1_69' title="bbox 2696 1287 4629 1371; baseline -0.001 -17"><span class='ocrx_word' id='word_1_476' title='bbox 2696 1311 2893 1354; x_wconf 86' lang='lat' dir='ltr'>causa</span> <span class='ocrx_word' id='word_1_477' title='bbox 2937 1288 3063 1353; x_wconf 89' lang='lat' dir='ltr'>hoc</span> <span class='ocrx_word' id='word_1_478' title='bbox 3106 1288 3449 1353; x_wconf 75' lang='lat' dir='ltr'>finxisset?</span> <span class='ocrx_word' id='word_1_479' title='bbox 3531 1287 3807 1353; x_wconf 84' lang='lat' dir='ltr'>Nullum</span> <span class='ocrx_word' id='word_1_480' title='bbox 3852 1289 3978 1352; x_wconf 86' lang='lat' dir='ltr'>fuit</span> <span class='ocrx_word' id='word_1_481' title='bbox 4021 1310 4101 1353; x_wconf 89' lang='grc'>61</span> <span class='ocrx_word' id='word_1_482' title='bbox 4149 1288 4359 1353; x_wconf 90' lang='lat' dir='ltr'>tribus</span> <span class='ocrx_word' id='word_1_483' title='bbox 4402 1288 4629 1371; x_wconf 83' lang='lat' dir='ltr'>rogatis</span> 
     </span>
     <span class='ocr_line' id='line_1_70' title="bbox 2698 1372 4628 1457; baseline -0.001 -17"><span class='ocrx_word' id='word_1_484' title='bbox 2698 1375 2778 1440; x_wconf 92' lang='lat' dir='ltr'>de</span> <span class='ocrx_word' id='word_1_485' title='bbox 2813 1397 2938 1457; x_wconf 93' lang='lat' dir='ltr'>quo</span> <span class='ocrx_word' id='word_1_486' title='bbox 2974 1381 3227 1441; x_wconf 88' lang='lat' dir='ltr'>certum</span> <span class='ocrx_word' id='word_1_487' title='bbox 3262 1374 3504 1456; x_wconf 89' lang='lat' dir='ltr'>aliquid</span> <span class='ocrx_word' id='word_1_488' title='bbox 3542 1386 3609 1440; x_wconf 90' lang='lat' dir='ltr'>et</span> <span class='ocrx_word' id='word_1_489' title='bbox 3641 1374 3914 1457; x_wconf 88' lang='lat' dir='ltr'>planum</span> <span class='ocrx_word' id='word_1_490' title='bbox 3959 1374 4362 1456; x_wconf 89' lang='lat' dir='ltr'>potuerimus</span> <span class='ocrx_word' id='word_1_491' title='bbox 4395 1372 4628 1439; x_wconf 85' lang='lat' dir='ltr'>elicere.</span> 
     </span>
     <span class='ocr_line' id='line_1_71' title="bbox 2696 1459 4631 1543; baseline -0.001 -18"><span class='ocrx_word' id='word_1_492' title='bbox 2696 1462 2983 1526; x_wconf 79' lang='lat' dir='ltr'>Tantum</span> <span class='ocrx_word' id='word_1_493' title='bbox 3041 1459 3424 1543; x_wconf 89' lang='lat' dir='ltr'>ambagibus</span> <span class='ocrx_word' id='word_1_494' title='bbox 3480 1468 3546 1525; x_wconf 92' lang='lat' dir='ltr'>et</span> <span class='ocrx_word' id='word_1_495' title='bbox 3602 1459 3961 1526; x_wconf 87' lang='lat' dir='ltr'>involucris</span> <span class='ocrx_word' id='word_1_496' title='bbox 4027 1460 4315 1543; x_wconf 86' lang='lat' dir='ltr'>effugere</span> <span class='ocrx_word' id='word_1_497' title='bbox 4379 1469 4631 1525; x_wconf 84' lang='lat' dir='ltr'>conatus</span> 
     </span>
     <span class='ocr_line' id='line_1_72' title="bbox 2695 1545 4632 1629; baseline -0.002 -18"><span class='ocrx_word' id='word_1_498' title='bbox 2695 1556 2812 1612; x_wconf 90' lang='lat' dir='ltr'>est.</span> <span class='ocrx_word' id='word_1_499' title='bbox 2903 1545 3212 1612; x_wconf 83' lang='lat' dir='ltr'>Secundo</span> <span class='ocrx_word' id='word_1_500' title='bbox 3270 1554 3609 1612; x_wconf 89' lang='lat' dir='ltr'>revocatus</span> <span class='ocrx_word' id='word_1_501' title='bbox 3666 1546 3956 1628; x_wconf 86' lang='lat' dir='ltr'>perstitit</span> <span class='ocrx_word' id='word_1_502' title='bbox 3998 1546 4067 1610; x_wconf 93' lang='lat' dir='ltr'>in</span> <span class='ocrx_word' id='word_1_503' title='bbox 4114 1566 4233 1611; x_wconf 91' lang='lat' dir='ltr'>suo</span> <span class='ocrx_word' id='word_1_504' title='bbox 4276 1545 4391 1611; x_wconf 92' lang='lat' dir='ltr'>illo</span> <span class='ocrx_word' id='word_1_505' title='bbox 4448 1545 4632 1629; x_wconf 84' lang='lat' dir='ltr'>tergi-</span> 
     </span>
     <span class='ocr_line' id='line_1_73' title="bbox 2693 1630 4636 1698; baseline -0.001 0"><span class='ocrx_word' id='word_1_506' title='bbox 2693 1632 2997 1698; x_wconf 83' lang='lat' dir='ltr'>versandi</span> <span class='ocrx_word' id='word_1_507' title='bbox 3045 1633 3338 1697; x_wconf 80' lang='lat' dir='ltr'>artificio,</span> <span class='ocrx_word' id='word_1_508' title='bbox 3394 1633 3604 1697; x_wconf 89' lang='lat' dir='ltr'>Porro</span> <span class='ocrx_word' id='word_1_509' title='bbox 3638 1632 4015 1697; x_wconf 88' lang='lat' dir='ltr'>missionem</span> <span class='ocrx_word' id='word_1_510' title='bbox 4050 1632 4176 1696; x_wconf 91' lang='lat' dir='ltr'>sibi</span> <span class='ocrx_word' id='word_1_511' title='bbox 4213 1630 4357 1696; x_wconf 89' lang='lat' dir='ltr'>dari</span> <span class='ocrx_word' id='word_1_512' title='bbox 4393 1632 4636 1697; x_wconf 76' lang='lat' dir='ltr'>volebat</span> 
     </span>
     <span class='ocr_line' id='line_1_74' title="bbox 2697 1717 4637 1801; baseline -0.001 -18"><span class='ocrx_word' id='word_1_513' title='bbox 2697 1718 3061 1795; x_wconf 87' lang='lat' dir='ltr'>honestam,</span> <span class='ocrx_word' id='word_1_514' title='bbox 3100 1727 3215 1783; x_wconf 91' lang='lat' dir='ltr'>aut</span> <span class='ocrx_word' id='word_1_515' title='bbox 3249 1718 3481 1783; x_wconf 89' lang='lat' dir='ltr'>saltem</span> <span class='ocrx_word' id='word_1_516' title='bbox 3519 1717 3762 1801; x_wconf 89' lang='lat' dir='ltr'>absque</span> <span class='ocrx_word' id='word_1_517' title='bbox 3798 1717 4194 1801; x_wconf 89' lang='lat' dir='ltr'>ignominiae</span> <span class='ocrx_word' id='word_1_518' title='bbox 4229 1726 4401 1781; x_wconf 82' lang='lat' dir='ltr'>nota.</span> <span class='ocrx_word' id='word_1_519' title='bbox 4448 1717 4637 1783; x_wconf 82' lang='lat' dir='ltr'>Prae-</span> 
     </span>
     <span class='ocr_line' id='line_1_75' title="bbox 2698 1802 4637 1888; baseline -0.002 -20"><span class='ocrx_word' id='word_1_520' title='bbox 2698 1810 2958 1869; x_wconf 80' lang='lat' dir='ltr'>textum</span> <span class='ocrx_word' id='word_1_521' title='bbox 3002 1802 3333 1881; x_wconf 81' lang='lat' dir='ltr'>afferebat,</span> <span class='ocrx_word' id='word_1_522' title='bbox 3380 1803 3551 1886; x_wconf 92' lang='lat' dir='ltr'>quod</span> <span class='ocrx_word' id='word_1_523' title='bbox 3595 1811 3863 1887; x_wconf 88' lang='lat' dir='ltr'>propter</span> <span class='ocrx_word' id='word_1_524' title='bbox 3906 1824 4174 1888; x_wconf 85' lang='lat' dir='ltr'>gravem</span> <span class='ocrx_word' id='word_1_525' title='bbox 4220 1803 4451 1868; x_wconf 84' lang='lat' dir='ltr'>uxoris</span> <span class='ocrx_word' id='word_1_526' title='bbox 4486 1823 4637 1868; x_wconf 87' lang='lat' dir='ltr'>mor·</span> 
     </span>
     <span class='ocr_line' id='line_1_76' title="bbox 2696 1888 4639 1974; baseline -0.001 -21"><span class='ocrx_word' id='word_1_527' title='bbox 2696 1888 2853 1955; x_wconf 91' lang='lat' dir='ltr'>bum</span> <span class='ocrx_word' id='word_1_528' title='bbox 2899 1911 3110 1974; x_wconf 91' lang='lat' dir='ltr'>neque</span> <span class='ocrx_word' id='word_1_529' title='bbox 3156 1889 3265 1956; x_wconf 89' lang='lat' dir='ltr'>hic</span> <span class='ocrx_word' id='word_1_530' title='bbox 3308 1910 3520 1973; x_wconf 89' lang='lat' dir='ltr'>neque</span> <span class='ocrx_word' id='word_1_531' title='bbox 3563 1889 3717 1955; x_wconf 88' lang='lat' dir='ltr'>alibi</span> <span class='ocrx_word' id='word_1_532' title='bbox 3755 1911 4031 1973; x_wconf 90' lang='lat' dir='ltr'>usquam</span> <span class='ocrx_word' id='word_1_533' title='bbox 4064 1889 4430 1954; x_wconf 86' lang='lat' dir='ltr'>ministerio</span> <span class='ocrx_word' id='word_1_534' title='bbox 4466 1888 4639 1972; x_wconf 83' lang='lat' dir='ltr'>fungi</span> 
     </span>
     <span class='ocr_line' id='line_1_77' title="bbox 2697 1975 4640 2058; baseline -0.001 -18"><span class='ocrx_word' id='word_1_535' title='bbox 2697 1983 2915 2058; x_wconf 87' lang='lat' dir='ltr'>posset</span> <span class='ocrx_word' id='word_1_536' title='bbox 2968 1984 3123 2041; x_wconf 90' lang='lat' dir='ltr'>ante</span> <span class='ocrx_word' id='word_1_537' title='bbox 3178 1996 3294 2040; x_wconf 80' lang='lat' dir='ltr'>sex</span> <span class='ocrx_word' id='word_1_538' title='bbox 3351 1996 3625 2042; x_wconf 90' lang='lat' dir='ltr'>menses.</span> <span class='ocrx_word' id='word_1_539' title='bbox 3713 1975 3860 2041; x_wconf 89' lang='lat' dir='ltr'>Hoc</span> <span class='ocrx_word' id='word_1_540' title='bbox 3917 1997 4067 2040; x_wconf 88' lang='lat' dir='ltr'>eum</span> <span class='ocrx_word' id='word_1_541' title='bbox 4122 1975 4391 2040; x_wconf 84' lang='lat' dir='ltr'>mentiri</span> <span class='ocrx_word' id='word_1_542' title='bbox 4450 1995 4640 2057; x_wconf 89' lang='lat' dir='ltr'>quum</span> 
     </span>
     <span class='ocr_line' id='line_1_78' title="bbox 2700 2059 4641 2144; baseline -0.001 -18"><span class='ocrx_word' id='word_1_543' title='bbox 2700 2083 2782 2126; x_wconf 83' lang='lat' dir='ltr'>ex</span> <span class='ocrx_word' id='word_1_544' title='bbox 2826 2062 3044 2127; x_wconf 82' lang='lat' dir='ltr'>verbis</span> <span class='ocrx_word' id='word_1_545' title='bbox 3088 2061 3258 2126; x_wconf 88' lang='lat' dir='ltr'>male</span> <span class='ocrx_word' id='word_1_546' title='bbox 3311 2060 3808 2128; x_wconf 90' lang='lat' dir='ltr'>cohaerentibus</span> <span class='ocrx_word' id='word_1_547' title='bbox 3867 2060 4253 2144; x_wconf 85' lang='lat' dir='ltr'>apparebat,</span> <span class='ocrx_word' id='word_1_548' title='bbox 4315 2069 4462 2125; x_wconf 91' lang='lat' dir='ltr'>tum</span> <span class='ocrx_word' id='word_1_549' title='bbox 4502 2059 4641 2143; x_wconf 78' lang='lat' dir='ltr'>quia</span> 
     </span>
     <span class='ocr_line' id='line_1_79' title="bbox 2701 2146 4641 2230; baseline -0.001 -18"><span class='ocrx_word' id='word_1_550' title='bbox 2701 2147 2879 2212; x_wconf 88' lang='lat' dir='ltr'>domi</span> <span class='ocrx_word' id='word_1_551' title='bbox 2921 2147 3020 2211; x_wconf 88' lang='lat' dir='ltr'>illi</span> <span class='ocrx_word' id='word_1_552' title='bbox 3063 2146 3396 2213; x_wconf 81' lang='lat' dir='ltr'>exciderat</span> <span class='ocrx_word' id='word_1_553' title='bbox 3439 2169 3568 2212; x_wconf 79' lang='lat' dir='ltr'>vox</span> <span class='ocrx_word' id='word_1_554' title='bbox 3613 2147 3848 2230; x_wconf 89' lang='lat' dir='ltr'>impia,</span> <span class='ocrx_word' id='word_1_555' title='bbox 3893 2147 4079 2213; x_wconf 79' lang='lat' dir='ltr'>brevi</span> <span class='ocrx_word' id='word_1_556' title='bbox 4125 2146 4208 2211; x_wconf 90' lang='lat' dir='ltr'>ab</span> <span class='ocrx_word' id='word_1_557' title='bbox 4251 2146 4379 2212; x_wconf 88' lang='lat' dir='ltr'>hac</span> <span class='ocrx_word' id='word_1_558' title='bbox 4422 2156 4641 2230; x_wconf 81' lang='lat' dir='ltr'>tyran-</span> 
     </span>
     <span class='ocr_line' id='line_1_80' title="bbox 2702 2232 4644 2315; baseline 0 -19"><span class='ocrx_word' id='word_1_559' title='bbox 2702 2232 2857 2297; x_wconf 91' lang='lat' dir='ltr'>nide</span> <span class='ocrx_word' id='word_1_560' title='bbox 2914 2232 2986 2296; x_wconf 92' lang='lat' dir='ltr'>in</span> <span class='ocrx_word' id='word_1_561' title='bbox 3042 2254 3170 2315; x_wconf 92' lang='lat' dir='ltr'>qua</span> <span class='ocrx_word' id='word_1_562' title='bbox 3227 2242 3399 2298; x_wconf 90' lang='lat' dir='ltr'>esset</span> <span class='ocrx_word' id='word_1_563' title='bbox 3458 2233 3812 2298; x_wconf 81' lang='lat' dir='ltr'>exiturum.</span> <span class='ocrx_word' id='word_1_564' title='bbox 3906 2234 4123 2298; x_wconf 83' lang='lat' dir='ltr'>Erant</span> <span class='ocrx_word' id='word_1_565' title='bbox 4165 2232 4377 2298; x_wconf 89' lang='lat' dir='ltr'>iustae</span> <span class='ocrx_word' id='word_1_566' title='bbox 4421 2251 4644 2297; x_wconf 79' lang='lat' dir='ltr'>causae</span> 
     </span>
     <span class='ocr_line' id='line_1_81' title="bbox 2699 2316 4647 2395; baseline -0.001 -12"><span class='ocrx_word' id='word_1_567' title='bbox 2699 2340 2820 2384; x_wconf 90' lang='lat' dir='ltr'>cur</span> <span class='ocrx_word' id='word_1_568' title='bbox 2863 2319 3222 2384; x_wconf 87' lang='lat' dir='ltr'>ministerio</span> <span class='ocrx_word' id='word_1_569' title='bbox 3267 2317 3696 2395; x_wconf 89' lang='lat' dir='ltr'>abdicaretur,</span> <span class='ocrx_word' id='word_1_570' title='bbox 3752 2326 3872 2384; x_wconf 90' lang='lat' dir='ltr'>aut</span> <span class='ocrx_word' id='word_1_571' title='bbox 3924 2319 4156 2383; x_wconf 88' lang='lat' dir='ltr'>saltem</span> <span class='ocrx_word' id='word_1_572' title='bbox 4214 2316 4298 2384; x_wconf 90' lang='lat' dir='ltr'>ad</span> <span class='ocrx_word' id='word_1_573' title='bbox 4352 2331 4647 2384; x_wconf 84' lang='lat' dir='ltr'>senatum</span> 
     </span>
     <span class='ocr_line' id='line_1_82' title="bbox 2697 2403 4645 2488; baseline -0.001 -19"><span class='ocrx_word' id='word_1_574' title='bbox 2697 2405 3089 2482; x_wconf 87' lang='lat' dir='ltr'>mitteretur,</span> <span class='ocrx_word' id='word_1_575' title='bbox 3127 2426 3252 2487; x_wconf 90' lang='lat' dir='ltr'>quo</span> <span class='ocrx_word' id='word_1_576' title='bbox 3286 2403 3708 2470; x_wconf 88' lang='lat' dir='ltr'>iureiurando</span> <span class='ocrx_word' id='word_1_577' title='bbox 3743 2404 4119 2488; x_wconf 84' lang='lat' dir='ltr'>adigeretur</span> <span class='ocrx_word' id='word_1_578' title='bbox 4152 2404 4233 2468; x_wconf 89' lang='lat' dir='ltr'>ad</span> <span class='ocrx_word' id='word_1_579' title='bbox 4270 2404 4645 2470; x_wconf 89' lang='lat' dir='ltr'>canonicam</span> 
     </span>
     <span class='ocr_line' id='line_1_83' title="bbox 2699 2490 4647 2573; baseline 0 -20"><span class='ocrx_word' id='word_1_580' title='bbox 2699 2491 3178 2573; x_wconf 89' lang='lat' dir='ltr'>purgationem.</span> <span class='ocrx_word' id='word_1_581' title='bbox 3227 2491 3701 2573; x_wconf 89' lang='lat' dir='ltr'>Praeterquam</span> <span class='ocrx_word' id='word_1_582' title='bbox 3738 2491 3915 2556; x_wconf 92' lang='lat' dir='ltr'>enim</span> <span class='ocrx_word' id='word_1_583' title='bbox 3951 2490 4127 2573; x_wconf 89' lang='lat' dir='ltr'>quod</span> <span class='ocrx_word' id='word_1_584' title='bbox 4148 2490 4647 2556; x_wconf 84' lang='lat' dir='ltr'>vehementibus</span> 
     </span>
     <span class='ocr_line' id='line_1_84' title="bbox 2699 2575 4649 2659; baseline 0.001 -20"><span class='ocrx_word' id='word_1_585' title='bbox 2699 2575 2955 2641; x_wconf 90' lang='lat' dir='ltr'>indiciis</span> <span class='ocrx_word' id='word_1_586' title='bbox 2999 2585 3068 2640; x_wconf 86' lang='lat' dir='ltr'>et</span> <span class='ocrx_word' id='word_1_587' title='bbox 3109 2577 3437 2641; x_wconf 91' lang='lat' dir='ltr'>communi</span> <span class='ocrx_word' id='word_1_588' title='bbox 3482 2577 3658 2641; x_wconf 88' lang='lat' dir='ltr'>fama</span> <span class='ocrx_word' id='word_1_589' title='bbox 3700 2577 4138 2659; x_wconf 89' lang='lat' dir='ltr'>premebatur,</span> <span class='ocrx_word' id='word_1_590' title='bbox 4195 2576 4649 2659; x_wconf 86' lang='lat' dir='ltr'>responsiones</span> 
     </span>
     <span class='ocr_line' id='line_1_85' title="bbox 2701 2662 4650 2744; baseline 0.001 -19"><span class='ocrx_word' id='word_1_591' title='bbox 2701 2663 2842 2727; x_wconf 90' lang='grc'><strong>6166</strong></span> <span class='ocrx_word' id='word_1_592' title='bbox 2885 2663 3125 2744; x_wconf 87' lang='lat' dir='ltr'>partim</span> <span class='ocrx_word' id='word_1_593' title='bbox 3167 2662 3557 2744; x_wconf 84' lang='lat' dir='ltr'>flexiloquae</span> <span class='ocrx_word' id='word_1_594' title='bbox 3592 2663 3833 2744; x_wconf 90' lang='lat' dir='ltr'>partim</span> <span class='ocrx_word' id='word_1_595' title='bbox 3883 2673 4300 2728; x_wconf 84' lang='lat' dir='ltr'>contumaces</span> <span class='ocrx_word' id='word_1_596' title='bbox 4335 2683 4495 2726; x_wconf 91' lang='lat' dir='ltr'>eum</span> <span class='ocrx_word' id='word_1_597' title='bbox 4527 2681 4650 2726; x_wconf 88' lang='grc'><strong>1106</strong></span> 
     </span>
     <span class='ocr_line' id='line_1_86' title="bbox 2701 2748 4651 2830; baseline 0.001 -19"><span class='ocrx_word' id='word_1_598' title='bbox 2701 2769 2843 2813; x_wconf 88' lang='grc'><strong>6666</strong></span> <span class='ocrx_word' id='word_1_599' title='bbox 2886 2749 3306 2813; x_wconf 89' lang='lat' dir='ltr'>innocentem</span> <span class='ocrx_word' id='word_1_600' title='bbox 3350 2748 3730 2830; x_wconf 65' lang='lat' dir='ltr'>prodebant.</span> <span class='ocrx_word' id='word_1_601' title='bbox 3809 2748 4190 2813; x_wconf 89' lang='lat' dir='ltr'>Humanius</span> <span class='ocrx_word' id='word_1_602' title='bbox 4230 2754 4460 2812; x_wconf 90' lang='lat' dir='ltr'>tamen</span> <span class='ocrx_word' id='word_1_603' title='bbox 4509 2766 4651 2813; x_wconf 88' lang='lat' dir='ltr'>cum</span> 
     </span>
     <span class='ocr_line' id='line_1_87' title="bbox 2702 2832 4649 2917; baseline -0.001 -19"><span class='ocrx_word' id='word_1_604' title='bbox 2702 2852 2779 2898; x_wconf 94' lang='lat' dir='ltr'>eo</span> <span class='ocrx_word' id='word_1_605' title='bbox 2846 2835 3119 2917; x_wconf 87' lang='lat' dir='ltr'>egimus.</span> <span class='ocrx_word' id='word_1_606' title='bbox 3219 2833 3324 2897; x_wconf 85' lang='lat' dir='ltr'>Ad</span> <span class='ocrx_word' id='word_1_607' title='bbox 3389 2841 3691 2899; x_wconf 90' lang='lat' dir='ltr'>senatum</span> <span class='ocrx_word' id='word_1_608' title='bbox 3759 2834 4062 2900; x_wconf 90' lang='lat' dir='ltr'>misimus</span> <span class='ocrx_word' id='word_1_609' title='bbox 4123 2843 4258 2898; x_wconf 89' lang='lat' dir='ltr'>tres</span> <span class='ocrx_word' id='word_1_610' title='bbox 4300 2855 4337 2898; x_wconf 93' lang='lat' dir='ltr'>e</span> <span class='ocrx_word' id='word_1_611' title='bbox 4381 2832 4649 2917; x_wconf 83' lang='lat' dir='ltr'>collegio</span> 
     </span>
     <span class='ocr_line' id='line_1_88' title="bbox 2702 2917 4650 3004; baseline 0 -21"><span class='ocrx_word' id='word_1_612' title='bbox 2702 2927 2926 2984; x_wconf 89' lang='lat' dir='ltr'>nostro</span> <span class='ocrx_word' id='word_1_613' title='bbox 2970 2918 3083 3002; x_wconf 87' lang='lat' dir='ltr'>qui</span> <span class='ocrx_word' id='word_1_614' title='bbox 3123 2919 3267 3001; x_wconf 91' lang='lat' dir='ltr'>ipso</span> <span class='ocrx_word' id='word_1_615' title='bbox 3310 2920 3617 2985; x_wconf 84' lang='lat' dir='ltr'>audiente</span> <span class='ocrx_word' id='word_1_616' title='bbox 3661 2927 4128 3004; x_wconf 76' lang='lat' dir='ltr'>exposcerent:</span> <span class='ocrx_word' id='word_1_617' title='bbox 4171 2917 4378 2985; x_wconf 85' lang='lat' dir='ltr'>Iustis</span> <span class='ocrx_word' id='word_1_618' title='bbox 4420 2939 4504 2985; x_wconf 79' lang='grc'>66</span> <span class='ocrx_word' id='word_1_619' title='bbox 4543 2939 4650 2983; x_wconf 85' lang='lat' dir='ltr'>ne-</span> 
     </span>
     <span class='ocr_line' id='line_1_89' title="bbox 2702 3003 4651 3089; baseline 0.001 -19"><span class='ocrx_word' id='word_1_620' title='bbox 2702 3005 2999 3071; x_wconf 90' lang='lat' dir='ltr'>cessariis</span> <span class='ocrx_word' id='word_1_621' title='bbox 3042 3004 3259 3071; x_wconf 90' lang='lat' dir='ltr'>causis</span> <span class='ocrx_word' id='word_1_622' title='bbox 3302 3024 3423 3070; x_wconf 88' lang='lat' dir='ltr'>nos</span> <span class='ocrx_word' id='word_1_623' title='bbox 3466 3007 3669 3072; x_wconf 85' lang='lat' dir='ltr'>fuisse</span> <span class='ocrx_word' id='word_1_624' title='bbox 3712 3005 4083 3089; x_wconf 87' lang='lat' dir='ltr'>compulsos</span> <span class='ocrx_word' id='word_1_625' title='bbox 4126 3003 4209 3070; x_wconf 88' lang='lat' dir='ltr'>ad</span> <span class='ocrx_word' id='word_1_626' title='bbox 4245 3026 4397 3071; x_wconf 92' lang='lat' dir='ltr'>eum</span> <span class='ocrx_word' id='word_1_627' title='bbox 4441 3013 4651 3071; x_wconf 80' lang='lat' dir='ltr'>trans-</span> 
     </span>
     <span class='ocr_line' id='line_1_90' title="bbox 2701 3091 4652 3176; baseline -0.001 -19"><span class='ocrx_word' id='word_1_628' title='bbox 2701 3091 3061 3157; x_wconf 86' lang='lat' dir='ltr'>ferendum.</span> <span class='ocrx_word' id='word_1_629' title='bbox 3118 3092 3292 3156; x_wconf 84' lang='lat' dir='ltr'>Eum</span> <span class='ocrx_word' id='word_1_630' title='bbox 3328 3092 3621 3176; x_wconf 85' lang='lat' dir='ltr'>legitimo</span> <span class='ocrx_word' id='word_1_631' title='bbox 3655 3093 3788 3158; x_wconf 91' lang='lat' dir='ltr'>ritu</span> <span class='ocrx_word' id='word_1_632' title='bbox 3825 3093 4027 3158; x_wconf 85' lang='lat' dir='ltr'>fuisse</span> <span class='ocrx_word' id='word_1_633' title='bbox 4059 3091 4461 3157; x_wconf 85' lang='lat' dir='ltr'>ordinatum.</span> <span class='ocrx_word' id='word_1_634' title='bbox 4523 3091 4652 3157; x_wconf 85' lang='lat' dir='ltr'>Nos</span> 
     </span>
     <span class='ocr_line' id='line_1_91' title="bbox 2698 3177 4652 3262; baseline -0.001 -19"><span class='ocrx_word' id='word_1_635' title='bbox 2698 3186 2925 3243; x_wconf 88' lang='lat' dir='ltr'>tamen</span> <span class='ocrx_word' id='word_1_636' title='bbox 2977 3177 3177 3244; x_wconf 87' lang='lat' dir='ltr'>certis</span> <span class='ocrx_word' id='word_1_637' title='bbox 3233 3179 3442 3262; x_wconf 90' lang='lat' dir='ltr'>signis</span> <span class='ocrx_word' id='word_1_638' title='bbox 3507 3177 4051 3246; x_wconf 81' lang='lat' dir='ltr'>animadvertisse</span> <span class='ocrx_word' id='word_1_639' title='bbox 4069 3229 4085 3258; x_wconf 92' lang='lat'>‚</span> <span class='ocrx_word' id='word_1_640' title='bbox 4142 3197 4397 3243; x_wconf 85' lang='lat' dir='ltr'>meram</span> <span class='ocrx_word' id='word_1_641' title='bbox 4454 3179 4652 3243; x_wconf 77' lang='lat' dir='ltr'>fuisse</span> 
     </span>
     <span class='ocr_line' id='line_1_92' title="bbox 2699 3263 4654 3347; baseline 0.001 -18"><span class='ocrx_word' id='word_1_642' title='bbox 2699 3264 3188 3329; x_wconf 87' lang='lat' dir='ltr'>simulationem</span> <span class='ocrx_word' id='word_1_643' title='bbox 3229 3263 3404 3347; x_wconf 89' lang='grc'><strong>116011</strong></span> <span class='ocrx_word' id='word_1_644' title='bbox 3439 3284 3510 3328; x_wconf 91' lang='grc'>66</span> <span class='ocrx_word' id='word_1_645' title='bbox 3544 3284 3777 3347; x_wconf 87' lang='lat' dir='ltr'>passus</span> <span class='ocrx_word' id='word_1_646' title='bbox 3819 3265 4048 3331; x_wconf 85' lang='lat' dir='ltr'>fuisset</span> <span class='ocrx_word' id='word_1_647' title='bbox 4090 3263 4401 3329; x_wconf 85' lang='lat' dir='ltr'>ordinari.</span> <span class='ocrx_word' id='word_1_648' title='bbox 4466 3264 4654 3331; x_wconf 83' lang='lat' dir='ltr'>Nunc</span> 
     </span>
     <span class='ocr_line' id='line_1_93' title="bbox 2699 3349 4653 3433; baseline 0 -18"><span class='ocrx_word' id='word_1_649' title='bbox 2699 3370 2854 3415; x_wconf 91' lang='lat' dir='ltr'>eum</span> <span class='ocrx_word' id='word_1_650' title='bbox 2890 3350 3271 3415; x_wconf 90' lang='lat' dir='ltr'>missionem</span> <span class='ocrx_word' id='word_1_651' title='bbox 3305 3359 3547 3432; x_wconf 90' lang='lat' dir='ltr'>petere,</span> <span class='ocrx_word' id='word_1_652' title='bbox 3595 3349 3949 3415; x_wconf 88' lang='lat' dir='ltr'>obtendere</span> <span class='ocrx_word' id='word_1_653' title='bbox 3992 3371 4224 3417; x_wconf 86' lang='lat' dir='ltr'>causas</span> <span class='ocrx_word' id='word_1_654' title='bbox 4259 3370 4431 3433; x_wconf 89' lang='lat' dir='ltr'>quae</span> <span class='ocrx_word' id='word_1_655' title='bbox 4470 3350 4653 3416; x_wconf 81' lang='lat' dir='ltr'>nobis</span> 
     </span>
     <span class='ocr_line' id='line_1_94' title="bbox 2699 3434 4657 3520; baseline 0.001 -21"><span class='ocrx_word' id='word_1_656' title='bbox 2699 3436 2886 3500; x_wconf 90' lang='lat' dir='ltr'>nullo</span> <span class='ocrx_word' id='word_1_657' title='bbox 2943 3434 3136 3500; x_wconf 93' lang='lat' dir='ltr'>modo</span> <span class='ocrx_word' id='word_1_658' title='bbox 3193 3437 3645 3519; x_wconf 87' lang='lat' dir='ltr'>probarentur.</span> <span class='ocrx_word' id='word_1_659' title='bbox 3736 3435 3874 3501; x_wconf 92' lang='lat' dir='ltr'>Nos</span> <span class='ocrx_word' id='word_1_660' title='bbox 3932 3434 4198 3518; x_wconf 86' lang='lat' dir='ltr'>quidem</span> <span class='ocrx_word' id='word_1_661' title='bbox 4242 3455 4657 3520; x_wconf 72' lang='lat' dir='ltr'>nequaquam</span> 
     </span>
     <span class='ocr_line' id='line_1_95' title="bbox 2701 3519 4653 3604; baseline 0 -17"><span class='ocrx_word' id='word_1_662' title='bbox 2701 3530 2958 3587; x_wconf 89' lang='lat' dir='ltr'>autores</span> <span class='ocrx_word' id='word_1_663' title='bbox 3022 3542 3165 3587; x_wconf 90' lang='lat' dir='ltr'>esse</span> <span class='ocrx_word' id='word_1_664' title='bbox 3230 3522 3373 3586; x_wconf 91' lang='grc'><strong>6166</strong></span> <span class='ocrx_word' id='word_1_665' title='bbox 3436 3519 3763 3587; x_wconf 83' lang='lat' dir='ltr'>retinendi</span> <span class='ocrx_word' id='word_1_666' title='bbox 3779 3573 3794 3598; x_wconf 89' lang='lat'>,</span> <span class='ocrx_word' id='word_1_667' title='bbox 3862 3523 4017 3604; x_wconf 90' lang='lat' dir='ltr'>quia</span> <span class='ocrx_word' id='word_1_668' title='bbox 4076 3521 4330 3588; x_wconf 89' lang='lat' dir='ltr'>inutilis</span> <span class='ocrx_word' id='word_1_669' title='bbox 4394 3522 4653 3587; x_wconf 85' lang='lat' dir='ltr'>futurus</span> 
     </span>
     <span class='ocr_line' id='line_1_96' title="bbox 2699 3605 4653 3690; baseline -0.001 -18"><span class='ocrx_word' id='word_1_670' title='bbox 2699 3614 2897 3685; x_wconf 89' lang='lat' dir='ltr'>esset,</span> <span class='ocrx_word' id='word_1_671' title='bbox 2958 3606 3072 3672; x_wconf 90' lang='lat' dir='ltr'>sed</span> <span class='ocrx_word' id='word_1_672' title='bbox 3128 3607 3346 3690; x_wconf 87' lang='lat' dir='ltr'>potius</span> <span class='ocrx_word' id='word_1_673' title='bbox 3389 3605 3890 3690; x_wconf 89' lang='lat' dir='ltr'>relinquendum</span> <span class='ocrx_word' id='word_1_674' title='bbox 3934 3628 4077 3672; x_wconf 90' lang='lat' dir='ltr'>esse</span> <span class='ocrx_word' id='word_1_675' title='bbox 4119 3615 4197 3671; x_wconf 89' lang='lat' dir='ltr'>ut</span> <span class='ocrx_word' id='word_1_676' title='bbox 4238 3606 4481 3687; x_wconf 87' lang='lat' dir='ltr'>abiret,</span> <span class='ocrx_word' id='word_1_677' title='bbox 4538 3608 4653 3671; x_wconf 92' lang='lat' dir='ltr'>im-</span> 
     </span>
     <span class='ocr_line' id='line_1_97' title="bbox 2699 3690 4655 3778; baseline 0.001 -21"><span class='ocrx_word' id='word_1_678' title='bbox 2699 3693 2970 3778; x_wconf 88' lang='lat' dir='ltr'>probato</span> <span class='ocrx_word' id='word_1_679' title='bbox 3014 3702 3237 3758; x_wconf 88' lang='lat' dir='ltr'>tamen</span> <span class='ocrx_word' id='word_1_680' title='bbox 3282 3714 3357 3758; x_wconf 92' lang='lat' dir='ltr'>ac</span> <span class='ocrx_word' id='word_1_681' title='bbox 3402 3692 3713 3757; x_wconf 88' lang='lat' dir='ltr'>damnato</span> <span class='ocrx_word' id='word_1_682' title='bbox 3756 3692 3899 3757; x_wconf 91' lang='lat' dir='ltr'>eius</span> <span class='ocrx_word' id='word_1_683' title='bbox 3944 3690 4246 3758; x_wconf 88' lang='lat' dir='ltr'>discessu.</span> <span class='ocrx_word' id='word_1_684' title='bbox 4306 3693 4455 3759; x_wconf 89' lang='lat' dir='ltr'>Nisi</span> <span class='ocrx_word' id='word_1_685' title='bbox 4500 3692 4655 3758; x_wconf 87' lang='lat' dir='ltr'>haec</span> 
     </span>
     <span class='ocr_line' id='line_1_98' title="bbox 2700 3777 4656 3863; baseline 0 -20"><span class='ocrx_word' id='word_1_686' title='bbox 2700 3780 2923 3844; x_wconf 90' lang='lat' dir='ltr'>omnia</span> <span class='ocrx_word' id='word_1_687' title='bbox 2955 3780 3095 3863; x_wconf 90' lang='lat' dir='ltr'>ipse</span> <span class='ocrx_word' id='word_1_688' title='bbox 3130 3780 3538 3862; x_wconf 89' lang='lat' dir='ltr'>approbaret,</span> <span class='ocrx_word' id='word_1_689' title='bbox 3582 3778 3654 3842; x_wconf 91' lang='lat' dir='ltr'>in</span> <span class='ocrx_word' id='word_1_690' title='bbox 3691 3777 4021 3843; x_wconf 88' lang='lat' dir='ltr'>mandatis</span> <span class='ocrx_word' id='word_1_691' title='bbox 4056 3777 4388 3845; x_wconf 91' lang='lat' dir='ltr'>habebant</span> <span class='ocrx_word' id='word_1_692' title='bbox 4421 3779 4656 3843; x_wconf 86' lang='lat' dir='ltr'>fratres</span> 
     </span>
     <span class='ocr_line' id='line_1_99' title="bbox 2703 3862 4652 3946; baseline 0.001 -17"><span class='ocrx_word' id='word_1_693' title='bbox 2703 3872 2912 3929; x_wconf 89' lang='lat' dir='ltr'>totam</span> <span class='ocrx_word' id='word_1_694' title='bbox 2947 3865 3127 3930; x_wconf 83' lang='lat' dir='ltr'>vitae</span> <span class='ocrx_word' id='word_1_695' title='bbox 3163 3865 3304 3929; x_wconf 90' lang='lat' dir='ltr'>eius</span> <span class='ocrx_word' id='word_1_696' title='bbox 3337 3864 3683 3930; x_wconf 87' lang='lat' dir='ltr'>historiam</span> <span class='ocrx_word' id='word_1_697' title='bbox 3727 3863 4042 3929; x_wconf 86' lang='lat' dir='ltr'>dedecore</span> <span class='ocrx_word' id='word_1_698' title='bbox 4083 3862 4348 3946; x_wconf 91' lang='lat' dir='ltr'>plenam</span> <span class='ocrx_word' id='word_1_699' title='bbox 4392 3865 4652 3930; x_wconf 80' lang='lat' dir='ltr'>referre.</span> 
     </span>
     <span class='ocr_line' id='line_1_100' title="bbox 2702 3949 4654 4034; baseline -0.001 -18"><span class='ocrx_word' id='word_1_700' title='bbox 2702 3949 3054 4016; x_wconf 80' lang='lat' dir='ltr'>Sententia</span> <span class='ocrx_word' id='word_1_701' title='bbox 3094 3950 3360 4034; x_wconf 90' lang='lat' dir='ltr'>quidem</span> <span class='ocrx_word' id='word_1_702' title='bbox 3416 3959 3645 4017; x_wconf 87' lang='lat' dir='ltr'>nostra</span> <span class='ocrx_word' id='word_1_703' title='bbox 3687 3970 3727 4013; x_wconf 90' lang='lat' dir='ltr'>a</span> <span class='ocrx_word' id='word_1_704' title='bbox 3770 3970 3886 4033; x_wconf 93' lang='lat' dir='ltr'>spe</span> <span class='ocrx_word' id='word_1_705' title='bbox 3928 3950 4283 4015; x_wconf 88' lang='lat' dir='ltr'>ministerii</span> <span class='ocrx_word' id='word_1_706' title='bbox 4325 3950 4398 4014; x_wconf 91' lang='grc'>16</span> <span class='ocrx_word' id='word_1_707' title='bbox 4444 3958 4654 4033; x_wconf 84' lang='lat' dir='ltr'>poste-</span> 
     </span>
     <span class='ocr_line' id='line_1_101' title="bbox 2699 4035 4655 4104; baseline 0.001 -3"><span class='ocrx_word' id='word_1_708' title='bbox 2699 4057 2852 4101; x_wconf 92' lang='lat' dir='ltr'>rum</span> <span class='ocrx_word' id='word_1_709' title='bbox 2895 4045 3038 4102; x_wconf 91' lang='lat' dir='ltr'>erat</span> <span class='ocrx_word' id='word_1_710' title='bbox 3079 4035 3404 4104; x_wconf 81' lang='lat' dir='ltr'>exclusus.</span> <span class='ocrx_word' id='word_1_711' title='bbox 3495 4035 3852 4102; x_wconf 82' lang='lat' dir='ltr'>Confessus</span> <span class='ocrx_word' id='word_1_712' title='bbox 3909 4043 4011 4101; x_wconf 86' lang='lat' dir='ltr'>est</span> <span class='ocrx_word' id='word_1_713' title='bbox 4052 4036 4477 4102; x_wconf 84' lang='lat' dir='ltr'>verissimum</span> <span class='ocrx_word' id='word_1_714' title='bbox 4517 4054 4655 4102; x_wconf 83' lang='lat' dir='ltr'>esse</span> 
     </span>
     <span class='ocr_line' id='line_1_102' title="bbox 2701 4120 4657 4206; baseline -0.002 -19"><span class='ocrx_word' id='word_1_715' title='bbox 2701 4120 3016 4206; x_wconf 90' lang='lat' dir='ltr'>quidquid</span> <span class='ocrx_word' id='word_1_716' title='bbox 3071 4122 3378 4188; x_wconf 80' lang='lat' dir='ltr'>dixerant</span> <span class='ocrx_word' id='word_1_717' title='bbox 3433 4123 3671 4188; x_wconf 86' lang='lat' dir='ltr'>fratres</span> <span class='ocrx_word' id='word_1_718' title='bbox 3715 4122 3943 4188; x_wconf 88' lang='lat' dir='ltr'>nostri.</span> <span class='ocrx_word' id='word_1_719' title='bbox 4032 4121 4280 4186; x_wconf 79' lang='lat' dir='ltr'>Triduo</span> <span class='ocrx_word' id='word_1_720' title='bbox 4326 4129 4503 4204; x_wconf 82' lang='lat' dir='ltr'>post,</span> <span class='ocrx_word' id='word_1_721' title='bbox 4549 4124 4657 4187; x_wconf 82' lang='lat' dir='ltr'>aut</span> 
     </span>
     <span class='ocr_line' id='line_1_103' title="bbox 2700 4205 4654 4287; baseline -0.002 -13"><span class='ocrx_word' id='word_1_722' title='bbox 2700 4208 2978 4287; x_wconf 87' lang='lat' dir='ltr'>circiter,</span> <span class='ocrx_word' id='word_1_723' title='bbox 3024 4208 3264 4274; x_wconf 87' lang='lat' dir='ltr'>obtulit</span> <span class='ocrx_word' id='word_1_724' title='bbox 3305 4231 3375 4274; x_wconf 90' lang='lat' dir='ltr'>se</span> <span class='ocrx_word' id='word_1_725' title='bbox 3418 4207 3730 4273; x_wconf 89' lang='lat' dir='ltr'>fratribus</span> <span class='ocrx_word' id='word_1_726' title='bbox 3775 4207 4002 4273; x_wconf 86' lang='lat' dir='ltr'>classis</span> <span class='ocrx_word' id='word_1_727' title='bbox 4036 4207 4366 4286; x_wconf 79' lang='lat' dir='ltr'>Gaiensis,</span> <span class='ocrx_word' id='word_1_728' title='bbox 4411 4214 4495 4272; x_wconf 88' lang='lat' dir='ltr'>ut</span> <span class='ocrx_word' id='word_1_729' title='bbox 4534 4205 4654 4272; x_wconf 87' lang='lat' dir='ltr'>sibi</span> 
     </span>
     <span class='ocr_line' id='line_1_104' title="bbox 2699 4291 4652 4378; baseline 0.001 -19"><span class='ocrx_word' id='word_1_730' title='bbox 2699 4294 2883 4360; x_wconf 89' lang='grc'><strong>10666</strong></span> <span class='ocrx_word' id='word_1_731' title='bbox 2926 4293 3100 4378; x_wconf 89' lang='lat' dir='ltr'>apud</span> <span class='ocrx_word' id='word_1_732' title='bbox 3144 4316 3254 4361; x_wconf 92' lang='lat' dir='ltr'>eos</span> <span class='ocrx_word' id='word_1_733' title='bbox 3289 4294 3571 4360; x_wconf 88' lang='lat' dir='ltr'>daretur.</span> <span class='ocrx_word' id='word_1_734' title='bbox 3633 4294 3765 4360; x_wconf 88' lang='lat' dir='ltr'>Hic</span> <span class='ocrx_word' id='word_1_735' title='bbox 3800 4295 4066 4359; x_wconf 89' lang='lat' dir='ltr'>cernitis</span> <span class='ocrx_word' id='word_1_736' title='bbox 4104 4292 4392 4359; x_wconf 89' lang='lat' dir='ltr'>hominis</span> <span class='ocrx_word' id='word_1_737' title='bbox 4427 4291 4652 4376; x_wconf 85' lang='lat' dir='ltr'>despe-</span> 
     </span>
     <span class='ocr_line' id='line_1_105' title="bbox 2700 4378 4654 4463; baseline -0.003 -16"><span class='ocrx_word' id='word_1_738' title='bbox 2700 4387 2916 4447; x_wconf 87' lang='lat' dir='ltr'>ratam</span> <span class='ocrx_word' id='word_1_739' title='bbox 2966 4379 3456 4463; x_wconf 90' lang='lat' dir='ltr'>impudentiam.</span> <span class='ocrx_word' id='word_1_740' title='bbox 3549 4378 3683 4460; x_wconf 90' lang='grc'>961</span> <span class='ocrx_word' id='word_1_741' title='bbox 3739 4379 3809 4444; x_wconf 90' lang='grc'>16</span> <span class='ocrx_word' id='word_1_742' title='bbox 3864 4388 4053 4445; x_wconf 89' lang='lat' dir='ltr'>coetu</span> <span class='ocrx_word' id='word_1_743' title='bbox 4116 4388 4340 4445; x_wconf 89' lang='lat' dir='ltr'>nostro</span> <span class='ocrx_word' id='word_1_744' title='bbox 4394 4378 4496 4446; x_wconf 84' lang='lat' dir='ltr'>bis</span> <span class='ocrx_word' id='word_1_745' title='bbox 4541 4382 4654 4444; x_wconf 83' lang='lat' dir='ltr'>aut</span> 
     </span>
     <span class='ocr_line' id='line_1_106' title="bbox 2698 4464 4651 4549; baseline -0.001 -18"><span class='ocrx_word' id='word_1_746' title='bbox 2698 4474 2801 4531; x_wconf 90' lang='lat' dir='ltr'>ter</span> <span class='ocrx_word' id='word_1_747' title='bbox 2844 4481 3230 4544; x_wconf 87' lang='lat' dir='ltr'>asseruerat,</span> <span class='ocrx_word' id='word_1_748' title='bbox 3275 4466 3399 4532; x_wconf 90' lang='lat' dir='ltr'>sibi</span> <span class='ocrx_word' id='word_1_749' title='bbox 3443 4465 3810 4534; x_wconf 84' lang='lat' dir='ltr'>necessario</span> <span class='ocrx_word' id='word_1_750' title='bbox 3852 4467 3934 4532; x_wconf 89' lang='lat' dir='ltr'>ab</span> <span class='ocrx_word' id='word_1_751' title='bbox 3977 4465 4159 4531; x_wconf 86' lang='lat' dir='ltr'>omui</span> <span class='ocrx_word' id='word_1_752' title='bbox 4200 4464 4464 4549; x_wconf 91' lang='lat' dir='ltr'>publico</span> <span class='ocrx_word' id='word_1_753' title='bbox 4508 4485 4651 4529; x_wconf 88' lang='lat' dir='ltr'>mu·</span> 
     </span>
     <span class='ocr_line' id='line_1_107' title="bbox 2700 4550 4652 4637; baseline -0.002 -20"><span class='ocrx_word' id='word_1_754' title='bbox 2700 4574 2859 4617; x_wconf 90' lang='lat' dir='ltr'>nere</span> <span class='ocrx_word' id='word_1_755' title='bbox 2919 4551 3480 4637; x_wconf 86' lang='lat' dir='ltr'>supersedendum</span> <span class='ocrx_word' id='word_1_756' title='bbox 3549 4572 3720 4627; x_wconf 90' lang='lat' dir='ltr'>esse,</span> <span class='ocrx_word' id='word_1_757' title='bbox 3780 4550 3956 4615; x_wconf 91' lang='lat' dir='ltr'>idem</span> <span class='ocrx_word' id='word_1_758' title='bbox 4012 4552 4084 4615; x_wconf 90' lang='lat' dir='ltr'>in</span> <span class='ocrx_word' id='word_1_759' title='bbox 4140 4558 4376 4617; x_wconf 89' lang='lat' dir='ltr'>senatu</span> <span class='ocrx_word' id='word_1_760' title='bbox 4427 4558 4652 4615; x_wconf 84' lang='lat' dir='ltr'>nostro</span> 
     </span>
     <span class='ocr_line' id='line_1_108' title="bbox 2700 4635 4648 4720; baseline -0.003 -16"><span class='ocrx_word' id='word_1_761' title='bbox 2700 4640 3236 4715; x_wconf 88' lang='lat' dir='ltr'>confirmaverat,</span> <span class='ocrx_word' id='word_1_762' title='bbox 3283 4638 3511 4702; x_wconf 89' lang='lat' dir='ltr'>statim</span> <span class='ocrx_word' id='word_1_763' title='bbox 3554 4636 3992 4703; x_wconf 87' lang='lat' dir='ltr'>conditionem</span> <span class='ocrx_word' id='word_1_764' title='bbox 4037 4636 4118 4701; x_wconf 88' lang='lat' dir='ltr'>ad</span> <span class='ocrx_word' id='word_1_765' title='bbox 4162 4643 4384 4720; x_wconf 86' lang='lat' dir='ltr'>portas</span> <span class='ocrx_word' id='word_1_766' title='bbox 4428 4635 4648 4701; x_wconf 84' lang='lat' dir='ltr'>ambit.</span> 
     </span>
     <span class='ocr_line' id='line_1_109' title="bbox 2699 4722 4651 4790; baseline -0.001 -3"><span class='ocrx_word' id='word_1_767' title='bbox 2699 4724 2840 4790; x_wconf 88' lang='lat' dir='ltr'>Vos</span> <span class='ocrx_word' id='word_1_768' title='bbox 2885 4725 3155 4790; x_wconf 89' lang='lat' dir='ltr'>statuite</span> <span class='ocrx_word' id='word_1_769' title='bbox 3208 4744 3294 4787; x_wconf 90' lang='lat' dir='ltr'>an</span> <span class='ocrx_word' id='word_1_770' title='bbox 3340 4722 3676 4788; x_wconf 88' lang='lat' dir='ltr'>tolerabile</span> <span class='ocrx_word' id='word_1_771' title='bbox 3731 4725 3819 4788; x_wconf 91' lang='lat' dir='ltr'>sit</span> <span class='ocrx_word' id='word_1_772' title='bbox 3861 4724 4237 4788; x_wconf 91' lang='lat' dir='ltr'>ministrum</span> <span class='ocrx_word' id='word_1_773' title='bbox 4280 4723 4463 4788; x_wconf 84' lang='lat' dir='ltr'>verbi</span> <span class='ocrx_word' id='word_1_774' title='bbox 4511 4723 4651 4786; x_wconf 88' lang='lat' dir='ltr'>Deo</span> 
     </span>
     <span class='ocr_line' id='line_1_110' title="bbox 2699 4808 4651 4889; baseline -0.001 -15"><span class='ocrx_word' id='word_1_775' title='bbox 2699 4818 2767 4874; x_wconf 91' lang='lat' dir='ltr'>et</span> <span class='ocrx_word' id='word_1_776' title='bbox 2808 4809 3118 4876; x_wconf 90' lang='lat' dir='ltr'>ecclesiae</span> <span class='ocrx_word' id='word_1_777' title='bbox 3160 4811 3424 4874; x_wconf 90' lang='lat' dir='ltr'>mentiri</span> <span class='ocrx_word' id='word_1_778' title='bbox 3468 4811 3537 4873; x_wconf 91' lang='lat' dir='ltr'>in</span> <span class='ocrx_word' id='word_1_779' title='bbox 3582 4831 3653 4874; x_wconf 91' lang='lat' dir='ltr'>re</span> <span class='ocrx_word' id='word_1_780' title='bbox 3697 4819 3898 4874; x_wconf 86' lang='lat' dir='ltr'>tanta.</span> <span class='ocrx_word' id='word_1_781' title='bbox 3967 4809 4117 4889; x_wconf 92' lang='grc'>960</span> <span class='ocrx_word' id='word_1_782' title='bbox 4153 4830 4223 4874; x_wconf 90' lang='grc'>66</span> <span class='ocrx_word' id='word_1_783' title='bbox 4256 4809 4329 4872; x_wconf 90' lang='grc'>16</span> <span class='ocrx_word' id='word_1_784' title='bbox 4372 4808 4651 4873; x_wconf 74' lang='lat' dir='ltr'>fratrum</span> 
     </span>
     <span class='ocr_line' id='line_1_111' title="bbox 2699 4892 4650 4971; baseline -0.003 -10"><span class='ocrx_word' id='word_1_785' title='bbox 2699 4897 3087 4961; x_wconf 81' lang='lat' dir='ltr'>Gaiensium</span> <span class='ocrx_word' id='word_1_786' title='bbox 3166 4897 3461 4960; x_wconf 84' lang='lat' dir='ltr'>favorem</span> <span class='ocrx_word' id='word_1_787' title='bbox 3538 4896 3937 4971; x_wconf 87' lang='lat' dir='ltr'>insinuaret,</span> <span class='ocrx_word' id='word_1_788' title='bbox 4014 4896 4209 4958; x_wconf 85' lang='lat' dir='ltr'>finxit</span> <span class='ocrx_word' id='word_1_789' title='bbox 4273 4915 4344 4959; x_wconf 91' lang='lat' dir='ltr'>se</span> <span class='ocrx_word' id='word_1_790' title='bbox 4411 4892 4650 4958; x_wconf 87' lang='lat' dir='ltr'>habere</span> 
     </span>
     <span class='ocr_line' id='line_1_112' title="bbox 2700 4978 4648 5065; baseline -0.002 -18"><span class='ocrx_word' id='word_1_791' title='bbox 2700 4981 3017 5065; x_wconf 87' lang='lat' dir='ltr'>quaedam</span> <span class='ocrx_word' id='word_1_792' title='bbox 3072 5003 3313 5047; x_wconf 89' lang='lat' dir='ltr'>arcana</span> <span class='ocrx_word' id='word_1_793' title='bbox 3365 5001 3530 5064; x_wconf 87' lang='lat' dir='ltr'>quae</span> <span class='ocrx_word' id='word_1_794' title='bbox 3582 4982 3654 5044; x_wconf 91' lang='lat' dir='ltr'>in</span> <span class='ocrx_word' id='word_1_795' title='bbox 3710 4991 3970 5063; x_wconf 89' lang='lat' dir='ltr'>tempus</span> <span class='ocrx_word' id='word_1_796' title='bbox 4029 4988 4473 5064; x_wconf 88' lang='lat' dir='ltr'>opportunum</span> <span class='ocrx_word' id='word_1_797' title='bbox 4527 4978 4648 5043; x_wconf 80' lang='lat' dir='ltr'>dif-</span> 
     </span>
     <span class='ocr_line' id='line_1_113' title="bbox 2698 5065 4645 5149; baseline -0.001 -19"><span class='ocrx_word' id='word_1_798' title='bbox 2698 5067 2916 5134; x_wconf 86' lang='lat' dir='ltr'>ferret.</span> <span class='ocrx_word' id='word_1_799' title='bbox 2966 5068 3297 5132; x_wconf 86' lang='lat' dir='ltr'>Privatim</span> <span class='ocrx_word' id='word_1_800' title='bbox 3332 5068 3850 5149; x_wconf 86' lang='lat' dir='ltr'>conquerebatur</span> <span class='ocrx_word' id='word_1_801' title='bbox 3885 5067 3953 5130; x_wconf 91' lang='lat' dir='ltr'>in</span> <span class='ocrx_word' id='word_1_802' title='bbox 3992 5089 4182 5131; x_wconf 88' lang='lat' dir='ltr'>aures</span> <span class='ocrx_word' id='word_1_803' title='bbox 4219 5065 4645 5149; x_wconf 84' lang='lat' dir='ltr'>singulorum,</span> 
     </span>
     <span class='ocr_line' id='line_1_114' title="bbox 2697 5149 4642 5226; baseline -0.003 -8"><span class='ocrx_word' id='word_1_804' title='bbox 2697 5155 2969 5218; x_wconf 87' lang='lat' dir='ltr'>fratrem</span> <span class='ocrx_word' id='word_1_805' title='bbox 3005 5165 3304 5218; x_wconf 86' lang='lat' dir='ltr'>nostrum</span> <span class='ocrx_word' id='word_1_806' title='bbox 3334 5150 3669 5219; x_wconf 81' lang='lat' dir='ltr'>Calvinum</span> <span class='ocrx_word' id='word_1_807' title='bbox 3703 5151 3828 5216; x_wconf 91' lang='lat' dir='ltr'>sibi</span> <span class='ocrx_word' id='word_1_808' title='bbox 3864 5164 3930 5216; x_wconf 89' lang='lat' dir='ltr'>et</span> <span class='ocrx_word' id='word_1_809' title='bbox 3963 5152 4222 5217; x_wconf 91' lang='lat' dir='ltr'>cuidam</span> <span class='ocrx_word' id='word_1_810' title='bbox 4266 5149 4472 5217; x_wconf 88' lang='lat' dir='ltr'>sodali</span> <span class='ocrx_word' id='word_1_811' title='bbox 4503 5169 4642 5226; x_wconf 90' lang='grc'><strong>660,</strong></span> 
     </span>
     <span class='ocr_line' id='line_1_115' title="bbox 2697 5234 4642 5322; baseline 0 -20"><span class='ocrx_word' id='word_1_812' title='bbox 2697 5240 2808 5322; x_wconf 88' lang='grc'><strong>11111</strong></span> <span class='ocrx_word' id='word_1_813' title='bbox 2854 5261 3004 5305; x_wconf 89' lang='lat' dir='ltr'>cum</span> <span class='ocrx_word' id='word_1_814' title='bbox 3042 5259 3119 5304; x_wconf 92' lang='lat' dir='ltr'>eo</span> <span class='ocrx_word' id='word_1_815' title='bbox 3162 5260 3378 5322; x_wconf 91' lang='lat' dir='ltr'>nuper</span> <span class='ocrx_word' id='word_1_816' title='bbox 3421 5239 3502 5303; x_wconf 89' lang='lat' dir='ltr'>ad</span> <span class='ocrx_word' id='word_1_817' title='bbox 3550 5259 3666 5303; x_wconf 85' lang='lat' dir='ltr'>vos</span> <span class='ocrx_word' id='word_1_818' title='bbox 3726 5239 4078 5312; x_wconf 83' lang='lat' dir='ltr'>(nescimus</span> <span class='ocrx_word' id='word_1_819' title='bbox 4123 5258 4252 5320; x_wconf 89' lang='lat' dir='ltr'>qua</span> <span class='ocrx_word' id='word_1_820' title='bbox 4296 5237 4377 5302; x_wconf 88' lang='lat' dir='ltr'>de</span> <span class='ocrx_word' id='word_1_821' title='bbox 4418 5234 4642 5318; x_wconf 73' lang='lat' dir='ltr'>causa)</span> 
     </span>
     <span class='ocr_line' id='line_1_116' title="bbox 2696 5322 4642 5409; baseline -0.002 -18"><span class='ocrx_word' id='word_1_822' title='bbox 2696 5326 3022 5409; x_wconf 83' lang='lat' dir='ltr'>profectus</span> <span class='ocrx_word' id='word_1_823' title='bbox 3067 5333 3195 5400; x_wconf 88' lang='lat' dir='ltr'>est,</span> <span class='ocrx_word' id='word_1_824' title='bbox 3243 5325 3557 5390; x_wconf 86' lang='lat' dir='ltr'>infestum</span> <span class='ocrx_word' id='word_1_825' title='bbox 3600 5345 3778 5402; x_wconf 88' lang='lat' dir='ltr'>esse,</span> <span class='ocrx_word' id='word_1_826' title='bbox 3825 5322 3998 5406; x_wconf 90' lang='lat' dir='ltr'>quod</span> <span class='ocrx_word' id='word_1_827' title='bbox 4040 5323 4387 5407; x_wconf 89' lang='lat' dir='ltr'>parochiae</span> <span class='ocrx_word' id='word_1_828' title='bbox 4429 5322 4642 5389; x_wconf 88' lang='lat' dir='ltr'>cuius-</span> 
     </span>
    </p>
   </div>
   <div class='ocr_carea' id='block_1_7' title="bbox 4794 2929 4819 3952">
    <p class='ocr_par' dir='ltr' id='par_1_7' title="bbox 4794 2929 4819 3952">
     <span class='ocr_line' id='line_1_117' title="bbox 4794 2929 4819 3952; baseline 0 0"><span class='ocrx_word' id='word_1_829' title='bbox 4794 2929 4819 3952; x_wconf 95' lang='lat' dir='ltr'> </span> 
     </span>
    </p>
   </div>
  </div>
 </body>
</html>
