4825 6175
679 450 809 514 343

679 653 1168 719 supervacuum
1211 634 1394 699 foret.
1458 633 1535 700 Si
1579 634 2028 701 cancellarius
2074 634 2412 720 adspirare
2455 633 2632 699 volet

681 741 803 786 suo
847 718 1103 798 favore,
1159 721 1378 785 omnia
1421 720 1586 786 bene
1627 719 1985 787 habebunt.
2075 720 2211 788 Sed
2256 722 2409 804 quia
2452 720 2630 784 timi-

682 805 806 871 dus
847 814 950 870 est
991 826 1068 870 ac
1112 805 1369 882 tardus,
1415 805 1779 872 curandum
1824 808 1953 872 erit
1995 816 2071 872 ut
2113 807 2351 872 acriter
2392 825 2630 890 urgea-

677 899 810 957 tur.
901 890 1123 971 Quare
1175 912 1306 956 non
1358 892 1578 958 minus
1628 892 2056 958 laborandum
2097 894 2223 958 erit
2263 892 2337 957 in
2379 892 2487 957 his
2530 913 2632 957 se-

679 975 911 1044 cundis
968 976 1265 1061 partibus
1304 997 1502 1060 quam
1545 978 1616 1042 in
1659 979 1906 1062 primis.
1991 977 2272 1061 Semper
2313 998 2471 1043 vero
2513 997 2631 1042 no-

681 1064 983 1128 minatim
1042 1061 1448 1128 excludenda
1507 1064 1841 1129 abiuratio.
1928 1064 2238 1130 Facimus
2282 1065 2461 1128 enim
2506 1060 2630 1129 Sa-

681 1157 879 1214 tanae
941 1148 1229 1214 officium
1283 1150 1338 1214 si
1395 1150 1572 1214 viam
1626 1149 1798 1216 hanc
1854 1150 2286 1233 patefacimus
2342 1148 2501 1232 piis,
2554 1155 2629 1213 ut

679 1232 813 1299 illis
879 1233 1224 1299 Christum
1290 1233 1483 1298 liceat
1547 1235 1890 1320 abnegare.
1982 1236 2224 1300 'Potum
2289 1234 2629 1318 negotium

683 1317 1035 1403 diligenter
1098 1319 1482 1385 commendo
1546 1321 1832 1402 primum
1895 1321 1979 1386 D.
2025 1320 2259 1387 Iacobo
2328 1320 2629 1399 Stumio,

682 1404 867 1470 cuius
909 1406 983 1469 in
1026 1405 1460 1471 conventibus
1503 1407 1816 1488 primaria
1854 1415 1954 1472 est
1997 1408 2345 1485 autoritas,
2392 1403 2631 1470 deinde
2653 1410 2667 1426 '

681 1487 956 1565 Buoero,
1015 1500 1090 1555 ut
1129 1511 1289 1573 quos
1339 1491 1585 1575 poterit
1625 1492 1913 1576 instiget.
2003 1494 2299 1557 Rursum
2348 1491 2631 1556 Sturmio

681 1584 748 1638 et
787 1573 874 1638 D.
911 1574 1255 1654 Ulvicho,⁵)
1300 1585 1374 1641 ut
1417 1598 1604 1642 suam
1652 1598 1905 1661 quoque
1947 1598 2296 1662 personam
2342 1578 2629 1659 interpo-

677 1667 860 1725 nant.
942 1661 1079 1726 Res
1119 1662 1264 1744 ipsa
1303 1663 1492 1727 vobis
1536 1661 1716 1727 dabit
1757 1664 2119 1729 consilium.
2196 1662 2429 1745 Neque
2472 1682 2630 1727 vero

677 1746 836 1811 estis
881 1747 1128 1812 tirones
1161 1766 1323 1830 quos
1356 1747 1686 1813 mandatis
1725 1749 1965 1814 instrui
2001 1757 2315 1832 oporteat.
2372 1748 2627 1825 Valete‚

677 1830 918 1897 fiatres
960 1830 1122 1896 mihi
1168 1833 1505 1899 carissimi.
1593 1835 1924 1900 Dominus
1982 1835 2124 1901 eius
2164 1835 2292 1900 iter
2333 1836 2633 1900 fortunet

721 1918 790 1981 ui
839 1917 1153 2001 suscipiet
1203 1939 1463 1985 sacrum
1520 1921 1644 1986 hoc
1688 1921 2144 2004 patrocinium.
2166 1922 2223 2000 θ)
2311 1919 2630 1986 Genevae

737 2001 991 2068 alendis
1034 2004 1196 2069 Maii
1248 2008 1428 2069 1546.
1449 2004 1505 2088 ⁷)

1534 2091 1817 2158 Ioannes
1861 2090 2175 2158 Calvinus
2217 2098 2451 2157 vester.

1448 2333 1854 2342 μ..-

1571 2530 1724 2601 796.

1160 2683 1630 2752 GALVINUS
1677 2684 2130 2752 MYOONIO.

843 2853 945 2920 De
987 2854 1228 2920 duobus
1256 2859 1502 2935 pueris,
1548 2856 1740 2921 altero
1782 2855 2146 2923 Basileensi
2190 2859 2380 2925 altero
2429 2861 2625 2928 Gene-

670 2940 863 3018 vensi,
907 2940 1236 3006 discendae
1275 2941 1524 3007 alienae
1554 2941 1806 3026 linquae
1839 2963 2036 3009 causa
2073 2945 2334 3012 invicem
2362 2967 2623 3030 permu-

670 3029 802 3090 tata
845 3025 985 3091 sede
1026 3025 1382 3092 educandis.

670 3195 784 3258 (Ex
817 3196 1155 3265 autographo
1191 3196 1414 3250 Archiv.
1449 3198 1626 3252 Turic.
1661 3199 1806 3253 Plut.
1843 3200 1940 3255 VI.
1978 3201 2102 3256 Vol.
2124 3200 2240 3272 111,
2276 3204 2404 3258 olim
2440 3206 2617 3275 Epist.

905 3264 1055 3318 Tom.
1094 3264 1190 3320 vl.
1225 3266 1375 3321 Part.
1411 3266 1451 3320 1.
1489 3284 1611 3337 pag.
1647 3267 1800 3323 1432.
1872 3270 2082 3324 Simler.
2122 3273 2246 3327 Vol.
2281 3271 2395 3341 60.)

667 3432 885 3499 Fideli
922 3435 1193 3500 Domini
1263 3434 1414 3502 Iesu
1452 3435 1720 3527 Christi]
1771 3461 1962 3508 servo
1997 3442 2082 3511 D.
2116 3440 2408 3509 Osualdo
2447 3443 2620 3532 [My-

840 3521 1041 3600 conio]
1086 3521 1221 3586 Bas
1277 3521 1472 3589 'ensis
1550 3525 1834 3592 ecclesiae
1882 3525 2164 3615 pastore]
2212 3540 2619 3616 symmystae

843 3602 926 3692 [et
966 3606 1161 3687 fratri
1202 3522 1586 3697 carissimo&
1615 3612 1664 3688 ¹)

841 3740 912 3806 S.
960 3742 1089 3806 Est
1129 3742 1238 3807 hic
1282 3746 1545 3826 quidam
1589 3757 1914 3814 mercator
1956 3772 2040 3815 ex
2077 3752 2411 3835 primariis
2455 3754 2614 3819 civi-

670 3827 790 3892 bus
832 3825 1002 3891 mihi
1045 3827 1233 3893 valde
1275 3829 1640 3910 familiaris,
1687 3834 1800 3917 qui
1843 3836 2052 3901 filium
2098 3837 2296 3904 habet
2337 3860 2615 3923 puerum

664 3914 918 3996 ingenii
976 3912 1199 3979 docilis
1254 3925 1320 3979 et
1375 3921 1734 4000 mansueti,
1788 3942 1979 4004 quem
2040 3923 2124 3988 ad
2181 3945 2296 3989 vos
2350 3924 2617 4008 linguae

667 3996 1014 4063 discendae
1076 4021 1273 4065 causa
1316 4004 1575 4069 mittere
1617 4006 1822 4087 cupit,
1882 4008 1940 4072 si
1980 4009 2130 4075 istic
2173 4011 2457 4093 reperiat
2497 4010 2617 4076 ho-

664 4092 927 4182 nestum
992 4084 1323 4150 hominem
1389 4090 1502 4169 qui
1566 4111 1760 4155 suum
1827 4093 2118 4159 vicissim
2184 4095 2313 4161 huc
2378 4097 2616 4177 mittat,

665 4177 878 4251 sitque
937 4179 1168 4234 mutua
1224 4172 1439 4237 victus
1498 4179 1955 4259 compensatio.
2044 4181 2252 4246 Porro
2291 4181 2618 4248 intellexit

666 4263 732 4318 te
767 4265 1073 4336 nepotem
1109 4256 1349 4322 habere
1385 4258 1464 4324 de
1502 4283 1628 4344 quo
1669 4263 1870 4328 verba
1912 4285 2059 4330 cum
2106 4266 2323 4349 aliquo
2366 4269 2614 4336 feceris.

871 4509 932 4577 5)
972 4509 1155 4565 Chelio
1187 4511 1395 4568 medico
1428 4519 1481 4569 et
1512 4516 1600 4571 10.
1632 4517 1898 4575 Samnio.

868 4579 2619 4665 6)V0]retj·wnreveraadhocintereeaceinoeieeedooae

662 4923 922 4978 videntur
963 4942 1137 5006 neque
1182 4943 1252 4982 ex
1295 4928 1449 4983 Hist.
1506 4931 1874 5015 ecclesiastica
1930 4951 2072 5005 quae
2116 4937 2301 5020 Besae
2346 4939 2616 4995 bn'buitur

658 4994 1436 5141 Wfffflffl
1465 5001 2614 5143 fflffifffflffl'afifflm

661 5135 828 5184 emam
861 5132 1228 5198 conferendus
1260 5134 1577 5216 Hottinqer,
1614 5139 1777 5197 Helo.
1814 5075 1952 5199 ἐῢ.
1986 5145 2084 5200 111.
2121 5144 2240 5200 764.

651 5266 828 5405 P'Ieggt
864 5200 923 5339 R
953 5205 1346 5343 ῗέῥῗαξῖἷε
1360 5206 1761 5347 {scriptionis
1794 5294 1922 5336 cera
1951 5281 2184 5339 inducta
2201 5283 2286 5370 2301
2305 5283 2418 5341 alio
2452 5283 2612 5341 modo

2279 445 2808 514 EPISTOLAE
2854 449 3192 511 795—799
4332 432 4341 455 “
4532 446 4615 510 344

2735 633 2968 717 Itaque
3010 653 3118 699 me
3160 634 3423 718 rogavit
3478 640 3555 699 ut
3594 631 3675 698 de
3720 630 4059 697 voluntate
4115 639 4231 698 tua
4283 632 4507 698 certius
4547 633 4618 698 in·

2733 720 3062 803 quirerem
3076 770 3092 799 ,
3159 717 3477 802 numquid
3541 720 3636 785 ita
3696 718 3799 784 sit.
3890 715 3971 784 Si
4013 717 4175 784 haec
4227 717 4497 784 conditio
4536 717 4620 784 tihi

2733 804 3002 888 placeat,
3048 825 3253 888 nepos
3295 815 3447 870 tuus
3490 804 3563 870 in
3606 804 3857 870 familia
3897 814 4081 871 casta
4113 810 4183 870 et
4215 804 4483 870 honesta
4508 803 4621 870 edu-

2735 891 3006 957 cabitur.
3049 890 3274 956 Velim
3308 898 3532 956 tamen
3566 903 3643 957 ut
3676 912 3782 955 me
3818 889 4304 974 quamprimum
4340 891 4622 957 certiorem

2733 977 2930 1042 facias
2948 1028 2963 1055 ,
3018 996 3102 1042 ne
3146 976 3377 1042 videar
3415 977 3488 1041 in
3533 976 3727 1042 amici
3786 977 4045 1061 negotio
4097 977 4298 1042 fuisse
4341 975 4624 1061 negligen-

2734 1064 2880 1128 tior.
2939 1062 3127 1139 Vale,
3172 1062 3379 1128 frater
3421 1071 3488 1127 et
3530 1069 3900 1148 symmysta
3940 1063 4365 1147 integerrime
4409 1072 4470 1127 et
4501 1062 4626 1126 mihi

2733 1148 3204 1214 colendissimo.
3293 1148 3608 1214 Genevae
3651 1146 3961 1215 Calendis
4004 1148 4202 1214 Maiis
4249 1152 4431 1214 1546.

3651 1284 3935 1353 Ioannes
3975 1285 4295 1353 Calvinus
4338 1294 4498 1352 tuus.

3635 1815 3784 1886 797.

3115 1968 3469 2036 GALVIN
3509 1972 3576 2036 A
3620 1972 3712 2037 M.
3759 1971 3885 2036 DE
3928 1969 4292 2037 FALAIS.

2903 2140 3207 2222 Bapteme
3255 2142 3410 2207 d'un
3462 2143 3802 2209 Allemand
3853 2143 4069 2209 amem}
4121 2145 4198 2210 de
4240 2143 4572 2226 Franq‘ort
4612 2142 4645 2205 ὰ

2735 2225 2988 2303 Germe,
3021 2246 3416 2312 personnaye
3450 2228 3848 2294 evideaenment
3888 2248 4087 2294 comm
4128 2230 4217 2295 du
4255 2229 4469 2308 baron,
4508 2229 4645 2294 mis

2726 2312 3106 2396 myster-im
3138 2334 3307 2395 pour
3338 2334 3515 2380 noue.
3594 2316 3880 2396 Affaires
3920 2315 4373 2399 d’Allemaqne.

2728 2484 2900 2553 (Orig.
2936 2485 3288 2555 autographo.
3342 2485 3482 2539 Bibl.
3519 2486 3588 2539 de
3624 2484 3860 2542 Geneve.
3895 2486 4021 2541 Vol.
4043 2485 4160 2552 194,
4197 2487 4288 2541 fol.
4323 2485 4412 2541 31.
4446 2515 4511 2527 -
4541 2485 4645 2540 Edi·

3068 2555 3188 2608 tion
3224 2554 3446 2608 d’Amst.
3483 2572 3535 2624 p.
3570 2551 3656 2609 57.
3725 2555 3827 2608 Ed.
3862 2557 4096 2623 Bonnet,
4132 2556 4172 2610 1.
4210 2553 4354 2622 153.)

3007 2725 3063 2787 A
3105 2726 3597 2811 Monseigneur,
3643 2727 3988 2793 Monsieur
4026 2726 4109 2793 de
4151 2726 4397 2793 Fallez.

2897 2862 3382 2947 Monseigneur‚
3427 2863 3539 2948 iay
3573 2871 3805 2929 retenu
3848 2886 3922 2930 ce
3964 2871 4234 2947 porteur
4273 2865 4459 2931 huict
4496 2865 4653 2930 iours

2727 2948 2986 3027 entiers‚
3032 2946 3376 3012 attendant
3417 2948 3483 3012 le
3526 2956 3751 3014 retour
3792 2948 3879 3015 du
3925 2951 4055 3016 sire
4111 2950 4390 3032 Nicozas,
4409 2957 4457 3030 ¹)
4512 2949 4651 3016 affin

2726 3032 2953 3103 davoir
2985 3035 3343 3119 messaiger
3376 3042 3574 3118 ptest,
3611 3036 3666 3102 si
3703 3035 4113 3103 dadventure
4147 3036 4196 3103 il
4232 3060 4278 3122 y
4314 3038 4499 3105 avoit
4528 3034 4654 3101 rien

2725 3141 2807 3186 en
2851 3141 2971 3186 vos
3014 3120 3244 3187 lettres
3296 3122 3409 3204 qui
3451 3122 3701 3205 requist
3751 3122 4093 3188 souldaine
4147 3144 4480 3208 response.
4563 3121 4652 3188 En

2722 3206 2789 3271 la
2831 3207 2924 3271 fin
2968 3228 3051 3271 ne
3093 3205 3402 3273 scachant
3444 3207 3525 3273 sil
3567 3206 3896 3273 viendroit
3948 3207 4029 3273 de
4071 3209 4269 3289 brief,
4327 3211 4393 3275 ie
4430 3210 4545 3294 luy
4583 3228 4653 3293 ay

2720 3293 2880 3359 faict
2920 3312 2995 3358 sa
3029 3290 3348 3375 depesche
3384 3294 3498 3376 qui
3533 3304 3633 3359 est
3664 3294 4030 3359 seulement
4073 3293 4153 3360 de
4194 3316 4361 3362 vous
4403 3292 4653 3361 mandet

2720 3400 2846 3461 que
2902 3397 3070 3444 nous
3117 3398 3368 3444 navons
3425 3399 3591 3462 pour
3643 3380 3705 3444 le
3760 3390 4023 3463 present
4078 3380 4295 3447 nulles
4337 3379 4653 3447 nouvelles

2719 3461 3018 3548 pardeca,
3063 3464 3257 3528 sinon
3303 3485 3430 3547 que
3474 3484 3547 3530 ce
3580 3463 3875 3548 pendant
3911 3473 4136 3532 nostre
4155 3467 4469 3534 Alleman
4510 3485 4652 3531 nous

2722 3571 2762 3615 a
2804 3558 2941 3615 este
3000 3570 3232 3614 amene
3286 3548 3366 3614 de
3421 3550 3797 3630 Francfort,
3850 3560 3918 3617 et
3971 3551 4207 3619 lavons
4265 3554 4521 3637 baptise
4570 3550 4651 3617 di·

2719 3634 3000 3701 manche
3043 3634 3322 3700 dernier.
3388 3635 3450 3700 Il
3494 3644 3595 3703 est
3625 3658 3791 3722 vray
3825 3658 3950 3720 que
3985 3637 4075 3703 du
4116 3643 4652 3705 commencement

2720 3722 2828 3786 ien
2873 3721 3019 3785 feuz
3062 3742 3156 3785 un
3200 3742 3327 3803 peu
3370 3721 3622 3802 fasche‚
3682 3724 4028 3808 craignant
4079 3725 4143 3789 le
4200 3725 4380 3790 bruit
4436 3725 4547 3809 qui
4582 3743 4651 3788 en

2719 3807 2936 3871 seroit.
3003 3807 3096 3871 Et
3138 3805 3220 3871 de
3260 3807 3419 3873 faict
3460 3807 3674 3892 celluy
3711 3809 3822 3891 qui
3858 3808 3919 3873 le
3952 3810 4154 3877 bailla
4196 3832 4281 3876 au
4324 3810 4652 3878 marchant

2717 3891 2831 3975 qui
2872 3890 2939 3956 la
2981 3892 3090 3976 icy
3133 3891 3455 3973 conduict,
3499 3893 3648 3959 ioua
3690 3893 3823 3958 mal
3866 3916 3981 3960 son
4019 3897 4428 3982 personaige.
4498 3893 4651 3961 Mais

2719 3998 2804 4041 ne
2847 3977 3169 4043 doubtant
3209 3997 3324 4061 pas
3367 3999 3495 4062 que
3537 3979 3603 4045 la
3646 3980 3841 4046 chose
3894 3983 4090 4047 estoit
4146 3983 4313 4047 ainsi
4370 3981 4650 4048 advenue

2717 4084 2837 4148 par
2869 4062 3312 4129 lordonnance
3348 4064 3429 4130 de
3450 4065 3642 4146 Dieu,
3690 4066 3982 4133 combien
4019 4089 4146 4151 que
4188 4070 4249 4132 ie
4285 4090 4371 4132 ne
4416 4085 4649 4134 sceusse

2716 4149 2904 4235 point
2958 4148 3025 4213 la
3078 4151 3173 4215 fin
3228 4169 3598 4237 pourquoy,
3659 4153 3722 4218 ie
3775 4173 3882 4216 me
3939 4152 4268 4239 deliberay
4326 4153 4459 4219 den
4512 4153 4652 4218 faire

2718 4256 2873 4301 mon
2938 4234 3183 4301 devoir.
3272 4236 3405 4302 Gar
3458 4257 3532 4302 ce
3595 4249 3744 4304 nest
3809 4259 3926 4321 pas
3987 4259 4028 4304 a
4089 4261 4254 4305 nous
4318 4236 4651 4323 denquerir

2717 4322 3046 4387 tousiours
3088 4342 3426 4408 pourquoy
3470 4321 3646 4388 Dieu
3702 4322 3962 4407 dispose
4020 4325 4188 4391 ainsi
4245 4324 4363 4390 dez
4424 4326 4648 4400 choses,

2690 4408 2887 4473 -mais
2931 4407 3012 4473 de
3070 4408 3232 4475 faire
3292 4418 3513 4474 nostre
3566 4411 3750 4476 office
3768 4462 3784 4489 ,
3844 4431 3999 4476 sans
4043 4433 4124 4477 en
4171 4410 4468 4494 disputer
4520 4410 4648 4494 plus

2719 4492 3156 4577 longuement.
3224 4495 3358 4560 Les
3406 4495 3605 4559 freres
3648 4496 3908 4561 fusrent
3941 4496 4172 4564 dadvis
4216 4519 4341 4581 que
4387 4498 4552 4564 lacte
4589 4513 4649 4560 se

2718 4580 2831 4644 fist
2872 4601 2958 4644 en
2999 4579 3065 4643 la
3105 4579 3255 4663 plus
3289 4580 3537 4666 grande
3571 4581 3947 4661 assemblee,
3992 4604 4078 4650 ou
4121 4585 4184 4649 ie
4227 4582 4556 4667 declairay
4586 4599 4647 4646 ee

2718 4665 2831 4748 qui
2884 4686 2989 4729 me
3040 4664 3293 4731 sembla
3345 4673 3518 4732 estre
3575 4687 3616 4731 a
3669 4688 3929 4752 propos.
4028 4670 4120 4735 Et
4176 4669 4247 4734 la
4306 4670 4506 4736 chose
4563 4671 4648 4732 est

2718 4757 2991 4815 tournee
3034 4771 3119 4815 en
3158 4751 3310 4834 plus
3354 4752 3603 4836 grande
3643 4754 4014 4820 edification
4055 4777 4182 4837 que
4225 4777 4393 4821 nous
4436 4773 4646 4837 nespe-

2716 4837 2929 4917 rions,
2987 4835 3149 4901 dont
3205 4859 3370 4903 nous
3440 4859 3644 4906 avons
3698 4862 3738 4905 a
3796 4840 3980 4907 louer
4035 4843 4229 4907 Dieu,
4331 4840 4646 4908 Toutefois

2718 4923 2779 4989 ie
2823 4944 2989 4989 vous
3046 4925 3359 4990 remercie
3418 4924 4002 4993 affectueusement
4045 4926 4126 4992 de
4168 4927 4235 4994 la
4274 4929 4473 5012 poine
4526 4923 4645 5010 quil

2714 5030 2880 5075 vous
2914 5031 2954 5074 a
2993 5008 3148 5092 pleu
3192 5032 3275 5075 en
3319 5011 3618 5094 prendre.
3708 5012 3841 5078 Car
3897 5014 3961 5078 le
4002 5014 4351 5080 marchant
4409 5020 4516 5099 qui
4553 5032 4644 5078 me

2713 5095 2780 5159 la
2821 5115 3081 5173 amens,
3141 5117 3250 5160 ma
3306 5096 3455 5162 bien
3511 5101 3804 5166 confesse
3861 5121 3987 5184 que
4041 5121 4207 5166 vous
4262 5101 4448 5165 aviez
4489 5119 4641 5167 com·

2747 5353 2886 5409 τω.
2922 5354 3000 5411 Ν.
3038 5353 3160 5423 790,
3194 5358 3309 5411 not.
3344 5352 3397 5409 5.
