4825 6175
198 431 299 496 109

189 619 278 682 καὶ
332 610 722 695 αὖτοσχεδιῶς
786 611 985 678 audet
1047 611 1349 679 scribere.
1437 609 1613 677 Nam
1677 617 1754 676 ut
1815 610 2119 676 omittam

188 699 470 787 epistolas
527 720 665 765 non
722 698 1105 766 erubescere
1122 749 1139 777 ,
1196 698 1371 765 nosti
1427 717 1660 764 causas
1716 716 1884 780 quae
1924 696 2117 762 nobis

187 785 512 854 excutiunt
552 782 996 852 verecundam
1053 806 1326 850 manum
1370 789 1437 849 et
1479 802 1742 849 omnem
1787 781 2116 865 significa-

183 875 402 940 tionem
457 871 888 937 reverentiae.
978 870 1317 937 Reversus
1369 876 1597 934 noster
1637 866 2037 952 Buryumlus
2055 868 2114 944 ²)

182 958 394 1026 retulit
410 957 484 1022 in
504 957 914 1041 autographo
947 960 1093 1040 περὶ
1124 958 1230 1035 τῆς
1262 964 1530 1030 πίστεως
1563 954 1683 1018 τῶν
1715 959 1776 1017 ἐν
1811 951 2118 1044 διασπορᾷ

182 1066 302 1112 non
331 1043 597 1109 omnino
639 1043 901 1126 placere
934 1042 1154 1108 locum
1188 1045 1332 1125 περὶ
1373 1039 1613 1105 δείπνου
1648 1039 1945 1126 κυριακοῦ,
1991 1060 2115 1105 nec

181 1133 321 1200 satis
361 1129 688 1212 explicare
734 1127 892 1212 quid
938 1127 1357 1195 desiderares.
1418 1125 1612 1208 Quod
1647 1134 1870 1191 tamen
1904 1125 2114 1209 inpri-

179 1217 291 1283 mis
322 1216 485 1284 seire
520 1215 881 1296 cupiebam,
926 1224 1003 1279 ut
1035 1214 1148 1298 qui
1182 1221 1365 1279 tuam
1402 1213 1799 1279 sententiam
1834 1211 2112 1276 habeam

180 1301 453 1370 eoelestis
496 1298 836 1366 cuiusdam
879 1300 1128 1365 oraculi
1167 1299 1327 1366 loeo.
1413 1297 1550 1364 Sed
1594 1296 1675 1363 de
1719 1297 1823 1362 his
1877 1295 2116 1361 melius

180 1408 391 1456 eoram.
479 1386 808 1452 Furorem
854 1383 1204 1464 F'lantinii,
1221 1389 1277 1463 ⁸)
1334 1385 1446 1467 qui
1488 1392 1565 1448 ut
1604 1383 1862 1467 placeat
1903 1381 2115 1447 Mere-

179 1475 354 1551 tow)
409 1473 803 1556 sanguinem
874 1471 1202 1549 effundet,
1257 1472 1390 1535 iam
1449 1471 1683 1554 opinor
1745 1489 1829 1533 ex
1885 1468 2114 1534 multis

178 1558 413 1626 audisti.
503 1558 637 1624 Ubi
696 1556 985 1623 Domino
1040 1557 1260 1623 visum
1314 1556 1442 1622 erit
1497 1563 1811 1639 exsurget
1875 1553 2114 1637 aliquis

179 1644 324 1712 Cato
376 1645 490 1727 qui
547 1663 700 1708 eum
757 1651 992 1709 senatu
1046 1649 1329 1709 moveat.
1418 1642 1768 1706 Voluimus
1811 1648 2114 1706 nostrum

176 1738 351 1813 caput
401 1729 681 1795 obiicere
735 1726 1076 1815 tyrannidi
1140 1747 1259 1811 pro
1313 1727 1746 1794 confessione:
1808 1723 1924 1791 sed
1977 1746 2112 1790 non

173 1825 313 1883 sunt
342 1814 525 1900 passi
557 1824 878 1898 parentes.
924 1813 1227 1879 Vidisses
1261 1835 1539 1897 puerum
1563 1812 1924 1896 Origenem
1960 1829 2112 1876 cum

171 1909 360 1968 matre
399 1901 788 1968 luctantem.
810 1904 870 1977 ⁵)

324 1987 524 2069 Quod
565 1987 648 2053 ad
689 1988 1011 2053 rationem
1052 1995 1315 2053 nostrae
1357 2006 1581 2052 morae
1618 1986 1885 2064 attinet,
1929 1982 2112 2068 piget

174 2081 344 2153 certe,
407 2071 742 2156 pudetque
804 2094 925 2139 nos
988 2074 1371 2139 cessationis
1428 2081 1707 2137 nostrae.
1796 2069 1933 2136 Sed
1987 2088 2111 2134 nos

172 2160 427 2226 infinitis
475 2158 975 2225 difficultatibus
1010 2157 1222 2225 Satan
1262 2158 1572 2242 implicat.
1634 2159 1727 2223 Et
1760 2156 2111 2223 tribuimus

175 2243 400 2328 aliquid
434 2245 772 2312 affectioni
805 2246 1185 2314 amicorum.
1232 2244 1418 2310 Elias
1454 2264 1571 2310 suo
1593 2243 1875 2321 Elisa00‚
1956 2262 2108 2308 uem

174 2339 495 2410 evocarat,
558 2331 887 2414 permittit
948 2330 1235 2413 aliquam
1297 2351 1582 2407 moram,
1642 2338 1722 2394 ut
1784 2350 1893 2396 osc
1967 2334 2115 2392 etur

171 2424 459 2498 parentes
508 2424 577 2482 et
615 2416 701 2481 iis
743 2416 1083 2484 valedicat.
1149 2416 1243 2481 Et
1274 2415 1455 2500 leges
1489 2414 1717 2482 civiles
1749 2414 1823 2480 in
1861 2414 2111 2479 exami-

169 2501 384 2569 nandis
424 2503 645 2569 causis
687 2502 1086 2569 emansionis
1118 2501 1365 2585 aliquid
1400 2499 1747 2585 indulgent
1779 2499 2112 2566 affectioni

170 2596 528 2668 parentum,
573 2590 683 2672 qui
722 2588 1000 2653 militem
1037 2587 1288 2653 diutius
1321 2588 1757 2652 retinuerunt.
1805 2585 2113 2670 Agedum

171 2681 235 2737 tu
264 2694 542 2758 quoque,
587 2674 831 2756 optime
870 2673 1107 2750 Garole,
1152 2673 1421 2758 ignosce
1463 2671 1618 2737 huic
1661 2681 1928 2738 nostrae
1969 2692 2112 2736 mo—

171 2778 285 2838 rae,
326 2781 532 2843 quam
567 2759 809 2843 alioqui
844 2759 1375 2826 molestissimam
1414 2759 1757 2837 sentimus,
1803 2756 2112 2823 ardentes

169 2845 260 2925 pio
311 2844 650 2945 'desiderio
711 2852 975 2912 vestrae
1049 2843 1558 2912 consuetudinis.
1583 2844 1640 2929 ⁶)
1729 2842 1790 2910 O
1856 2843 2111 2928 quoties

169 2947 591 3014 suspiramus:

425 3068 564 3135 Quis
597 3067 755 3138 mihi,
793 3068 915 3138 quis
950 3067 1171 3122 tandem
1205 3067 1454 3122 volucres
1489 3066 1729 3120 affixerit
1763 3066 1876 3121 alas

532 3138 839 3208 Remigium
875 3137 1055 3190 aeriae
1090 3137 1513 3207 praecipitisque
1546 3136 1730 3202 fugae!

418 3207 510 3262 U*
528 3205 1692 3344 ffiffiffiffiffiffismississsstfflffissm

420 3344 506 3399 Ut
541 3360 741 3413 sequar
774 3345 1013 3397 imbutos
1048 3359 1182 3396 vera
1214 3343 1422 3412 pietate
1456 3343 1660 3408 fideles,

527 3412 665 3467 Oum
700 3412 921 3466 Ohristo
955 3416 1142 3466 coetus
1176 3412 1575 3480 innocuumque
1608 3425 1847 3481 gregem.

170 3630 362 3689 dantem
391 3639 523 3704 post
554 3635 813 3702 scriptam
848 3633 994 3693 hanc
1026 3639 1079 3688 et
1111 3634 1341 3689 alteram
1379 3630 1535 3699 (671)
1571 3648 1638 3687 eoe
1673 3631 1901 3687 Lutetia
1942 3630 2110 3686 Gene-

170 3715 259 3755 vac
297 3703 370 3758 ad
412 3705 577 3760 breve
618 3709 721 3758 iem
799 3719 829 3757 s
874 3710 1288 3770 commoratum,
1335 3703 1465 3756 inde
1509 3700 1938 3771 Arqmtoratum
1984 3716 2107 3754 moa·

165 3771 418 3836 petitum
453 3770 622 3840 (709).
702 3719 798 3825 Bel
824 3772 989 3826 rebus
1031 3774 1150 3825 eius
1194 3770 1513 3826 consulendi
1555 3772 1715 3825 etiam
1754 3769 2014 3840 Haaqius
2048 3772 2110 3823 iu

173 3836 378 3895 Franco
405 3847 551 3910 prot.
612 3840 720 3896 Iul.
756 3840 952 3894 Hevcli
1059 3841 1125 3894 de
1162 3840 1230 3894 F.
1267 3840 1555 3895 Balduino
1589 3839 1709 3894 Icto
1745 3839 1964 3909 eiusque
1997 3845 2109 3892 stu·

172 3904 271 3961 diis
301 3911 528 3967 irenicis
563 3915 657 3965 cic.
706 3908 889 3963 Banu.
925 3908 994 3962 18
1030 3908 1061 3961 1
1104 3914 1155 3963 et
1175 3909 1257 3962 M.
1278 3908 1576 3964 Fabricius
1610 3909 1672 3962 in
1708 3906 1857 3976 Biya
1891 3921 2110 4029 regon-

171 3977 367 4033 sianum
412 3979 485 4033 F.
523 3978 802 4033 Balduini
842 3977 919 4032 ad
969 3952 1118 4031 Gale.
1169 3983 1220 4033 ct
1266 3977 1499 4046 Besam,
1546 3977 1722 4031 denuo
1756 3976 1837 4030 ed.
1874 3991 1912 4030 a
2007 4016 2019 4029 .
2058 3974 2110 4029 1.

171 4042 230 4098 dc
258 4045 555 4103 Buininck.
625 4046 887 4101 Dusscld.
927 4045 992 4099 17
995 4045 1079 4101 63.

357 4115 419 4185 2)
458 4117 652 4171 Huius
694 4117 809 4170 viri
855 4131 1027 4184 supra
1073 4115 1148 4170 N.
1183 4113 1287 4169 637
1334 4120 1513 4168 exstat
1556 4130 1638 4183 ep.
1674 4113 1750 4167 ad
1803 4111 2107 4167 Calvinum.

184 4180 394 4263 Videtur
518 4186 584 4239 ui
614 4185 682 4239 de
716 4185 901 4253 aliquo
938 4200 1037 4239 suo
1073 4185 1273 4252 scripto
1282 4182 1454 4306 guod
1493 4181 1714 4237 Caluini
1746 4181 1951 4236 iudicio
1985 4182 2107 4236 sub-

171 4259 394 4309 mat.
490 4254 578 4309 alc
612 4254 875 4322 scriptum
908 4259 1090 4308 metm
1122 4254 1266 4308 inter
1339 4251 1562 4307 alduini
1593 4267 1761 4321 opera
1795 4267 1833 4305 a
1866 4250 2111 4305 laudatis

172 4322 439 4377 autoribus
472 4339 590 4379 non
619 4328 943 4378 recensetur.

358 4390 417 4458 3)
455 4391 585 4447 Hoc
627 4392 846 4445 nominc
882 4389 978 4458 (T.
1025 4388 1273 4459 Quinctii
1307 4389 1625 4444 Flaminini
1668 4388 1797 4443 olim
1831 4403 1869 4442 a
1911 4385 2113 4442 Catone

173 4468 373 4513 censore
414 4466 645 4530 propter
689 4460 974 4515 saevitiam
1019 4466 1214 4513 senatu
1240 4458 1420 4528 pulsi)
1459 4458 1747 4527 desiqnare
1782 4456 1997 4511 videtur
2033 4455 2110 4510 D.

172 4521 230 4576 de
275 4525 531 4599 Griyuan
578 4528 951 4583 Waldcnsium
1000 4528 1334 4595 carnificem,
1381 4535 1494 4580 tum
1540 4527 1797 4595 temporis
1835 4524 2007 4594 Reyis
2049 4528 2111 4579 in

174 4595 390 4650 comante
417 4597 912 4653 Wormatiensibus
946 4597 1194 4667 legatum.

359 4663 423 4733 4)
458 4666 556 4721 An
593 4664 888 4721 cardinali
916 4665 985 4720 ds
1023 4662 1330 4719 Taurinou?

360 4735 422 4801 b)
464 4736 757 4791 Nescimus
789 4751 868 4790 au
890 4735 979 4791 hic
1000 4734 1079 4788 ad
1100 4735 1321 4804 aliquod
1337 4732 1606 4788 recentius
1635 4730 1846 4797 facium
1880 4730 2112 4786 alludat.

176 4795 289 4852 Iam
331 4810 497 4858 antea
542 4806 605 4859 in
640 4803 957 4859 discrimine
1000 4810 1252 4858 versatus
1286 4807 1431 4869 erat,
1477 4817 1639 4871 quum
1677 4817 1713 4854 a
1749 4799 1998 4853 Parisiis
2030 4815 2113 4854 re-

174 4864 277 4920 dut
309 4870 368 4925 iu
395 4873 597 4941 patria
629 4888 733 4928 sua
766 4872 923 4941 apud
938 4872 1225 4927 Atrebates
1253 4887 1354 4939 per
1388 4869 1685 4938 evangelici
1710 4868 2116 4936 praedicatoris

175 4939 220 4989 ei
247 4942 506 5011 martyris
550 4942 835 4997 conciones
878 4941 955 4996 ad
993 4940 1158 5009 fidem
1199 4940 1554 5006 reformatam
1602 4953 1894 4993 conversus
1940 4937 2115 4990 solum

173 5011 361 5062 vertere
402 5016 625 5065 coactus
667 5011 867 5077 fuerit,
913 5015 966 5064 ct
998 5026 1036 5063 a
1071 5010 1230 5065 curia
1263 5009 1465 5063 citam
1498 5010 1595 5062 vix
1628 5007 1821 5061 matris
1865 5006 2117 5074 precibus

175 5079 385 5131 worm-i
427 5093 487 5133 sc
530 5079 702 5146 fuerit
742 5094 946 5146 passus
989 5084 1052 5133 ut
1094 5094 1166 5133 ue
1208 5077 1455 5133 iudicum
1500 5077 1758 5131 manibus
1790 5090 1847 5129 se
1881 5075 2120 5130 traderet

180 5140 457 5216 (Henetiam
488 5163 548 5216 p.
582 5146 635 5214 4,
670 5147 972 5203 Fabricius
998 5163 1060 5216 p.
1096 5146 1243 5214 153).
1291 5146 1489 5202 Verum
1523 5146 1689 5201 etiam
1721 5160 1849 5200 mox
1882 5160 1937 5197 a.
1967 5141 2119 5211 1545,

175 5207 293 5266 dum
312 5212 692 5296 institutiones
711 5217 1109 5272 suasLutetiac
1120 5216 1274 5286 prelo
1291 5215 1611 5281 mandabat,
1622 5215 1905 5269 haereseos
1920 5228 2123 5268 causas

179 5281 355 5339 mato
385 5287 653 5341 munius
686 5291 780 5340 est.

385 5351 448 5423 6)
491 5353 756 5412 deinus
788 5356 908 5410 cius
940 5355 1175 5410 reditum
1209 5359 1517 5423 exoptasse,
1553 5353 1636 5408 vel
1669 5354 1728 5423 ip
1743 5351 1782 5409 ἓ
1834 5349 2126 5405 Balduinu

1966 424 2132 488 1545
2175 419 2359 488 IUL.

4049 425 4174 492 110

2391 607 2692 675 Necdum
2722 608 2910 676 nobis
2945 609 3332 677 exciderunt
3364 631 3532 694 quae
3564 608 3753 675 nobis
3775 607 4176 693 Buryundus

2221 701 2448 760 noster
2486 694 2717 761 retulit
2760 694 2841 761 de
2884 703 3001 761 tua
3041 695 3158 761 illa
3200 696 3511 762 concione
3567 697 3638 761 in
3681 695 4022 761 Psalmum
4067 698 4170 764 43.

2218 779 2496 847 Utinam
2531 800 2690 847 vero
2722 782 2986 866 penitus
3015 782 3309 866 cognitos
3348 780 3623 847 haberes
3644 782 3905 865 piorum
3927 782 4045 865 qui
4063 780 4174 848 hic

2220 867 2433 950 sparsi
2477 873 2637 931 sunt
2677 868 2980 952 gemitus.
3041 866 3237 934 Certe
3281 867 3441 934 satis
3482 866 3886 952 intelligeres
3927 888 4174 950 nequa-

2219 951 3812 1123 ffiaffiwffizss⁸1⁸1‘30353003b222‘fflffl32.
3825 952 4176 1121 ΡΞΞᾏἙἚΞ

2219 1122 2576 1207 aliquando
2655 1123 2831 1207 quod
2902 1147 3079 1191 nunc
3154 1124 3318 1191 latet
3381 1125 3451 1190 in
3516 1122 3695 1191 hisce
3773 1122 4172 1207 regionibus,

2219 1208 2477 1274 etiamsi
2519 1210 2773 1274 coelum
2817 1219 3035 1276 terrae
3076 1212 3345 1276 misceat
3395 1210 3623 1276 hostis.
3711 1208 3993 1274 Interim
4034 1209 4173 1274 Do·-

2218 1296 2475 1359 minum
2533 1296 2947 1380 precabimur
2991 1303 3064 1361 ut
3106 1296 3318 1381 magis
3362 1318 3438 1362 ac
3481 1295 3693 1380 magis
3713 1367 3724 1378 ‚
3747 1294 3963 1361 lucem
4015 1315 4173 1360 suae

2218 1379 2465 1481 glpriae
2501 1395 2566 1479 et
2599 1383 2897 1447 veritatis
2936 1391 3197 1448 exserat
3238 1388 3681 1466 propagetque
3724 1402 3844 1465 per
3878 1389 4175 1446 vestrum

2216 1475 2676 1532 ministerium.

2392 1551 2570 1635 Opto
2625 1575 2769 1618 meo
2828 1555 3095 1619 nomine
3151 1553 3502 1637 plurimam
3560 1550 3844 1617 salutem
3888 1549 4015 1617 dici
4060 1552 4172 1616 Ti·

2216 1639 2482 1704 motheo
2517 1650 2629 1703 tuo
2669 1638 2979 1722 Salymw,
3003 1637 3056 1725 ⁷)
3102 1661 3296 1723 quem
3332 1658 3571 1704 arcano
3606 1634 3887 1721 quodam
3927 1636 4173 1722 philtro

2214 1723 2405 1790 nobis
2449 1725 2753 1790 conciliat
2795 1746 3073 1809 magnus
3115 1724 3229 1791 ille
3272 1724 3531 1808 Iupiter
3584 1726 3817 1806 φίλιος,
3864 1730 3941 1787 ut
3981 1722 4173 1788 omit-

2214 1818 2352 1876 tam
2406 1809 2907 1877 similitudinem
2962 1812 3209 1877 formae
3265 1819 3334 1876 et
3385 1810 3663 1894 ingenii,
3729 1828 3927 1892 quam
3983 1807 4174 1874 nobis

2213 1896 2409 1961 multi
2451 1894 2848 1980 praedicant.
2926 1897 3260 1963 Misissem
3302 1895 3605 1961 lubenter
3645 1893 3966 1960 nonnulla
4007 1913 4174 1978 quae

2214 1990 2401 2048 tuam
2456 2001 2800 2048 censuram
2860 1981 3251 2048 desiderant.
3333 1979 3470 2049 Sed
3513 1978 3756 2046 melius
3799 1980 4021 2045 omnia
4063 1999 4171 2046 co-

2214 2089 2377 2135 ram.
2439 2067 2829 2153 Henrichum
2871 2077 3170 2134 nostrum
3213 2089 3364 2133 cum
3406 2066 3659 2133 familia
3699 2065 3977 2150 profuga
4017 2073 4172 2132 tuae

2214 2153 2617 2220 humanitati
2677 2153 3209 2221 commendamus
3226 2206 3242 2233 ,
3308 2154 3419 2218 vir
3481 2151 3974 2217 humanissime.
4060 2151 4173 2217 Ex

2214 2239 2614 2325 Megalopoli
2660 2244 2761 2305 20.
2787 2240 2962 2306 Iulii.
2983 2241 3045 2317 3)

3081 2343 3267 2408 Tuus
3307 2343 3549 2408 Petrus
3580 2339 3876 2407 Rochius
3916 2339 3999 2405 B.

2991 2635 3402 2645 .—.-..-————-——·

3107 2853 3259 2926 664.

2629 3005 3101 3077 GALVINUS
3147 3004 3785 3075 BULLINGERO.

2391 3142 2694 3251 Stimczat
2755 3184 2893 3249 eius
2956 3180 3244 3246 ardorem
3291 3179 3366 3244 in
3407 3177 3820 3260 procum-anda
3876 3177 4174 3261 lemtim

2213 3272 2300 3338 ad
2343 3291 2546 3355 reycm
2595 3269 2848 3336 Galliae
2902 3264 3206 3332 mittenda
3257 3263 3333 3330 de
3373 3264 3608 3347 περσεία
3655 3261 4171 3343 Provincialium,

2215 3378 2413 3458 quum
2453 3377 2614 3439 quac
2655 3375 2857 3439 nuper
2896 3353 3136 3419 decreta
3175 3349 3435 3434 fucrant
3476 3349 3546 3414 in
3598 3348 3870 3414 nihilum
3903 3349 4175 3417 recidere

2464 3463 2566 3509 W.

2216 3615 2329 3681 (Ex
2364 3619 2594 3685 autogra
2630 3613 2704 3667 ho
2750 3611 2913 3666 Aroh.
2949 3608 3126 3663 Turio.
3162 3606 3293 3661 olim
3338 3605 3388 3660 E
3469 3645 3481 3658 .
3519 3605 3669 3660 Tom.
3703 3603 3801 3672 24,
3845 3621 3989 3660 nune
4023 3605 4169 3660 Plut.

2212 3684 2316 3751 VI,
2352 3682 2481 3738 Vol.
2519 3682 2551 3735 1
2636 3726 2651 3753 ,
2685 3682 2777 3736 fol.
2813 3680 2864 3735 2.
2937 3678 3191 3733 Genevae
3226 3673 3357 3728 Cod.
3389 3621 3523 3741 186,
3559 3674 3651 3728 fol.
3689 3672 3793 3727 134
3827 3679 4007 3728 exstat
4040 3690 4169 3744 apo-

2212 3753 2463 3834 graphon
2498 3752 2646 3807 Sacc.
2682 3750 2997 3872 XVId-itum
3030 3745 3176 3825 joed:
3214 3742 3344 3808 111,
3393 3743 3486 3825 fol.
3527 3741 3625 3795 118
3667 3743 3945 3797 Turretini
3990 3759 4171 3824 exem-

2251 3824 2349 3957 2252
2376 3821 2520 3960 3:¹33?
2542 3819 2787 4010 fini}
2810 3812 4172 3950 52“{.‘333?“5²5.13.2¹bs¹3·..1⁸2¹31223ffi¹3ffl⁸2

2790 3957 2928 4026 glice
2961 3954 3164 4022 legitur
3197 3951 3349 4005 Tem.
3387 3949 3432 4004 1.
3466 3966 3521 4019 p.
3556 3946 3702 4017 445.)

2212 4112 2481 4178 Eximio
2555 4112 2699 4178 viro
2779 4111 2866 4176 D.
2933 4104 3275 4175 Henricho
3353 4102 3740 4187 Bullingero
3817 4103 4173 4188 Tigurinae

2386 4197 2699 4298 ecclesiae
2734 4196 2983 4279 pastori
3020 4190 3403 4278 dignissimo
3438 4197 3841 4275 symmystae
3876 4200 3944 4254 et
3964 4189 4173 4254 amico

2386 4304 2739 4350 carissimo.

2387 4421 2730 4503 Quantum
2786 4418 3081 4503 intelligo
3134 4436 3219 4480 ex
3275 4412 3632 4480 amicorum
3704 4410 3914 4477 literis
3927 4463 3944 4491 ‚
4002 4409 4174 4494 quod

2216 4508 2296 4574 de
2331 4506 2659 4593 legatione
2702 4506 2774 4571 in
2811 4504 3099 4569 Galliam
3144 4497 3470 4565 mittenda
3511 4516 3755 4587 magno
3798 4506 3910 4563 tuo
3952 4505 4019 4560 et
4059 4496 4173 4562 bo-

2213 4798 2539 4868 promisisse
2582 4793 2815 4863 videtur,
2864 4811 3020 4865 quem
3066 4801 3248 4850 tamen
3292 4809 3444 4850 auno
3479 4792 3689 4847 demum
3725 4787 3861 4845 1547
3902 4786 4176 4844 Genesar·

2214 4880 2489 4922 reversum
2516 4865 2695 4932 fuisse
2726 4869 2953 4920 constat.

2426 4932 2457 4987 ‘1
2527 4934 2694 4987 Hunc
2750 4933 2959 4987 nullum
3012 4932 3182 4987 alium
3232 4945 3363 4997 esse,
3410 4945 3574 5001 quam
3632 4927 3853 4984 Calvim'
3902 4926 4178 4995 collegam,

2221 5003 2403 5059 Nicol.
2574 5001 2800 5057 Gallars
2836 5000 3204 5067 (Galla-sium)
3250 5001 3399 5055 sieur
3431 4999 3498 5054 de
3536 4998 3745 5066 Saules,
3779 5012 4007 5067 quocum
4040 4992 4176 5047 Baz-

2218 5073 2424 5127 duinus
2460 5072 2707 5126 micitia
2739 5073 2959 5127 iunctus
2979 5073 3100 5124 erat
3132 5069 3289 5124 cuius
3422 5068 3640 5138 repotia
3673 5066 3757 5122 vel
3790 5079 4013 5119 suorum
4047 5062 4177 5118 obli-

2219 5147 2310 5198 tus
2342 5146 2394 5197 et
2430 5156 2528 5195 suo
2562 5147 2780 5209 sumptu
2807 5140 3145 5209 procurabat
3178 5083 3428 5206 (Fugio.
3463 5137 3499 5190 1.
3536 5136 3570 5190 l.
3608 5134 3685 5190 ad
3718 5151 3770 5189 a.
3797 5131 3969 5201 1546).
4016 5201 4028 5213 ι

2427 5208 2487 5276 8)
2528 5209 2902 5279 Megalopolin
2928 5208 3205 5264 Lutetiam
3238 5221 3366 5271 esse,
3388 5221 3592 5260 anuum
3631 5220 3755 5259 vero
3778 5199 3931 5270 1545,
3966 5216 4065 5256 mx
4098 5203 4177 5255 esi

2221 5277 2641 5404 9,,ιὲιῖἔὲὼῶεέ
2680 5280 2734 5360 si
2778 5275 3389 5403 hadr‘cglacuaaewgroxima
3427 5272 3502 5329 N.
3540 5271 3640 5327 671
3677 5266 3985 5338 confideris,
4018 5268 4176 5325 cuius
