4825 6175
633 452 762 516 30⁷

633 636 885 710 auxilio
923 635 1153 701 futura
1196 642 1358 713 erat,
1404 632 1793 716 praesertim
1833 634 2024 717 pueri
2067 632 2179 718 qui
2224 633 2394 700 mihi
2437 654 2590 701 con-

630 724 895 791 vivunt.
984 719 1119 787 Sed
1155 731 1498 804 postquam
1543 720 1634 783 ita
1676 718 1822 784 vult
1854 718 2202 800 Dominus,
2242 718 2591 805 praestabo

630 830 784 876 cum
827 809 908 873 iis
952 807 1064 891 qui
1118 806 1281 871 mihi
1341 805 1552 872 relicti
1608 812 1764 870 sunt
1818 805 1989 890 quod
2045 812 2289 889 potero.
2377 805 2592 871 Valde

632 904 856 962 metuo
895 913 982 959 ne
1016 891 1389 977 propediem
1426 897 1779 956 matertera
1812 911 2068 974 quoque
2100 891 2341 974 priver,
2385 890 2594 976 proba

630 980 944 1058 muliere,
1002 978 1230 1043 multis
1273 977 1404 1042 iam
1458 977 1652 1042 annis
1711 985 1987 1061 gravata
2042 984 2112 1042 et
2165 977 2336 1046 lecto
2392 978 2593 1042 affixa

631 1065 895 1133 laterali
930 1064 1175 1129 morbo.
1267 1063 1439 1147 (Imo
1482 1083 1684 1145 quum
1744 1062 1906 1129 haec
1962 1062 2096 1127 iam
2155 1063 2239 1129 ad
2281 1071 2346 1128 te
2387 1064 2592 1146 scrip-

633 1152 887 1227 sissem,
932 1148 1261 1215 Dominus
1312 1149 1583 1232 probam
1626 1156 1693 1213 et
1736 1156 2034 1215 sanctam
2079 1148 2348 1215 viduam
2392 1147 2478 1214 ad
2520 1168 2590 1214 se

634 1235 948 1318 vocavit.)
978 1240 1028 1313 ι)
1096 1233 1233 1300 Sed
1268 1232 1425 1318 quid
1468 1242 1534 1298 te
1576 1234 1822 1299 frustra
1865 1234 2129 1299 detineo
2171 1233 2592 1302 recensendis

633 1323 800 1388 meis
877 1318 1406 1388 calamitatibus?
1510 1317 1926 1386 Oondonabis
2003 1319 2169 1387 meis
2247 1321 2589 1387 affectibus

631 1406 871 1490 quibus
914 1407 1218 1490 abripior.
1307 1406 1478 1471 Nam
1524 1403 1756 1471 videor
1799 1404 1966 1470 mihi
2018 1405 2238 1489 aliqua
2280 1427 2364 1470 ex
2402 1414 2590 1489 parte

632 1493 744 1559 his
798 1491 989 1558 malis
1043 1492 1301 1558 levatus
1318 1543 1333 1569 ‚
1392 1511 1594 1574 quum
1654 1512 1831 1557 meas
1886 1492 2185 1560 miserias
2239 1492 2310 1557 in
2368 1496 2590 1557 sinum

631 1579 996 1645 amicorum
1041 1575 1243 1643 effudi
1260 1628 1275 1653 ‚
1334 1598 1610 1660 quorum
1663 1578 1734 1641 in
1786 1598 2064 1642 numero
2121 1599 2254 1643 non
2309 1578 2591 1644 arbitror

630 1673 701 1730 te
812 1673 1132 1730 ostremas
1195 1672 1439 1729 tenere.
1539 1661 1675 1728 Sed
1741 1660 1823 1728 de
1877 1662 1982 1729 his
2047 1662 2196 1746 plus
2245 1665 2422 1730 satis.
2511 1662 2590 1729 Si

629 1686 808 1834 quid)
832 1749 1113 1833 amplius
1157 1749 1321 1815 scire
1366 1747 1549 1830 cupis
1583 1746 1666 1812 de
1700 1748 1897 1813 rebus
1929 1750 2189 1828 nostris,
2232 1748 2340 1817 hic
2384 1748 2589 1815 tabel-

628 1836 838 1902 larius
871 1836 1077 1900 frater
1111 1835 1279 1900 mihi
1313 1832 1692 1901 carissimus
1728 1843 1797 1900 et
1831 1833 1996 1900 mihi
2030 1835 2365 1901 convictor
2396 1834 2592 1918 plura

629 1923 876 1989 referet
918 1928 987 1987 et
1030 1918 1111 1986 de
1155 1929 1331 1990 statu
1375 1918 1747 1985 scholarum
1789 1928 2187 2000 nostrarum,
2235 1918 2315 1986 de
2356 1921 2592 2004 quibus

627 2008 834 2074 velim
879 2016 947 2072 te
989 2007 1236 2091 optima
1278 2026 1574 2089 quaeque
1618 2026 1901 2090 sperare.

804 2091 1021 2159 Valde
1062 2091 1227 2157 mihi
1270 2091 1480 2157 doluit
1522 2113 1725 2175 quum
1764 2090 2062 2158 intellexi
2111 2112 2197 2157 ex
2239 2091 2588 2176 postremis

627 2178 766 2244 tuis
830 2178 1040 2244 literis
1107 2187 1507 2261 quantopere
1560 2177 1764 2244 fueris
1822 2178 2258 2245 conturbatus
2320 2176 2589 2260 querela

632 2263 814 2331 Pom·
857 2264 955 2328 tui
997 2263 1078 2329 (16
1125 2261 1435 2331 Gorderio.
1457 2265 1516 2343 ⁴²)
1601 2264 1773 2329 Rem
1815 2284 2075 2330 omnem
2122 2262 2443 2347 exquisivi
2488 2260 2585 2327 di·

627 2349 947 2435 ligenter,
1008 2369 1142 2414 non
1196 2349 1407 2415 solum
1463 2369 1504 2413 a
1549 2348 1873 2426 Gorderio,
1929 2348 2045 2416 sed
2100 2370 2141 2415 a
2192 2348 2415 2435 pueris
2471 2348 2586 2432 qui

629 2445 833 2502 testes
891 2434 1131 2502 oculati
1185 2435 1446 2501 fuerant
1500 2442 1569 2500 et
1615 2434 1793 2501 Petri
1845 2432 2051 2518 ipsius
2108 2432 2583 2517 condiscipulis.

629 2519 710 2588 Si
774 2542 917 2586 rem
978 2519 1178 2605 probe
1242 2531 1501 2586 teneres
1514 2571 1531 2599 ,
1606 2542 1742 2585 non
1817 2519 2142 2587 iudicares
2214 2519 2584 2588 &ramam

627 2626 873 2691 magna
929 2605 1201 2673 haerere
1257 2607 1330 2671 in
1394 2606 1605 2689 culpa.
1717 2604 1929 2672 Crede
1992 2606 2160 2671 mihi
2219 2602 2585 2674 corderium

626 2713 761 2759 non
806 2712 995 2761 secus
1045 2692 1352 2757 affectum
1409 2693 1481 2756 in
1539 2699 1729 2756 tuum
1783 2692 1993 2758 filium
2050 2711 2246 2775 quam
2299 2691 2371 2756 in
2428 2712 2582 2758 suos

625 2779 837 2862 ipsius
882 2778 1138 2856 liberos,
1182 2778 1314 2843 nisi
1353 2798 1464 2842 me
1507 2776 1697 2842 valde
1753 2778 2014 2843 animus
2067 2785 2135 2843 et
2171 2779 2583 2844 coniecturae

629 2883 858 2930 omnes
908 2862 1170 2929 fallunt.
1269 2862 1417 2929 Scis
1472 2883 1606 2946 qua
1667 2861 1796 2929 fide
1861 2863 2092 2929 doceat
2155 2869 2225 2927 et
2274 2863 2585 2928 instituat

627 2969 857 3017 omnes
874 2999 890 3027 ‚
949 2948 1338 3032 praesertim
1395 2967 1507 3015 eos
1562 2949 1677 3030 qui
1726 2947 1901 3032 apud
1953 2970 2060 3015 me
2102 2955 2329 3033 agunt,
2375 2970 2582 3033 quum

626 3056 780 3103 mea
820 3042 963 3101 tum
989 3035 1278 3105 maxime
1300 3044 1415 3101 tua
1438 3041 1505 3100 et
1524 3032 1803 3101 aliorum
1826 3054 2026 3103 causa
2046 3056 2087 3102 a
2119 3035 2357 3120 quibus
2396 3035 2583 3120 pueri

626 3121 795 3187 mihi
837 3121 1280 3191 commendati
1322 3130 1499 3187 sunt.
1589 3123 1683 3187 'Pe
1736 3120 1946 3206 igitur
2003 3121 2269 3188 obsecro
2324 3129 2401 3187 ut
2443 3143 2581 3187 om·-

626 3229 783 3274 nem
840 3207 1120 3274 revellas
1174 3228 1263 3272 ex
1313 3207 1533 3273 animo
1592 3207 1931 3274 sinistram
1985 3208 2422 3292 suspicionem
2439 3258 2456 3287 ,
2524 3208 2583 3273 si

627 3315 825 3377 quam
889 3292 970 3360 de
1032 3293 1325 3360 Gorderio
1388 3294 1788 3377 conceperis.
1885 3293 2255 3359 Meministi
2317 3294 2391 3358 in
2452 3295 2583 3358 tuis

623 3381 838 3446 literis
882 3380 963 3447 de
1008 3379 1203 3445 Gallo
1245 3378 1547 3461 quodam,
1590 3380 1738 3446 viro
1780 3378 1970 3459 bono,
2015 3380 2129 3462 qui
2169 3379 2425 3464 pridem
2461 3379 2584 3444 tibi

624 3466 925 3531 futurum
988 3464 1316 3548 praedixit
1330 3516 1346 3544 ,
1425 3487 1509 3531 ne
1587 3485 1772 3549 spem
1835 3485 2148 3550 magnam
2207 3466 2583 3549 conciperes

625 3551 880 3619 fructus
922 3571 1114 3634 quem
1175 3572 1259 3618 ex
1307 3549 1594 3618 Gor-aerii
1651 3550 1993 3633 disciplina
2049 3560 2116 3617 et
2168 3552 2581 3617 institutione

626 3637 805 3702 filius
866 3645 1018 3702 tuus
1074 3647 1248 3703 esset
1306 3646 1762 3721 reportaturus
1777 3688 1794 3716 ‚
1853 3637 2025 3719 quod
2072 3638 2133 3702 ei
2186 3637 2583 3704 suboluisset

626 3722 840 3788 filium
882 3721 1030 3788 odio
1074 3723 1293 3805 aliquo
1350 3721 1522 3806 apud
1570 3722 1937 3790 corderium
1976 3722 2289 3789 laborare.
2378 3722 2580 3804 Quis·

626 3808 774 3892 quis
815 3808 931 3873 ille
973 3807 1130 3873 mali
1173 3808 1372 3874 huius
1435 3809 1789 3875 testimonii
1846 3808 2128 3876 nuncius
2170 3810 2394 3889 fuerit,
2457 3810 2581 3875 hoe

627 3894 839 3960 ausim
905 3914 1226 3972 asserere,
1306 3896 1663 3960 maximam
1729 3895 1811 3960 ab
1876 3916 1953 3959 eo
2015 3896 2374 3979 irrogatam
2440 3916 2581 3961 esse

631 3980 928 4046 Gorderio
965 3980 1294 4046 iniuriam.
1383 3981 1555 4046 Nam
1597 3981 1656 4046 si
1698 3979 1766 4045 id
1812 3979 1892 4046 de
1925 3981 2257 4047 industria
2299 3981 2471 4064 apud
2516 3990 2581 4046 te

629 4064 967 4144 detulerit,
1026 4076 1103 4131 ut
1137 4075 1466 4150 *gravaret
1508 4068 1726 4132 virum
1770 4068 2015 4133 bonum
2058 4066 2233 4152 apud
2276 4068 2581 4144 amicum,

627 4151 853 4235 inique
919 4154 1162 4217 factum
1227 4160 1344 4217 est.
1446 4151 1569 4218 Sin
1622 4152 1692 4217 id
1750 4153 1888 4217 sola
1941 4153 2306 4237 suspicione
2362 4162 2582 4218 motus

629 4239 856 4322 egerit,
901 4237 1194 4303 nondum
1237 4237 1461 4303 didicit
1515 4240 1857 4304 caritatem
1917 4260 2047 4304 non
2104 4260 2246 4304 esse
2290 4239 2582 4324 suspica-

629 4345 791 4402 cem,
839 4345 959 4390 nec
1004 4344 1130 4405 quo
1177 4323 1457 4389 candore
1501 4324 1583 4389 de
1618 4324 1781 4390 viris
1826 4324 2015 4390 bonis
2060 4333 2129 4389 et
2165 4323 2368 4390 doctis
2411 4325 2582 4389 iudi-

631 4410 916 4477 candum
971 4420 1089 4474 est.
1193 4411 1286 4474 Te
1342 4412 1548 4494 igitur
1602 4432 1750 4487 oro,
1820 4432 1905 4476 ne
1964 4411 2154 4477 facile
2209 4409 2583 4476 huiusmodi

631 4497 890 4561 nunciis
932 4493 1129 4560 fidem
1165 4495 1490 4561 adhibeas.
1581 4496 1791 4562 Miror
1834 4519 1991 4562 sane
2030 4497 2397 4563 Corderium
2440 4497 2585 4561 istic

631 4592 701 4647 et
744 4582 917 4664 apud
963 4581 1123 4646 alios
1158 4581 1472 4664 quosdam
1510 4593 1644 4646 tam
1678 4582 1850 4648 male
1884 4583 2133 4662 audire,
2179 4604 2380 4665 quum
2418 4582 2586 4647 nihil

633 4668 915 4733 viderim
962 4688 1246 4748 unquam
1304 4690 1379 4732 eo
1438 4670 1725 4734 sanctius
1784 4676 1850 4732 et
1907 4670 2338 4745 innocentius,
2400 4668 2586 4733 cuius

631 4753 975 4837 probitatis
1020 4764 1088 4816 et
1130 4754 1538 4819 innocentiae
1574 4766 1713 4818 tota
1754 4775 1962 4838 paene
2008 4754 2246 4833 Gallia,
2291 4775 2586 4838 praeser-

658 5025 792 5079 775.
835 5026 890 5088 1)
928 5025 1085 5079 Haec
1127 5026 1453 5080 Rueeschius
1500 5028 1560 5078 in
1589 5027 1906 5094 parenthesi
1940 5029 2113 5082 textui
2145 5031 2392 5084 inec-mit.
2466 5029 2590 5084 Nos

633 5096 981 5163 suspicamur
1016 5111 1128 5148 esee
1157 5096 1567 5162 post-scriptum
1603 5096 1663 5147 in
1697 5097 1944 5164 maraine
1976 5096 2243 5151 additum.

838 5163 895 5230 2)
945 5163 1364 5218 Wattcvillanus
1404 5164 1656 5220 Gorderii
1684 5165 1840 5229 fama
1872 5173 2150 5232 permotus
2221 5170 2280 5221 ui
2314 5183 2464 5220 anno
2499 5183 2587 5220 su·

631 5235 848 5300 periore
894 5232 1169 5288 Neocomo
1221 5234 1580 5287 Lau-sannam
1635 5239 1859 5288 vocatus
1901 5236 2088 5300 fuerat
2137 5185 2242 5298 (ᾗ.
2300 5234 2419 5289 697.
2457 5234 2584 5299 724)

631 5301 819 5436 Ptin}
845 5319 1003 5425 statim
1015 5301 1262 5423 dPetrum
1299 5305 1415 5356 eius
1463 5304 1676 5358 scholae
1722 5302 2052 5369 tradiderat,
2100 5306 2266 5359 simul
2308 5308 2370 5360 in
2419 5305 2592 5360 Vireti

664 5387 751 5424 am
798 5388 854 5424 ια
945 5387 1010 5425 en
1052 5388 1156 5426 um.

2192 442 2720 514 EPIStvohffl
2763 446 2803 509 ’7
2808 446 3061 511 ‘le-7⁷
3065 448 3104 512 6

4515 446 4613 512 308

2693 633 2818 698 tim
2876 654 3033 700 vero
3110 632 3444 700 academia
3506 634 3900 700 Parisiensis
3998 642 4066 698 et
4136 631 4613 717 Burdigalensis

2694 720 2883 786 testis
2928 729 3045 799 est,
3062 722 3120 804 ⁸)
3164 719 3325 785 adeo
3379 720 3461 784 de
3503 722 3643 786 eius
3696 719 3989 784 doctrina
4031 717 4160 784 fide
4203 725 4272 785 et
4314 716 4615 802 probitate

2693 805 2859 871 bene
2902 827 3249 889 persuasa,
3306 813 3381 870 ut
3435 805 3610 873 hunc
3668 825 3825 889 prae
3870 805 4138 887 reliquis
4167 804 4483 871 omnibus
4523 825 4615 888 op-

2695 899 2854 971 tent,
2902 892 3015 975 qui
3058 891 3343 957 hominis
3400 912 3613 957 mores
3670 900 3736 956 et
3792 890 4223 956 eruditionem
4278 890 4483 975 probe
4522 911 4617 956 ex-

2692 977 2949 1060 plorata
2992 977 3254 1043 habent.
3358 976 3493 1057 Qui
3546 979 3620 1043 fit
3677 977 3884 1061 igitur
3936 984 4018 1042 ut
4069 974 4248 1061 apud
4302 997 4426 1042 nos
4481 976 4620 1042 adeo

2693 1062 3007 1129 vilescat?
3075 1066 3216 1129 Aut
3258 1065 3398 1145 ipse
3438 1064 3823 1129 immutatus
3866 1070 3984 1141 est,
4030 1070 4144 1127 aut
4178 1061 4389 1128 nostri
4434 1061 4621 1127 homi-

2692 1169 2810 1214 nes
2853 1150 3122 1232 reliquis
3163 1160 3319 1214 sunt
3360 1151 3761 1216 morosiores.
3829 1147 4134 1214 Eundem
4180 1170 4339 1213 vero
4384 1168 4624 1232 semper

2694 1255 2838 1300 esse
2880 1236 2994 1318 qui
3038 1235 3195 1313 fuit,
3261 1233 3455 1300 audio
3500 1235 3582 1301 ab
3625 1236 3707 1300 iis
3750 1236 3863 1317 qui
3907 1236 4105 1319 longa
4149 1234 4322 1301 vitae
4366 1254 4624 1300 consue-

2693 1320 2937 1386 tudine·
2963 1320 3248 1386 hominis
3282 1321 3621 1405 ingenium
3667 1326 4083 1404 perspectum
4127 1319 4394 1386 habent.
4458 1319 4624 1387 Haeo

2693 1407 2906 1472 scribo
2950 1405 3035 1471 ad
3077 1415 3144 1472 te
3186 1406 3574 1473 familiarius
3633 1405 3806 1491 quod
3866 1407 4071 1472 sciam
4127 1426 4273 1471 eum
4333 1405 4458 1471 tibi
4500 1425 4625 1470 esse

2694 1493 3182 1570 amicissimum,
3226 1492 3523 1576 quodque
3557 1492 3697 1558 eius
3747 1500 3967 1575 partes
4001 1501 4267 1557 strenue
4311 1490 4626 1556 sustinue-

2693 1576 2785 1642 ris
2829 1577 3145 1644 adversus
3190 1600 3298 1644 eos
3340 1581 3454 1662 qui
3498 1579 3832 1644 hominem
3876 1577 4391 1655 calumniantur,
4448 1596 4533 1641 ne
4568 1586 4627 1642 te

2694 1663 2967 1747 posthac
3022 1665 3308 1730 instituti
3352 1667 3715 1749 poeniteat,
3777 1664 4166 1746 desinasque
4207 1663 4424 1729 facere
4468 1661 4626 1747 quod

2690 1748 3006 1817 hactenus
3049 1750 3276 1816 fecisti.
3364 1750 3538 1815 Nam
3582 1751 3737 1815 dum
3783 1749 4068 1815 hominis
4112 1749 4365 1814 nomini
4407 1770 4627 1815 consu-

2690 1834 2793 1912 lis,
2839 1857 2970 1900 nou
3013 1839 3216 1900 unius
3256 1835 3541 1902 Gorderii
3582 1835 3864 1902 consulis
3897 1835 4132 1900 honori
4174 1843 4239 1900 et
4283 1832 4628 1901 commodis

2691 1919 2808 1986 sed
2850 1921 3038 1987 bonis
3082 1921 3335 1986 studiis.

2864 2004 3062 2087 Quod
3105 2015 3323 2072 autem
3363 2006 3715 2089 suspicaris
3741 2004 4107 2072 Gorderium
4146 2006 4311 2070 forte
4354 2011 4470 2069 tuo
4505 2002 4628 2069 filio

2690 2092 3039 2173 infensum,
3084 2093 3256 2177 quod
3299 2092 3359 2157 ei
3404 2114 3535 2158 non
3579 2091 3980 2159 commiseris
4026 2089 4458 2169 educandum,
4516 2089 4628 2155 hoc

2691 2178 2861 2244 habe
2900 2199 3306 2262 persuasum,
3355 2177 3722 2246 Gon-derium
3756 2198 3888 2243 non
3930 2176 3997 2242 id
4045 2175 4275 2242 tulisse
4316 2176 4628 2260 iniquiore

2689 2265 2907 2329 animo
2949 2285 3148 2347 quam
3191 2286 3342 2348 eg0,
3396 2264 3567 2348 quod
3623 2286 3728 2329 me
3780 2262 4091 2328 iudicaris
4135 2260 4255 2326 tibi
4295 2268 4433 2326 tam
4476 2262 4627 2327 ami·

2688 2370 2840 2415 cum
2884 2357 2951 2414 et
2992 2349 3266 2435 dignum
3309 2352 3494 2417 cuius
3539 2348 3918 2434 disciplinae
3977 2346 4366 2414 domesticae
4411 2347 4628 2432 optimi

2689 2435 2978 2517 parentis
3044 2436 3329 2518 optimae
3406 2436 3543 2519 spei
3606 2436 3782 2500 filius
3846 2433 4436 2501 commendaretur.
4542 2433 4629 2498 At

2687 2520 2980 2587 obiicies:
3026 2523 3137 2604 qui
3181 2523 3258 2586 fit
3300 2543 3454 2607 ergo
3491 2528 3565 2586 ut
3607 2529 3744 2585 tam
3783 2520 3954 2586 male
3999 2520 4079 2585 de
4114 2519 4250 2584 filio
4286 2528 4626 2597 mereatur,

2687 2607 2873 2671 velut
2892 2606 3324 2692 pristinorum
3346 2626 3645 2673 meorum
3680 2607 3753 2671 in
3784 2628 3852 2672 se
3887 2606 4353 2673 beneficiorum
4376 2605 4628 2689 penitus

2683 2692 3071 2758 immemor?
3160 2692 3528 2776 Disciplina
3570 2698 3673 2758 est
3711 2692 4101 2758 scholastica
4143 2710 4272 2776 qua
4312 2692 4384 2755 in
4425 2691 4627 2756 filium

2686 2799 2849 2844 usus
2891 2785 3009 2858 est,
3053 2799 3186 2844 non
3230 2778 3500 2845 iniuria:
3560 2800 3771 2862 neque
3826 2777 4051 2844 dubito
4109 2779 4266 2860 quin
4311 2775 4486 2841 idem
4528 2796 4628 2841 ac-

2688 2875 2875 2929 turus
2918 2864 3118 2930 fuerit
3171 2866 3243 2928 in
3286 2886 3481 2930 suum
3524 2865 3732 2949 ipsius
3791 2864 3999 2929 filium
4059 2863 4116 2929 si
4172 2862 4330 2947 quid
4388 2864 4449 2929 ei
4503 2861 4627 2927 tale

2685 2950 3075 3034 contigisset.
3182 2950 3452 3017 Nullum
3513 2952 3763 3015 crimen
3818 2959 3971 3015 tuus
4033 2948 4261 3014 Petrus
4325 2947 4627 3013 dedecore

2686 3035 2958 3121 dignum
2999 3036 3382 3117 admiserat,
3438 3056 3557 3103 nec
3613 3035 3683 3102 id
3740 3035 3945 3102 voluit
3994 3031 4339 3102 corderius
4380 3034 4626 3118 signifi·

2685 3130 2924 3188 catum.
3034 3125 3288 3208 Legem
3353 3123 3642 3206 aliquam
3698 3122 3836 3188 suis
3899 3121 4236 3187 indixerat
4301 3120 4628 3204 discipulis

2685 3230 2820 3274 non
2863 3208 3208 3274 molestam
3249 3230 3370 3274 nec
3415 3208 3847 3294 tyrannicam.
3913 3207 4113 3273 Forte
4147 3207 4450 3272 nonnihil
4487 3227 4624 3289 pcc-

2685 3303 2918 3360 carunt
2959 3291 3030 3360 in
3074 3315 3219 3360 eam
3274 3295 3490 3379 legem
3552 3294 3800 3377 aliquot
3857 3292 4186 3376 discipuli,
4240 3295 4414 3357 inter
4470 3311 4625 3376 quos

2687 3379 2916 3445 Petrus
2956 3380 3097 3446 fuit.
3185 3380 3362 3447 Iussi
3406 3389 3562 3446 sunt
3614 3379 3842 3447 sedere
3894 3379 4089 3464 paulo
4131 3378 4443 3444 humilius
4487 3377 4623 3443 reli·

2685 3468 2831 3550 quis
2886 3465 2969 3531 ad
3023 3466 3219 3531 breve
3277 3466 3591 3550 temporis
3661 3475 4099 3544 momentum,
4161 3463 4356 3548 idque
4415 3464 4624 3529 animo

2684 3553 2955 3617 minime
2997 3552 3189 3617 ma10.
3279 3553 3429 3617 Non
3485 3566 3626 3617 erat
3681 3573 3835 3636 ergo
3896 3551 4064 3634 quod
4115 3550 4344 3616 Petrus
4386 3548 4454 3614 id
4494 3561 4620 3614 tam

2685 3639 2947 3703 sinistre
2999 3638 3544 3720 interpretaretur
3598 3645 3666 3703 et
3718 3646 3782 3703 te
3838 3637 4050 3702 literis
4104 3637 4402 3719 protinus
4457 3656 4618 3702 com-

2685 3735 3007 3801 moveret,
3075 3726 3258 3805 quasi
3317 3723 3712 3808 gravissima
3765 3724 3999 3788 fuisset
4056 3723 4329 3788 affectus
4372 3722 4618 3786 iniuria.

2685 3810 2831 3875 Nisi
2874 3809 3121 3892 aliquid
3163 3811 3327 3875 iuris
3381 3810 3906 3894 praeceptoribus
3964 3810 4035 3872 in
4091 3808 4440 3891 discipulos
4481 3828 4618 3890 per-

2685 3897 3005 3972 mittatur,
3051 3896 3493 3977 cuiuscunque
3552 3896 3686 3961 sint
3740 3896 4066 3972 fortunae,
4123 3895 4271 3977 quis
4329 3894 4617 3959 cordatus

2687 3982 2881 4046 homo
2924 4002 3000 4046 eo
3043 4002 3315 4047 munere
3357 3982 3544 4066 fungi
3599 3979 3990 4046 sustinebit?
4081 3979 4518 4060 Quamobrem
4560 3987 4618 4041 te

2685 4069 2926 4131 iterum
2968 4088 3081 4132 oro
3126 4088 3211 4131 ne
3255 4089 3383 4151 qua
3427 4068 3596 4133 hanc
3640 4067 3720 4132 ob
3759 4087 4019 4132 causam
4057 4066 4357 4131 molestia
4391 4064 4614 4130 afficia-

2687 4155 2794 4218 ris.
2885 4152 2962 4218 Si
3007 4153 3153 4235 quis
3197 4173 3431 4236 parum
3475 4154 3690 4219 fausta
3747 4152 4086 4216 nunciavit
4140 4149 4220 4216 de
4275 4174 4387 4235 spe
4432 4149 4616 4215 futuri

2685 4240 3012 4322 profectus
3055 4240 3167 4323 qui
3213 4262 3296 4304 ex
3340 4239 3561 4305 schola
3598 4238 3883 4304 (larderii
3926 4237 4006 4302 ad
4048 4238 4259 4302 filium
4304 4237 4615 4302 rediturus

2687 4332 2816 4404 est,
2874 4326 2995 4391 etsi
3047 4347 3280 4408 parum
3340 4327 3525 4390 nobis
3592 4325 3866 4389 testibus
3919 4323 4130 4389 credis
4189 4326 4300 4405 qui
4352 4319 4615 4406 quotidie

2689 4411 2830 4476 61116
2873 4411 3145 4477 facimus
3168 4412 3550 4493 periculum,
3596 4431 3783 4495 spero
3806 4411 3941 4475 fore
3987 4419 4078 4484 ut,
4125 4409 4240 4474 ubi
4266 4404 4613 4474 redieritad

2691 4508 2753 4561 te
2777 4496 2969 4573 filius,
2993 4518 3065 4561 re
3088 4497 3233 4579 ipsa
3255 4517 3331 4561 ac
3356 4498 3498 4580 ipso
3528 4498 3974 4579 experimento
4004 4495 4217 4561 discas
4244 4516 4439 4576 quam
4462 4492 4611 4558 fidus

2691 4604 2766 4648 ac
2810 4582 3090 4667 diligens
3132 4583 3330 4648 fuerit
3363 4591 3758 4667 praeceptor.
3823 4580 4112 4645 Proinde
4154 4583 4401 4664 optima
4438 4598 4612 4663 quac-

2694 4689 2817 4751 que
2861 4679 3141 4751 sperate,
3189 4692 3309 4735 nec
3352 4683 3419 4732 te
3465 4679 3577 4733 tua
3619 4689 3769 4751 spes
3824 4666 4029 4734 fallet.
4118 4666 4425 4751 Ignosces
4470 4661 4610 4730 mihi

2693 4755 2747 4819 si
2790 4755 3060 4820 liberius
3103 4764 3171 4820 et
3211 4755 3596 4819 familiarius
3640 4765 3855 4818 tecum
3902 4773 4042 4837 age.
4132 4752 4211 4817 Id
4248 4753 4424 4816 enim
4467 4747 4608 4815 mihi

2693 4841 2890 4906 licere
2933 4841 3108 4924 apud
3153 4851 3215 4906 te
3258 4851 3434 4923 puto,
3489 4842 3698 4905 fretus
3741 4847 3856 4905 tua
3912 4840 4322 4905 humanitate
4366 4847 4430 4902 et
4468 4835 4609 4902 ami-

2694 4928 2863 5005 citia,
2909 4948 3073 5009 quae
3108 4948 3214 4991 me
3248 4926 3525 5009 impellit
3557 4938 3634 4990 ut
3669 4926 3792 4991 hoc
3826 4925 4038 4990 adhuc
4076 4946 4279 4990 unum
4315 4925 4606 4994 adiiciam,

2693 5012 2939 5078 scilicet
2979 5025 3054 5076 ut
3095 5023 3160 5077 te
3204 5034 3523 5091 moneam,
3584 5015 3755 5078 sicut
3799 5013 4080 5078 amicum
4138 5011 4355 5090 decet,
4413 5032 4491 5075 ne
4530 5007 4607 5073 sio

2899 5234 2959 5300 3)
3000 5234 3237 5288 Parisiis
3297 5237 3357 5288 in
3409 5236 3627 5304 collegio
3681 5236 3745 5289 de
3792 5239 3847 5291 la
3908 5235 4131 5290 Marche
4187 5236 4362 5302 ipsius
4420 5227 4609 5288 Calvina·

2689 5312 3005 5428 ξὲἶὲεριον
3034 5305 3233 5370 fuerat.
3308 5303 3552 5359 Parisiis
3588 5305 3951 5375 Burdiyalam
3986 5304 4114 5357 inde
4153 5301 4418 5357 Genevam
4455 5308 4603 5355 trans·
