4825 6175
226 473 326 538 193

216 667 313 744 fia,
353 670 422 730 et
463 683 629 745 quae
671 662 825 728 inde
861 662 1156 729 nascitur
1189 661 1540 728 tenacitas:
1577 667 1645 727 et
1685 660 1956 744 reliqua,
2001 681 2147 744 spe-

217 771 438 829 ramus,
474 748 640 815 bene
673 747 1029 816 habebunt.
1089 747 1284 830 Quod
1304 749 1362 831 ⁸)
1481 747 1688 812 rtinet
1722 745 1808 813 ad
1841 745 2146 829 reliquos,

212 836 412 905 nescio
453 856 583 918 quo
627 834 764 901 fato
809 834 1023 901 dicam
1077 834 1222 899 fieri
1279 841 1355 899 ut
1450 833 1464 847 ‘
1520 852 1557 898 o
1599 831 1719 898 vix
1773 853 1966 916 quem
2015 832 2149 897 iam

212 921 543 990 extrudam
586 921 699 1005 qui
743 921 824 987 de
868 942 986 986 suo
1030 928 1247 1005 potest
1291 921 1533 998 vivere,
1577 917 1779 984 etiam
1822 919 1876 984 si
2008 937 2148 983 mo-

210 1029 385 1076 neam
404 1059 420 1086 ,
478 1007 697 1073 nullas
753 1007 861 1072 hie
917 1027 1061 1073 esse
1118 1005 1405 1083 scholas,
1463 1003 1724 1069 nullum
1768 1005 1968 1070 etiam
2009 1004 2149 1069 fore

210 1095 431 1162 locum.
521 1092 720 1158 Oerte
766 1093 1019 1158 nemini
1062 1091 1381 1158 hactenus
1422 1097 1615 1156 autor
1647 1089 1744 1155 fui
1780 1098 1856 1155 ut
1900 1088 2147 1155 diutius

208 1180 308 1247 hic
346 1188 662 1245 maneret.
752 1177 887 1245 Sed
946 1179 1168 1244 nescio
1227 1177 1373 1261 quis
1418 1178 1650 1261 genius
1693 1188 1952 1242 vestros
1996 1185 2149 1261 agat

207 1275 277 1332 ut
314 1266 407 1330 ita
449 1265 765 1348 quidquid
810 1288 850 1331 a
893 1265 1083 1330 nobis
1125 1272 1224 1330 est
1273 1272 1729 1347 aspernentur.
1817 1261 2148 1328 Dominus

203 1374 399 1420 mann
442 1355 582 1436 ipse
626 1372 749 1418 sua
790 1351 1055 1437 colligat
1098 1358 1235 1415 tam
1280 1348 1597 1432 dissipata
1639 1348 1947 1416 eeclesiae
1991 1367 2149 1414 suae

204 1439 488 1507 membra
524 1445 593 1504 et
623 1439 696 1503 in
731 1458 955 1504 veram
992 1436 1316 1503 unitatem
1358 1444 1784 1520 coagmentet.
1854 1435 1958 1500 De
2000 1455 2151 1500 ves·

205 1534 299 1591 tra
341 1524 820 1601 nominatione,
876 1545 915 1589 0
971 1543 1205 1588 verum
1260 1542 1483 1587 meum
1541 1521 1945 1598 vaticinium,
1994 1530 2149 1585 tunc

201 1612 361 1678 iacta
403 1612 605 1677 fuisse
648 1609 971 1694 pessimae
1010 1606 1385 1693 tyrannidis
1428 1606 1888 1683 fundamenta,
1944 1626 2147 1689 quum

239 1697 680 1781 romulgatum
722 1697 852 1761 fuit
895 1694 1181 1761 edictum
1230 1693 1410 1759 illud.
1503 1691 1753 1759 Omnes
1796 1691 2004 1757 nostri
2049 1690 2144 1756 di-

195 1719 474 1869 ligenter
509 1792 573 1848 te
609 1782 920 1860 salutant,
961 1801 1237 1846 uxorem
1268 1790 1449 1845 tuam
1482 1800 1633 1845 cum
1673 1786 2026 1844 matertera
2050 1786 2146 1840 to-

197 1879 384 1954 taque
427 1868 695 1935 familia.
784 1866 1117 1932 Dominus
1176 1886 1297 1930 vos
1340 1876 1699 1931 conservet.
1788 1864 1896 1930 De
1939 1883 2147 1928 uxore

193 1956 341 2041 quia
398 1954 567 2020 nihil
632 1953 884 2019 dudum
939 1953 1199 2029 scribis,
1263 1971 1411 2017 eam
1469 1949 1850 2017 meliuscule
1905 1947 2148 2014 habere

194 2044 317 2108 iam
359 2040 636 2108 confido.
726 2041 882 2105 Mea
934 2038 1253 2122 paulatim
1311 2036 1689 2115 revalescit,
1747 2035 1965 2120 gratia
2005 2034 2146 2100 Do-

192 2128 400 2194 mino:
465 2126 595 2191 nisi
652 2125 824 2209 quod
877 2125 1077 2190 tussis
1132 2124 1228 2189 illi
1276 2122 1639 2206 plurimum
1695 2120 1974 2187 molesta
2026 2128 2145 2199 est,

196 2212 582 2296 doloresque
656 2211 1021 2277 ordinarios
1085 2208 1449 2275 exacerbat.
1558 2207 1748 2286 Vale,
1813 2207 2017 2272 stater
2083 2214 2150 2270 et

189 2298 401 2366 amice
436 2297 874 2379 integerrime,
933 2296 1175 2362 iterum
1219 2304 1416 2379 atque
1458 2294 1719 2359 iterum.
1811 2291 2145 2371 Genevae,

197 2387 287 2450 18.
334 2383 668 2452 Octobris.

1107 2466 1391 2533 Ioannes
1435 2463 1755 2532 Calvinus
1799 2472 1974 2531 tuus.

966 2759 1378 2771 ———-————-

1104 2977 1251 3051 715.

726 3133 1200 3205 CALVINUS
1245 3131 1616 3199 VIRE'I'O.

362 3307 616 3376 Eadem
673 3311 1040 3391 armamenta
1075 3307 1536 3373 continuantur
1553 3354 1568 3381 ‚
1626 3303 1857 3369 scilicet
1912 3303 2152 3370 scholae

194 3394 583 3462 Genevensis
637 3394 903 3460 conditio
959 3393 1257 3476 magistro
1312 3391 1529 3457 idoneo
1572 3391 1841 3456 carentis
1884 3395 1939 3455 et
1987 3389 2150 3455 Neo-

186 3483 572 3549 comensium
627 3482 704 3547 de
759 3479 935 3544 bonis
998 3478 1425 3544 ecclesiasticis
1493 3477 1695 3541 iustae
1762 3476 2044 3559 querelae
2098 3481 2155 3541 et

173 3572 595 3651 praepostera
638 3566 918 3632 consilia.

192 3737 625 3808 (Antographon
661 3755 769 3789 non
807 3741 1001 3789 exstat.
1046 3734 1416 3788 Describimns
1451 3733 1521 3785 ad
1556 3733 1835 3801 exemplar
1869 3732 2154 3785 Ionvillaei

187 3821 254 3860 ex
306 3806 449 3862 Ood.
487 3806 692 3861 Genev.
737 3804 902 3869 111⁸,
952 3804 1044 3856 fol.
1078 3800 1150 3855 26
1194 3821 1245 3855 v.
1317 3802 1452 3855 Coll.
1489 3817 1534 3856 o.
1572 3800 1701 3855 Cod.
1741 3799 1856 3865 111,
1906 3801 1998 3853 fol.
2037 3799 2153 3856 126.

330 3876 491 3929 anr.
529 3876 760 3944 Anglice
797 3889 954 3927 versa
988 3874 1188 3941 legitur
1222 3872 1284 3925 Τ.
1319 3870 1376 3924 11
1409 3870 1539 3924 edit.
1578 3870 1775 3923 Edinb.
1814 3886 1867 3938 p.
1906 3869 2014 3934 10.)

368 4045 923 4130 Exspectabimus
989 4044 1148 4110 dum
1215 4056 1288 4107 tu
1341 4042 1449 4107 vel
1496 4040 1911 4107 Franciscum
1965 4040 2156 4106 nobis

183 4134 529 4210 restituas,
575 4132 686 4199 vel
722 4132 1069 4197 Erasmum
1103 4131 1347 4194 mittas.
1408 4126 1583 4208 Quia
1618 4137 1841 4193 tamen
1885 4127 2155 4192 interim

186 4217 516 4303 dissipata
586 4226 688 4285 est
751 4217 1021 4294 Schola,
1048 4217 1096 4301 1)
1166 4213 1629 4280 maturandum
1701 4221 1816 4278 est.
1905 4209 1982 4277 Si
2038 4212 2155 4310 tibi

186 4313 553 4389 utrumque
611 4302 878 4369 videtur
937 4312 1050 4366 aut
1113 4302 1382 4385 longum
1439 4309 1555 4364 aut
1610 4297 1912 4376 difficile,
1973 4299 2157 4363 brevi

183 4390 516 4476 significa.
607 4390 781 4455 Nam
838 4391 1282 4472 Argentorato
1295 4388 1352 4463 ²)
1413 4385 1767 4484 quendam·
1807 4403 2155 4483 accersam,

187 4478 309 4561 qui
384 4498 526 4543 meo
589 4474 833 4541 iudicio
901 4485 1093 4558 aptus
1152 4475 1294 4538 erit.
1385 4470 1521 4537 Sed
1566 4471 1946 4536 maluissem
2004 4469 2158 4535 hinc

184 4583 479 4629 sumere.
566 4563 671 4628 De
728 4562 842 4627 illo
898 4557 1410 4645 hypodidascalo
1474 4556 1643 4622 nihil
1708 4554 1942 4633 audeo,
2006 4557 2161 4639 quia

415 4854 472 4918 3)
517 4851 671 4922 Quae
721 4859 1021 4922 sequuntur
1073 4866 1244 4921 usque
1296 4850 1373 4904 ad
1425 4849 1672 4904 verbum:
1720 4847 1957 4901 edictum
2010 4847 2161 4914 illud,

266 4928 414 4975 sunt
571 4922 664 4976 dd.

185 4922 378 5045 αξη.
415 4923 707 5055 ῙἾὸΟῖποῖο
724 4990 972 5044 Damont
1003 4989 1229 5042 dimisso
1260 4987 1316 5042 al
1333 4989 1345 5001 ’
1541 4988 1604 5039 iu
1633 4985 1846 5039 duobus
1875 4984 2160 5039 baccalau-

187 5060 316 5113 νεὼ
366 5059 675 5114 concredn‘ta
720 5059 923 5126 fuerat,
979 5056 1256 5125 Stephano
1363 5055 1527 5124 ophio
1569 5061 1620 5109 et
1666 5054 1832 5109 Petro
1871 5053 2152 5135 lldmard.

192 5127 420 5182 Postea
449 5129 616 5184 eidem
648 5128 959 5197 praefectus
992 5128 1205 5194 fuerat,
1244 5124 1474 5180 Calvino
1509 5130 1725 5188 autore,
1765 5123 1912 5177 θνα.
1968 5122 2165 5200 Ρνᾳηο

199 5194 657 5267 Rotomayenet‘s,
703 5213 876 5265 nuper
930 5195 1181 5250 Genevae
1223 5199 1430 5249 cantor.
1504 5193 1697 5247 Etiam
1747 5191 1849 5245 Fr.
1887 5189 2163 5245 Deotheue

193 5271 444 5320 vocatus
471 5269 645 5333 fuisse
681 5266 895 5320 videtur
928 5265 1024 5319 sed
1058 5282 1095 5319 a
1128 5263 1502 5318 Reme-sibus
1534 5277 1646 5317 non
1681 5275 1980 5315 concessus.
2029 5261 2161 5326 (Βέ-

195 5338 332 5388 tcmt
371 5334 656 5468 p.2)l7.R20.
685 5335 788 5459 dR
853 5375 866 5388 .
902 5333 1294 5458 dueaoolffeg'ct
1289 5331 1371 5385 17.
1406 5330 1490 5384 21.
1528 5331 1694 5398 Any„
1727 5328 1779 5383 8.
1821 5328 1991 5399 Sept.)

571 5420 650 5474 eq.
725 5420 764 5457 u
1021 5442 1034 5455 .
1138 5443 1151 5456 .
1294 5440 1308 5455 .

434 5488 647 5545 cumn·
673 5504 859 5559 opera.
944 5488 1055 5544 1⁷01.
1095 5486 1238 5541 ΧΠ.

1940 474 2102 536 1545
2148 469 2476 540 ΟΟΤΟΒ.

4091 479 4214 544 194

2250 660 2460 725 satius
2501 660 2631 726 erit
2672 682 2825 727 eum
2868 662 2981 745 qui
3020 661 3441 746 praeficietur
3496 661 3769 729 liberam
3814 662 4057 731 habere
4099 664 4215 732 de-

2251 743 2503 831 ligendi
2547 767 2710 830 quos
2752 746 2930 813 volet
2969 747 3367 815 facultatem.

2424 831 2918 898 Excusaveram
2964 832 3248 912 Farello,
3292 833 3409 900 sed
3450 835 3819 901 obstinatus
3862 835 3932 901 in
4020 857 4214 920 ropo-

2252 917 2377 983 sito
2422 927 2665 984 manet.
2712 919 2861 984 Non
2908 917 3258 984 ridiculum
3304 928 3561 985 tantum
3608 921 3723 987 sed
3766 922 3951 1005 impu
3997 923 4214 990 entiae

2254 1023 2513 1086 quoque
2557 1003 2755 1069 affine
2791 1005 2918 1070 erit
2960 1005 3291 1089 suscipere
3335 1006 3795 1089 corrigendum
3847 1008 3919 1072 in
3961 1008 4027 1072 N
4028 1029 4213 1075 0000-

2253 1088 2591 1155 mensibus
2635 1090 2874 1156 vitium
2926 1091 3028 1156 cui
3073 1091 3183 1157 1110
3228 1112 3364 1156 000
3408 1091 3763 1158 medemur.
3855 1092 4213 1160 Suaseram

2252 1181 2330 1238 nt
2394 1174 2614 1257 potius
2680 1174 2979 1242 libellum
3041 1176 3439 1260 proferrent,
3508 1180 3579 1242 in
3637 1200 3765 1261 quo
3822 1179 4213 1262 pollicentur

2252 1260 2583 1343 principes
2638 1282 2710 1326 se
2753 1260 2836 1327 ad
2889 1263 3370 1328 restitutionem
3434 1285 3693 1348 semper
3750 1265 3885 1330 fore
3928 1274 4212 1348 paratos,

2252 1345 2308 1410 si
2365 1344 2447 1409 de
2510 1346 2807 1430 legitima
2870 1346 3436 1414 administratione
3501 1350 3863 1415 conveniat.
3953 1349 4214 1417 Deinde

2251 1430 2377 1497 hoc
2414 1440 2758 1513 praetextu
2792 1432 3187 1516 impedirent
3221 1435 3530 1518 profanas
3565 1437 3726 1501 istas
3763 1435 4212 1517 alienationes,

2250 1537 2377 1600 quo
2422 1537 2529 1582 res
2576 1519 2648 1582 in
2692 1518 2929 1584 melius
2983 1530 3243 1604 tempus
3285 1522 3549 1604 integra
3593 1520 3982 1587 differretur.
4077 1523 4214 1588 Re-

2250 1602 2528 1685 spondet
2549 1602 2866 1682 Farellus,
2914 1605 3280 1689 principum
3308 1608 3727 1673 autoritatem
3761 1629 3893 1673 000
3928 1608 4213 1673 multum

2250 1687 2623 1754 valituram.
2713 1687 2890 1770 Quid
2935 1711 3091 1776 ergo
3137 1690 3290 1757 fidei
3334 1692 3578 1757 facient
3619 1710 3882 1759 nostrae
3935 1693 4209 1760 literae?

2250 1773 2467 1839 Instat
2524 1784 2863 1857 praeterea
2918 1783 2994 1840 ut
3051 1797 3243 1861 agam
3300 1800 3449 1843 cum
3496 1778 3742 1844 Bucero
3786 1789 3860 1844 ut
3901 1778 4128 1846 literas
4172 1802 4214 1845 a

2248 1867 2484 1926 senatu
2507 1861 2976 1945 Argentinensi
2996 1862 3052 1946 ⁸)
3098 1865 3185 1927 im
3274 1871 3405 1928 tret
3439 1864 3520 1929 ad
3572 1873 3876 1931 senatum
3910 1866 4212 1932 Bernen-

2250 1966 2409 2024 sem,
2458 1945 2656 2012 huius
2686 1949 3086 2031 argumenti:
3135 1950 3188 2013 si
3236 1950 3257 2013 i
3301 1949 3681 2028 indicatum,
3728 1951 4209 2019 Neocomenses

2252 2030 2444 2097 valde
2500 2052 2773 2114 peccare
2829 2034 2897 2098 in
2944 2033 3343 2117 dissipandis
3403 2035 3714 2102 ecelesiae
3770 2037 3986 2102 bonis:
4047 2039 4210 2103 Berb

2250 2116 2505 2182 natium
2542 2127 2765 2200 partes
2806 2140 2950 2184 esse
2987 2121 3350 2204 reprimere
3388 2120 3561 2187 hanc
3590 2121 3947 2187 libidinem.
4008 2123 4210 2188 Eius-

2249 2201 2428 2267 modi
2471 2202 2697 2269 literas
2739 2214 2961 2287 sperat
2996 2205 3259 2271 Bernae
3302 2227 3557 2290 quoque
3601 2208 3992 2290 profuturas.
4059 2209 4209 2293 Ego

2251 2296 2481 2353 contra
2516 2289 2631 2353 vix
2667 2291 2898 2373 opinor
2932 2292 3291 2375 scripturos
3317 2295 3852 2378 Argentinenses,
3891 2316 3976 2360 ne
3995 2295 4211 2379 magis

2250 2373 2570 2440 ulcerent.
2662 2374 2926 2441 Deinde
2971 2390 3042 2442 ut
3097 2376 3415 2454 scribant,
3469 2401 3556 2443 an
3600 2380 3934 2445 nescimus
3977 2401 4209 2446 eorum

2251 2460 2679 2525 monitionem
2723 2460 3013 2528 derisum
3055 2463 3186 2528 iri?
3243 2465 3462 2547 Atque
3499 2472 3578 2528 ut
3609 2466 3898 2530 maxime
3941 2468 4211 2549 cupiant

2252 2544 2577 2611 Bernates
2612 2546 3160 2614 Neocomensium
3210 2550 3368 2614 vitio
3412 2550 3677 2628 mederi,
3724 2572 3851 2634 quo
3886 2552 4104 2617 fronte
4138 2551 4208 2617 id

2253 2630 2534 2697 facient?
2614 2631 2921 2713 Obsecro,
2968 2632 3386 2700 audebuntne
3429 2635 3908 2718 reprehendere
3951 2639 4022 2702 in
4066 2637 4214 2703 aliis

2254 2716 2431 2800 quod
2493 2718 2635 2782 iure
2698 2719 2944 2784 factum
3000 2742 3041 2784 a
3106 2741 3175 2786 se
3241 2721 3664 2804 pertinaciter
3730 2722 4133 2787 defendunt?
4152 2724 4208 2805 ⁴)

2253 2802 2494 2868 Dicam
2560 2804 2766 2888 igitur
2831 2803 2912 2870 de
2957 2804 3210 2870 Farello
3275 2805 3446 2889 quod
3507 2808 3737 2873 Cicero
3798 2805 3879 2872 de
3926 2806 4205 2874 Catone:

2254 2891 2475 2973 Agere
2518 2887 2782 2973 quidem
2825 2890 3044 2973 ipsum
3101 2892 3269 2956 bono
3325 2893 3577 2971 anime,
3636 2892 3753 2959 sed
3796 2893 4065 2960 consilio
4107 2896 4210 2960 in-

2254 2973 2519 3040 terdum
2565 2996 2697 3040 non
2740 2976 3005 3060 optimo.
3088 2977 3236 3043 Hoc
3279 2978 3350 3041 in
3394 2999 3592 3044 causa
3633 2989 3749 3053 est,
3798 2980 3968 3062 quod
4015 2978 4215 3046 studii

2253 3059 2673 3128 vehementia
2715 3061 3027 3147 abreptus
3072 3084 3204 3129 non
3249 3085 3507 3148 semper
3550 3066 3761 3132 cernit
3804 3087 3970 3150 quae
4015 3087 4212 3151 expe-

2255 3145 2465 3212 diunt.
2554 3147 2862 3214 Pericula
2925 3148 3033 3217 vel
3098 3171 3230 3216 non
3293 3149 3602 3233 providet
3654 3151 3762 3216 vel
3830 3152 4212 3218 contemnit.

2255 3234 2478 3316 Atque
2521 3233 2645 3300 1100
2689 3233 2938 3300 accedit
2974 3234 3134 3301 mali
3179 3235 3354 3319 quod
3373 3287 3388 3314 ,
3434 3237 3566 3301 nisi
3607 3238 4027 3320 obsequimur
4071 3239 4215 3303 eius

2256 3325 2410 3383 voto
2432 3369 2447 3396 ,
2502 3319 2725 3402 inique
2775 3319 2960 3386 feret.
3050 3320 3186 3387 Sed
3231 3321 3387 3405 quid
3426 3322 3753 3389 facerem?
3843 3323 3992 3388 Non
4037 3324 4217 3389 enim

2256 3402 2546 3469 adducar
2608 3417 2685 3470 ut
2754 3405 2933 3489 quod
2977 3408 3356 3473 nociturum
3421 3417 3581 3490 puto
3647 3408 4016 3491 suscipiam.
4107 3408 4216 3475 De

2260 3488 2687 3572 Champerello
2734 3491 3218 3573 Christophorus
3262 3493 3375 3557 tibi
3423 3494 3733 3571 narrabit,
3780 3502 3848 3560 et
3890 3516 4013 3579 ego
4056 3496 4215 3561 scri-

2255 3573 2409 3641 bam
2456 3576 2567 3640 ubi
2605 3575 2689 3641 ad
2732 3577 2931 3641 finem
2979 3586 3252 3643 ventum
3295 3577 3510 3643 fuerit.
3599 3579 3800 3659 Vale,
3858 3581 4064 3645 frater
4106 3602 4218 3664 op-

2259 3662 2421 3725 time
2479 3671 2549 3727 et
2595 3662 2803 3727 amice
2875 3664 3313 3748 integerrime.
3399 3664 3787 3731 Amedaeam
3802 3667 3857 3739 ⁵)
3917 3666 4216 3732 nondum

2257 3766 2379 3829 per
2413 3749 2971 3830 opportunitatem
3008 3750 3359 3816 convenire
3393 3750 3597 3816 licuit.
3657 3750 3956 3834 Explebo
3991 3761 4217 3818 tamen

2261 3829 2643 3897 mandatum
2705 3844 2912 3899 tuum.
3003 3835 3174 3901 Vale
3228 3836 3471 3901 iterum
3517 3858 3668 3902 cum
3713 3857 3921 3902 uxore
3965 3847 4032 3901 et
4074 3859 4217 3904 ma-

2262 3927 2508 3983 tertera
2542 3928 2610 3983 et
2643 3919 2975 3985 fratribus.
3049 3919 3492 4007 Symmystae,
3531 3943 3697 3986 uxor
3732 3943 3879 3987 mea
3913 3935 3982 3987 et
4015 3923 4215 3989 vicini

2259 4014 2326 4068 te
2370 4003 2722 4088 diligenter
2760 4004 3066 4071 salutant.
3160 4012 3260 4071 24.
3308 4005 3536 4074 Octob.
3563 4006 3618 4093 ⁶)

3189 4143 3471 4209 Ioannes
3506 4142 3826 4211 Calvinus
3869 4160 4038 4212 tuus.

2471 4413 2526 4480 3)
2562 4414 2656 4468 An
2691 4420 2915 4469 senam
2959 4415 3076 4468 scri
3110 4417 3245 4469 serit
3279 4432 3393 4470 non
3428 4423 3654 4472 constat.
3730 4417 4081 4485 Scripseram
4116 4420 4216 4473 mi-

2262 4485 2443 4552 niam,
2477 4484 2727 4538 Bucen-us
2761 4482 2944 4537 Hedio
2977 4489 3030 4537 et
3140 4484 3267 4538 llius
3302 4484 3354 4538 d.
3379 4484 3427 4538 ὁ.
3459 4486 3597 4540 Νου.
3632 4484 3990 4552 (Kirchhofer
4013 4486 4086 4540 11.
4105 4485 4216 4553 77.)

2468 4550 2530 4619 4)
2577 4551 2693 4621 Quo
2723 4559 2887 4620 pacto
2910 4552 3218 4607 Beruenses
3252 4553 3394 4607 bona
3429 4555 3792 4609 ecclesiastica
3826 4556 3887 4608 in
3920 4559 4079 4609 novis
4100 4556 4221 4610 suis

2262 4623 2567 4677 ditionibus
2600 4624 2662 4674 in
2688 4621 2971 4689 meatum
3004 4636 3162 4675 vesum
3177 4663 3190 4690 ,
3239 4628 3377 4675 certe
3411 4626 3471 4676 in
3514 4624 3814 4691 profanum
3858 4627 4221 4679 convenerint

2265 4690 2634 4756 emendando,
2669 4690 2856 4743 videre
2890 4697 2969 4744 est
3004 4690 3156 4758 apud
3196 4689 3427 4746 Ructat.
3465 4691 3564 4745 lv.
3601 4691 3706 4745 395
3740 4698 3790 4746 et
3827 4694 3884 4745 in
3918 4691 4219 4758 Vulliemin,

2269 4758 2645 4882 Chronigueur
2674 4775 2729 4840 p:
2765 4757 2885 4840 384.

2510 4830 2533 4894 )
2578 4826 2783 4881 Gur-tm
2815 4827 3010 4881 vudum
3057 4843 3108 4881 υ.
3143 4828 3397 4894 praeced.

2472 4897 2533 4962 6)
2573 4894 2662 4950 De
2714 4911 2866 4950 anno
2922 4912 2952 4949 e
3017 4902 3347 4965 armamento
3401 4899 3649 4964 apprime
3702 4901 3941 4962 constat,
3995 4897 4048 4950 si
4098 4913 4219 4951 cum

2263 4968 2513 5035 premium
2543 4964 2964 5035 praecedentibus
3006 4965 3325 5020 contuleris.

3039 5236 3450 5249 ..ψ

3746 5475 3811 5529 13
