4825 6175
225 456 330 517 441

219 638 362 724 ipsis
400 643 775 721 peteremus
830 647 898 705 et
954 639 1188 723 quibus
1247 639 1328 707 de
1384 640 1628 707 causis:
1693 639 1991 725 beneque
2034 662 2156 708 nos

222 743 466 808 sperare
508 733 576 788 et
612 745 734 791 vos
778 731 1067 791 vestram
1110 725 1614 810 interposituros
1656 748 1800 793 esse
1843 728 2154 793 autorita-

220 819 340 875 tem
380 830 463 874 ne
503 810 633 893 ipsi
676 831 794 876 nos
838 834 878 876 a
920 812 1375 877 communione
1397 811 1668 891 Christi,
1711 811 1887 896 quod
1930 812 2014 878 ad
2039 813 2152 895 ‚ip-

220 915 317 962 sos
354 893 693 974 adtineret,
739 905 980 981 negata
1020 897 1473 963 communione
1513 919 1779 964 mensae
1822 899 1964 964 eius
2008 920 2153 980 per-

259 987 438 1046 erent
478 979 849 1062 excludere,
894 990 960 1048 et
1002 982 1317 1067 quidquid
1363 984 1671 1068 scripturi
1713 1005 2028 1063 essemus,
2085 984 2153 1048 id

217 1067 380 1150 ipsis,
425 1068 575 1150 priu
653 1088 816 1131 uanr
839 1068 1066 1133 literas
1102 1068 1184 1134 ad
1219 1090 1338 1135 vos
1376 1070 1807 1149 mitteremus,
1855 1070 2024 1136 velle
2058 1070 2151 1135 le-

216 1151 489 1237 gendum
535 1172 616 1217 ex
671 1152 867 1230 'bere,
911 1160 989 1219 ut
1031 1163 1098 1220 et
1139 1155 1267 1237 ipsi
1325 1156 1482 1239 quid
1524 1156 1864 1222 videretur
1908 1156 1989 1221 ad
2035 1177 2154 1222 vos

213 1236 697 1322 perscriberent.
784 1239 893 1305 Ita
936 1239 1301 1307 dimisimus
1344 1261 1474 1320 eos,
1520 1240 1736 1307 daturi
1779 1241 2156 1307 huiusmodi

213 1323 290 1389 ad
322 1344 437 1389 vos
479 1324 704 1390 literas
740 1346 942 1407 quum
987 1336 1393 1409 opportunus
1445 1327 1839 1394 occurrisset
1879 1327 2153 1394 tabella-

213 1411 356 1474 rius.
447 1409 731 1475 Interim
780 1419 1000 1476 autem
1047 1412 1174 1495 ipsi
1216 1434 1334 1495 per
1394 1434 1465 1478 se
1510 1411 1591 1478 de
1643 1413 1962 1478 mutando
2006 1413 2156 1478 hos-

211 1494 360 1577 pitio
401 1495 796 1579 cogitarunt,
842 1507 908 1561 et
952 1495 1474 1563 Schafhusianus
1529 1499 1735 1565 inscio
1790 1499 2046 1581 hospite
2089 1507 2156 1564 et

210 1591 620 1664 praeceptore
685 1603 803 1647 suo
867 1583 1069 1648 libros
1144 1592 1210 1648 et
1275 1583 1527 1649 reculas
1590 1606 1744 1651 suas
1809 1586 2151 1668 compegit,

210 1672 470 1749 nactusq
481 1689 559 1732 ue
599 1667 970 1732 institorem
1016 1670 1125 1753 qui
1175 1670 1583 1737 satisfaceret
1625 1691 1742 1753 pro
1785 1690 1863 1735 eo
1904 1670 2153 1754 hospiti

209 1771 348 1830 suo,
393 1752 691 1836 nihilque
724 1753 857 1819 tale
900 1761 1390 1836 exspectantem
1434 1764 1582 1838 post
1623 1756 1855 1821 horam
1901 1755 2153 1822 accedit

210 1837 486 1902 eundem
503 1889 519 1915 ,
566 1847 634 1903 et
687 1839 1012 1923 hospitem
1076 1852 1143 1904 et
1183 1851 1515 1924 pastorem
1558 1850 1625 1907 et
1666 1851 2151 1925 praeceptorem

209 1943 411 2001 suum,
460 1924 650 1989 cuius
689 1936 865 1990 certe
921 1925 1101 1991 fideli
1155 1934 1225 1991 et
1275 1936 1551 2009 paterna
1605 1949 1766 1993 cura
1808 1937 2006 2011 atque
2047 1928 2149 1991 in-

208 2010 543 2075 stitutione
587 2011 803 2076 fuerat
860 2032 991 2076 non
1057 2012 1199 2077 sine
1242 2034 1359 2079 suo
1403 2013 1744 2079 commodo
1787 2035 1947 2079 usus
1966 2064 1981 2092 ,
2026 2034 2148 2079 nec

205 2093 554 2179 quidquam
598 2095 758 2161 dicit
815 2098 1096 2179 amplius
1139 2118 1368 2180 quam:
1431 2099 1717 2164 Domine
1770 2109 2150 2182 praeceptor

206 2180 364 2257 vale,
409 2201 535 2265 ego
579 2182 757 2247 abeo.
825 2182 909 2247 D.
951 2181 1362 2250 Mambachius
1403 2184 1840 2267 perturbatus,
1886 2193 1953 2249 et
1987 2185 2146 2264 iure,

204 2264 280 2330 de
330 2267 465 2331 ista
514 2266 940 2334 adolescentis
996 2269 1472 2352 ingratitudine
1526 2279 1596 2335 et
1645 2269 2148 2348 inhumanitate,

203 2353 409 2435 coepit
454 2374 606 2418 eum
647 2354 841 2419 officii
886 2354 991 2420 sui
1034 2354 1272 2420 leniter
1318 2366 1387 2421 et
1427 2364 1503 2420 ut
1543 2357 1725 2440 pium
1769 2364 2149 2440 praecepto-

199 2457 333 2502 rem
375 2437 568 2505 decet
610 2437 978 2519 admonere,
1018 2461 1094 2506 ac
1138 2439 1370 2506 deinde
1404 2442 1475 2505 in
1519 2461 1678 2525 pace
1720 2441 1983 2507 dimisit.

361 2524 557 2591 Haec
599 2546 799 2607 quum
843 2527 936 2591 ita
989 2525 1347 2592 acciderint
1400 2537 1468 2593 et
1510 2527 1811 2604 habeant,
1867 2536 1942 2593 ut
1980 2548 2151 2594 com-

201 2611 740 2689 memoravimus,
801 2610 1020 2676 visum
1064 2620 1166 2676 est
1218 2611 1405 2679 vobis
1458 2634 1538 2677 ea
1595 2614 1818 2679 omnia
1871 2614 2150 2697 simplici

202 2702 264 2759 et
302 2695 486 2760 fideli
531 2697 911 2762 narratione
954 2717 1316 2781 exponere,
1375 2718 1538 2781 quos
1593 2720 1726 2764 non
1772 2698 2151 2765 dubitamus

201 2789 419 2863 optare
462 2790 543 2846 ut
584 2791 654 2847 et
687 2783 924 2848 vestris
966 2783 1039 2848 in
1081 2783 1386 2850 omnibus
1443 2784 1732 2850 officium
1777 2785 2039 2864 faciant,
2084 2792 2153 2851 et

200 2866 419 2933 schola
462 2876 661 2951 atque
703 2868 978 2934 ecclesia
1020 2878 1245 2934 nostra
1288 2891 1486 2952 quam
1532 2871 1854 2937 altissima
1894 2873 2154 2937 fruatur

201 2953 695 3037 tranquillitate,
754 2963 822 3018 et
864 2973 1098 3038 rogare
1151 2976 1271 3020 vos
1326 2956 1397 3020 in
1440 2954 1729 3022 Domino
1783 2965 1887 3036 ut,
1946 2978 2151 3040 quum

201 3045 453 3107 vestros
495 3040 628 3105 huc
668 3039 939 3107 indubie
979 3049 1055 3106 ut
1091 3038 1174 3106 ad
1208 3041 1498 3107 scholam
1535 3042 1965 3111 christianam
1998 3044 2151 3108 mit-

202 3126 373 3204 tatis,
420 3135 687 3192 autores
731 3127 892 3210 ipsis
937 3126 1081 3193 sitis
1139 3148 1225 3193 ne
1282 3130 1768 3194 communicare
1810 3131 2148 3196 nobiscum

202 3212 627 3279 sacramentis
668 3213 740 3278 in
783 3211 1071 3278 Domino
1125 3212 1523 3291 detrectent,
1582 3236 1787 3298 quum
1844 3214 2011 3279 nihil
2069 3216 2150 3280 ab

201 3296 325 3364 illis
367 3319 645 3383 prorsus
707 3318 904 3381 quam
947 3306 1241 3365 vestram
1293 3300 1765 3367 confessionem
1821 3301 2149 3367 Basilian-

202 3404 335 3449 sem
378 3384 814 3468 requiramus,
858 3385 992 3449 imo
1049 3384 1386 3468 paulinam
1427 3393 1690 3451 tantum
1731 3386 1912 3451 illam
1956 3408 2155 3470 quam

203 3470 880 3536 commemoravimus.
1010 3470 1335 3554 Ignorant
1428 3470 1872 3537 adolescentes
1949 3493 2153 3556 quan·

203 3561 340 3619 tum
389 3557 480 3622 sit
537 3564 906 3639 peccatum,
959 3555 1040 3621 iis
1098 3557 1209 3638 qui
1266 3556 1519 3623 Christi
1576 3566 1762 3635 sunt,
1819 3578 1896 3625 ac
1953 3559 2154 3624 etiam

201 3643 732 3789 graeceptoribus
803 3643 942 3707 suis
1001 3640 1250 3707 Christi
1307 3642 1835 3709 communionem
1891 3664 2151 3729 negare.

269 3725 463 3793 einde
499 3727 658 3811 quid
691 3727 851 3792 talia
883 3728 1146 3809 pariant
1174 3728 1494 3810 exempla,
1528 3729 1920 3811 praesertim
1952 3751 2155 3813 quum

205 3811 420 3895 aliqua
463 3813 819 3897 praecipua
857 3813 1183 3878 iactentur
1225 3814 1594 3894 autoritate,
1634 3815 1764 3898 ipsi
1806 3815 1995 3882 facile
2040 3837 2155 3900 ag-

205 3899 495 3964 noscitis.
583 3899 908 3983 'Pempora
949 3909 1104 3964 sunt
1151 3898 1394 3981 alioqui
1434 3899 1583 3984 plus
1624 3901 1830 3966 nimio
1875 3902 2155 3983 adflicta,

205 3994 268 4048 et
323 3984 493 4050 furit
559 3982 799 4067 ubique
867 3982 1181 4061 Satanas,
1250 3985 1572 4068 quomodo
1640 4007 1761 4052 nos
1831 3986 2159 4053 distrahat

205 4088 364 4151 quos
405 4071 484 4135 in
539 4091 610 4134 se
651 4068 978 4136 Dominus
1031 4071 1390 4136 coniunxit.
1489 4072 1769 4137 Interim
1825 4073 2157 4158 malignus

201 4153 309 4220 ille
363 4177 522 4222 suos
586 4156 763 4240 cogit
818 4153 1220 4220 horrendum
1273 4156 1348 4221 in
1401 4157 1686 4223 modum.
1777 4156 1966 4241 Quae
2025 4180 2157 4225 non

205 4239 579 4308 dubitamus
623 4261 744 4306 nos
786 4241 1109 4325 accepisse
1163 4263 1203 4306 a
1244 4241 1561 4318 Domine,
1618 4265 1697 4308 ea
1750 4244 2158 4328 profitemur,

207 4332 268 4390 et
308 4328 454 4393 sine
485 4328 873 4410 cuiusquam
905 4327 1343 4412 sugillatione.
1432 4328 1616 4413 Erga
1658 4349 1789 4406 eos,
1829 4350 1952 4417 per
1994 4351 2158 4414 quos

204 4413 387 4480 nobis
422 4412 758 4479 Dominus
802 4433 924 4479 sua
961 4413 1370 4497 amplissima
1405 4413 1577 4480 dona
1620 4421 1723 4479 est
1763 4415 2155 4498 impertitus,

204 4497 546 4566 studemus
611 4519 753 4565 esse
817 4499 1022 4583 grati,
1088 4499 1205 4565 sed
1257 4500 1501 4583 absque
1565 4500 1953 4583 cuiusquam
2007 4522 2158 4567 con-

203 4589 476 4668 temptu.
563 4584 1115 4668 Unumquemquc
1158 4606 1277 4651 suo
1319 4585 1459 4651 loco
1502 4595 1570 4650 et
1621 4607 1897 4651 numero
1941 4589 2010 4652 in
2053 4606 2158 4653 ec-

206 4669 399 4737 clesia
440 4671 572 4736 Dei
614 4671 855 4736 habere
910 4671 1227 4753 cupimus.
1317 4669 1568 4737 Christi
1623 4671 1994 4737 libertatem
2011 4723 2026 4749 ,
2090 4682 2160 4737 et

206 4765 278 4819 ut
303 4758 587 4839 quisque
630 4755 856 4821 doceat
899 4768 966 4821 et
1009 4766 1164 4840 agat
1203 4776 1325 4841 pro
1370 4777 1493 4821 sua
1533 4756 1684 4835 fide,
1729 4757 1905 4823 sicut
1944 4759 2158 4823 omni-

206 4838 325 4908 bus
368 4841 649 4907 libenter
691 4843 1136 4922 concedimus,
1201 4843 1297 4907 ita
1350 4842 1619 4910 concedi
1674 4863 1927 4926 quoque
1969 4845 2158 4909 nobis

206 4926 346 4992 iure
405 4929 728 5012 petimus,
791 4929 948 4993 dum
1019 4950 1137 4995 nos
1202 4930 1378 4994 intra
1421 4928 1719 5013 regulam
1782 4929 1970 4996 verbi
2029 4931 2158 4995 Dei

209 5013 634 5080 continemus.
723 5012 987 5079 Debent
1028 5018 1204 5080 enim
1248 5035 1392 5080 esse
1434 5016 1699 5079 omnino
1742 5025 2000 5096 sancta,
2058 5024 2158 5081 ta-

207 5118 357 5164 men
423 5101 663 5178 libera,
727 5099 802 5165 in
866 5101 1138 5167 ecclesia
1192 5100 1433 5166 iudicia
1487 5100 1686 5166 simul
1750 5110 1819 5166 et
1860 5100 2154 5169 candida.

210 5181 316 5250 Sic
362 5192 434 5250 et
478 5208 594 5252 vos
638 5186 959 5252 animatos
984 5208 1125 5252 esse
1170 5186 1576 5252 confidimus.
1668 5187 1869 5272 Ergo,
1913 5196 1990 5253 ut
2030 5207 2155 5253 nos

209 5268 529 5337 hactenus
567 5272 640 5337 in
681 5273 960 5337 fratrum
1001 5282 1368 5339 vestrorum
1413 5292 1688 5338 numero
1726 5273 2050 5340 habuistis
2091 5282 2159 5339 et

211 5356 418 5424 adhuc
453 5356 728 5437 habetis,
761 5359 858 5423 sic
890 5379 1155 5425 oramus
1187 5364 1459 5442 propter
1490 5379 1905 5426 communem
1927 5360 2157 5426 Chris-

1913 456 2076 519 1546
2122 453 2533 524 DECEMB.

4083 464 4211 528 442

2256 648 2402 708 tum
2447 651 2526 709 ut
2564 644 2715 723 illis,
2751 665 2916 728 quos
2958 644 3147 712 nobis
3201 645 3592 714 erudiendos
3648 655 3718 714 et
3770 648 4214 717 instituendos

2256 728 2528 795 indubie
2571 736 2639 795 et
2679 730 2752 795 in
2795 731 3036 813 pietate
3080 732 3381 809 mittitis,
3414 731 3588 798 idem
3631 733 3978 802 suadeatis.
4073 735 4214 820 Op—

2257 820 2473 880 tamus
2513 835 2632 882 vos
2673 818 2746 881 in
2764 816 3050 882 Domino
3093 817 3369 883 feliciter
3411 840 3605 904 agere
3640 828 3708 884 et
3750 829 3928 887 recte
3968 821 4212 902 valere,

2257 920 2507 983 nosque
2546 922 2865 985 responso
2908 911 3132 985 optato
3173 905 3247 969 in
3288 904 3746 987 praesentibus
3789 907 4215 974 ecclesiarum

2255 985 2772 1139 ἰῗὶίῗξίοῑὲί-ῗιῆ
2764 1008 3079 1055 recreare.
3162 988 3415 1054 Datum
3451 992 3725 1076 Argent.
3762 995 3852 1077 vj.
3898 992 4210 1060 Decemb.

2876 1208 2952 1278 O.
2999 1210 3216 1277 Hedio
3259 1211 3344 1278 D.
3367 1214 3425 1295 ⁵)

2875 1296 3119 1363 Petrus
3153 1298 3418 1383 Martyr
3451 1299 3820 1383 theologiae
3863 1299 4210 1383 professor.

2872 1382 3073 1447 Mart.
3118 1383 3436 1450 Bucerus.

3070 1468 3298 1535 Vestri
3335 1471 3408 1534 in
3451 1470 3738 1536 Domino
3780 1471 4037 1537 tratres.

3046 1763 3456 1773 ——-————--—

3159 1980 3314 2053 861.

2643 2131 2996 2200 CALVIN
3041 2137 3103 2200 A
3147 2136 3241 2202 M.
3288 2137 3416 2202 DE
3460 2132 3825 2201 FALAIS.

2430 2302 2764 2371 Nouvelzes
2813 2305 2924 2370 des
2991 2312 3405 2372 mouvements
3457 2307 3795 2372 militaires
3859 2327 3934 2371 en
3994 2304 4215 2373 Suis-se

2254 2393 2310 2454 et
2349 2389 2681 2469 refleximus
2732 2410 2848 2455 aur
2899 2390 2964 2457 la
3021 2392 3271 2460 marche
3322 2392 3430 2459 des
3487 2393 3859 2459 &vc-nements
3909 2413 3987 2458 en
4041 2392 4215 2459 Alle-

2252 2495 2493 2559 maw-

2253 2645 2430 2714 (orig.
2467 2646 2821 2716 autographo.
2896 2648 3038 2702 Bibl.
3074 2647 3143 2701 «ιο
3179 2647 3412 2702 seneve.
3445 2647 3720 2715 v01.‚194‚
3757 2649 3849 2703 fol.
3883 2647 3968 2703 48.
4008 2677 4073 2688 -
4108 2633 4214 2704 1⁴3⁶.

2375 2714 2607 2772 d’Amst.
2643 2732 2698 2785 p.
2731 2715 2816 2769 92.
2886 2703 2988 2770 sd.
3025 2717 3242 2770 Bonnet
3277 2716 3317 2771 L
3356 2715 3473 2771 177.
3544 2717 3647 2771 Ed.
3682 2721 3825 2788 angl.
3859 2718 3935 2773 II.
3969 2714 4107 2783 ⁷4.)

2550 2901 2612 2967 A
2655 2902 3128 2988 Monseigneur
3169 2905 3512 2971 Monsieur
3555 2903 3637 2971 de
3678 2903 3925 2970 Fallez.

2426 3036 2929 3124 Monseigneur,
2985 3039 3051 3105 ie
3107 3062 3241 3126 nay
3284 3043 3429 3108 rien
3469 3061 3510 3107 a
3552 3061 3718 3108 vous
3761 3039 4002 3108 escrire
4046 3059 4216 3124 pour

2254 3124 2316 3190 le
2357 3132 2646 3208 present,
2691 3126 2885 3192 sinon
2928 3148 3056 3210 que
3097 3149 3269 3193 nous
3313 3128 3663 3194 attendens
3706 3148 3779 3194 ce
3813 3128 3926 3210 qui
3968 3146 4040 3192 se
4072 3127 4216 3192 fera

2253 3231 2377 3293 par
2439 3209 2538 3276 les
2604 3209 2926 3278 Souisses.
2953 3215 3006 3298 ¹)
3115 3214 3292 3280 'nont
3359 3223 3462 3280 est
3518 3222 3821 3297 appresto
3886 3233 3927 3277 a
3988 3212 4215 3281 Berne

2255 3317 2510 3363 comme
2549 3316 2721 3380 pour
2761 3298 2961 3362 sortir
3003 3298 3095 3364 du
3136 3300 3284 3365 iour
3304 3321 3391 3365 au
3432 3299 3823 3376 lendemain,
3867 3297 4214 3381 capitaine,

2257 3403 2378 3448 son
2420 3382 2666 3448 conseil
2679 3432 2695 3460 ‚
2749 3383 3031 3449 officiers
3049 3434 3065 3464 ,
3131 3386 3428 3451 souldars
3441 3436 3458 3463 ,
3519 3384 3737 3450 esleuz
3781 3394 3850 3450 et
3892 3403 4214 3464 nommez,

2258 3467 2503 3534 second
2546 3467 2977 3534 mandament
3032 3492 3286 3556 envoye
3328 3472 3501 3554 quilz
3540 3490 3612 3535 se
3654 3471 3958 3536 tiennent
3996 3476 4215 3553 presta

2259 3575 2300 3619 a
2334 3552 2660 3632 marcher,
2707 3554 3019 3622 artillerie
3062 3558 3398 3641 equippee.
3485 3556 3671 3622 Leur
3725 3576 3946 3622 armoe
3988 3561 4090 3622 est
4132 3553 4215 3623 de

2259 3638 2378 3704 dix
2419 3638 2604 3704 mille
2647 3639 2928 3706 homme.
3015 3640 3091 3706 Ie
3134 3663 3291 3726 croy
3334 3641 3504 3725 quilz
3543 3652 3860 3708 neussent
3898 3662 4019 3725 pas
4067 3646 4218 3709 tant

2260 3724 2492 3790 differe
2536 3746 2692 3790 sans
2734 3747 2828 3790 un
2870 3728 3404 3810 empeschement
3455 3728 3569 3810 qui
3610 3726 3709 3793 les
3753 3727 3920 3791 tient
3961 3744 4217 3793 comme

2258 3811 2382 3875 liez
2425 3832 2550 3895 par
2590 3810 2653 3877 le
2706 3809 2875 3895 pied.
2965 3812 3099 3878 Car
3154 3813 3205 3878 il
3261 3836 3311 3898 y
3366 3834 3408 3879 a
3461 3813 3738 3878 environ
3793 3834 3885 3876 un
3942 3832 4031 3877 an
4088 3831 4216 3893 qun

2259 3907 2407 3963 tous
2442 3896 2540 3962 les
2581 3910 2851 3963 cantone
2893 3899 3094 3965 firent
3134 3921 3225 3964 un
3268 3897 3518 3979 accord,
3561 3919 3688 3981 que
3729 3897 3852 3962 nul
3893 3917 3980 3962 ne
4024 3897 4220 3962 sortit

2260 3981 2349 4048 du
2393 3983 2539 4067 pais
2566 4003 2735 4066 pour
2756 3983 2922 4050 faire
2964 4005 3224 4069 guerre,
3259 4005 3413 4052 sans
3456 3985 3520 4051 le
3562 3989 4059 4050 consentement
4101 3981 4219 4048 des

2261 4068 2527 4134 aultres.
2614 4069 3037 4135 Maintenant
3091 4093 3179 4138 on
3236 4072 3450 4138 craint
3493 4091 3619 4153 que
3659 4069 3756 4134 les
3797 4069 4091 4153 papistes
4130 4088 4217 4134 ne

2260 4155 2556 4221 feussent
2597 4154 2881 4220 solicitez
2939 4154 3269 4223 denvahir
3316 4157 3413 4222 les
3468 4156 3615 4239 pais
3672 4154 4081 4239 desproveuz
4134 4151 4216 4218 de

2262 4261 2446 4324 gens,
2505 4240 2707 4306 soubz
2748 4239 3016 4306 couleur
3074 4242 3155 4308 de
3197 4243 3264 4307 la
3305 4261 3642 4326 promesse
3684 4262 3975 4325 rompue.
4066 4237 4216 4320 Qus

2261 4327 2318 4390 si
2361 4325 2427 4391 le
2468 4345 2594 4410 roy
2635 4321 2716 4391 de
2749 4325 3008 4391 France
3051 4336 3201 4395 eust
3234 4329 3596 4394 entrelasse
3638 4348 3733 4392 un
3773 4333 3934 4404 mot,
3975 4347 4049 4392 ce
4080 4325 4217 4390 fust

2468 4613 2527 4684 5)
2561 4614 2680 4669 Hic
2709 4615 2842 4683 ΜΒ
3066 4613 3483 4686 lan'sMyeom'i
3515 4613 3713 4668 charta
3745 4611 4012 4666 abscissa.
4066 4608 4212 4665 Sub-

2261 4683 2494 4752 scriptio
2540 4683 2706 4738 Zeuii
2745 4684 2903 4739 nulla
3113 4724 3132 4753 ,
3169 4685 3269 4754 qui
3301 4685 3645 4763 Lavatenmp
3690 4697 3755 4734 m
3798 4680 4020 4734 domum
4053 4693 4216 4734 suan

2259 4758 2559 4875 reoeferat.
2636 4752 2778 4807 Vide
2810 4753 2978 4808 etiam
3008 4755 3169 4821 intra
3204 4755 3322 4824 Ep.
3358 4754 3633 4835 Lavaten
3657 4750 3750 4832 ⁸28.
3786 4749 3937 4804 Febr
3992 4748 4145 4802 1547.

2287 4823 2370 4876 86
2410 4863 2421 4875 .
2465 4824 2516 4887 1)
2553 4821 2671 4877 Des
2693 4823 3161 4878 rassemblements
3196 4824 3263 4878 de
3293 4830 3521 4904 troupes
3541 4820 3832 4876 walterum
3867 4825 3919 4874 et
3940 4832 4215 4899 espayvgo-

2260 4890 2353 4971 ¹⁶⁸-
2376 4890 3063 5016 mmm...
3006 4893 3610 5030 mmmm&
3502 4891 3654 4972 Μ
3680 4893 4214 5029 emmetra·

2259 4974 2484 5082 mea
2491 5029 2558 5082 de
2593 5029 2949 5112 Graffemfed
2977 5031 3155 5098 pretet
3187 5029 3511 5086 d'Yverdon
3541 5033 3712 5107 reond·
3726 5027 3891 5082 ordre
3924 4995 4217 5094 d'occupev’·

2257 5099 2355 5223 ξε
2366 5098 2929 5247 mepcgtre
2955 5099 3060 5224 ἐξ
3087 5098 3601 5249 {masadam-QZ}
3597 5096 3788 5220 01⁴0de
3800 5096 4215 5231 phagum

2257 5235 2621 5306 reponam-m
2644 5253 2764 5307 par
2790 5239 2888 5293 des
2901 5243 3297 5308 protestamus
3371 5237 3651 5305 ammes,
3685 5249 3830 5288 mats
3849 5233 4216 5288 mahamet-ent

2258 5304 2708 5430 mmmmm
2739 5324 2824 5362 ψη
2856 5323 3021 5377 corps
3056 5308 3123 5362 de
3156 5253 3965 5376 10,ood'hommespourparer
3998 5304 4036 5357 ὰ
4068 5306 4216 5357 toute
