<?xml version="1.0" encoding="UTF-8"?>
<!DOCTYPE html PUBLIC "-//W3C//DTD XHTML 1.0 Transitional//EN"
    "http://www.w3.org/TR/xhtml1/DTD/xhtml1-transitional.dtd">
<html xmlns="http://www.w3.org/1999/xhtml" xml:lang="en" lang="en">
 <head>
  <title>
</title>
<meta http-equiv="Content-Type" content="text/html;charset=utf-8" />
  <meta name='ocr-system' content='tesseract 3.04.00' />
  <meta name='ocr-capabilities' content='ocr_page ocr_carea ocr_par ocr_line ocrx_word'/>
</head>
<body>
  <div class='ocr_page' id='page_1' title='image "./ioanniscalvinio10unkngoog_0217.png"; bbox 0 0 4825 6175; ppageno 0'>
   <div class='ocr_carea' id='block_1_1' title="bbox 230 455 337 519">
    <p class='ocr_par' dir='ltr' id='par_1_1' title="bbox 230 455 337 519">
     <span class='ocr_line' id='line_1_1' title="bbox 230 455 337 519; baseline -0.047 0"><span class='ocrx_word' id='word_1_1' title='bbox 230 455 337 519; x_wconf 75' lang='lat'>857</span> 
     </span>
    </p>
   </div>
   <div class='ocr_carea' id='block_1_2' title="bbox 216 640 2162 1139">
    <p class='ocr_par' dir='ltr' id='par_1_2' title="bbox 216 640 2162 1139">
     <span class='ocr_line' id='line_1_2' title="bbox 224 640 2160 731; baseline 0.003 -24"><span class='ocrx_word' id='word_1_2' title='bbox 224 640 462 707; x_wconf 87' lang='lat' dir='ltr'>rissime</span> <span class='ocrx_word' id='word_1_3' title='bbox 542 649 609 705; x_wconf 88' lang='lat' dir='ltr'>et</span> <span class='ocrx_word' id='word_1_4' title='bbox 673 641 1097 727; x_wconf 87' lang='lat' dir='ltr'>integerrime</span> <span class='ocrx_word' id='word_1_5' title='bbox 1170 646 1395 711; x_wconf 88' lang='lat' dir='ltr'>amice.</span> <span class='ocrx_word' id='word_1_6' title='bbox 1507 643 1745 711; x_wconf 82' lang='lat' dir='ltr'>Saluta</span> <span class='ocrx_word' id='word_1_7' title='bbox 1808 645 2160 731; x_wconf 77' lang='lat' dir='ltr'>diligenter</span> 
     </span>
     <span class='ocr_line' id='line_1_3' title="bbox 225 725 2158 816; baseline 0.004 -24"><span class='ocrx_word' id='word_1_8' title='bbox 225 746 433 792; x_wconf 90' lang='lat' dir='ltr'>omnes</span> <span class='ocrx_word' id='word_1_9' title='bbox 475 725 733 793; x_wconf 79' lang='lat' dir='ltr'>fratres.</span> <span class='ocrx_word' id='word_1_10' title='bbox 823 729 1034 794; x_wconf 90' lang='lat' dir='ltr'>Nemo</span> <span class='ocrx_word' id='word_1_11' title='bbox 1078 728 1184 794; x_wconf 86' lang='lat' dir='ltr'>hic</span> <span class='ocrx_word' id='word_1_12' title='bbox 1226 739 1292 795; x_wconf 88' lang='lat' dir='ltr'>te</span> <span class='ocrx_word' id='word_1_13' title='bbox 1336 730 1447 796; x_wconf 80' lang='lat' dir='ltr'>vel</span> <span class='ocrx_word' id='word_1_14' title='bbox 1489 731 1638 796; x_wconf 88' lang='lat' dir='ltr'>illos</span> <span class='ocrx_word' id='word_1_15' title='bbox 1696 732 1957 812; x_wconf 86' lang='lat' dir='ltr'>salutat,</span> <span class='ocrx_word' id='word_1_16' title='bbox 2000 754 2158 816; x_wconf 90' lang='lat' dir='ltr'>quo-</span> 
     </span>
     <span class='ocr_line' id='line_1_4' title="bbox 221 813 2162 901; baseline 0.003 -24"><span class='ocrx_word' id='word_1_17' title='bbox 221 814 384 877; x_wconf 88' lang='lat' dir='ltr'>niam</span> <span class='ocrx_word' id='word_1_18' title='bbox 420 831 613 876; x_wconf 89' lang='lat' dir='ltr'>nemo</span> <span class='ocrx_word' id='word_1_19' title='bbox 648 813 1046 898; x_wconf 86' lang='lat' dir='ltr'>scripturum</span> <span class='ocrx_word' id='word_1_20' title='bbox 1080 835 1188 880; x_wconf 94' lang='lat' dir='ltr'>me</span> <span class='ocrx_word' id='word_1_21' title='bbox 1222 815 1484 894; x_wconf 87' lang='lat' dir='ltr'>sciebat,</span> <span class='ocrx_word' id='word_1_22' title='bbox 1528 829 1791 901; x_wconf 89' lang='lat' dir='ltr'>praeter</span> <span class='ocrx_word' id='word_1_23' title='bbox 1826 819 2162 885; x_wconf 77' lang='lat' dir='ltr'>Nicolaum</span> 
     </span>
     <span class='ocr_line' id='line_1_5' title="bbox 219 898 2161 989; baseline 0.004 -28"><span class='ocrx_word' id='word_1_24' title='bbox 219 898 428 962; x_wconf 73' lang='lat' dir='ltr'>statris</span> <span class='ocrx_word' id='word_1_25' title='bbox 470 917 770 964; x_wconf 78' lang='lat' dir='ltr'><strong>socerum</strong></span> <span class='ocrx_word' id='word_1_26' title='bbox 813 900 927 983; x_wconf 91' lang='lat' dir='ltr'>qui</span> <span class='ocrx_word' id='word_1_27' title='bbox 968 901 1342 966; x_wconf 84' lang='lat' dir='ltr'>intervenit.</span> <span class='ocrx_word' id='word_1_28' title='bbox 1411 904 1740 969; x_wconf 82' lang='lat' dir='ltr'><strong>Dominus</strong></span> <span class='ocrx_word' id='word_1_29' title='bbox 1780 904 1969 971; x_wconf 80' lang='lat' dir='ltr'>vobis</span> <span class='ocrx_word' id='word_1_30' title='bbox 2012 926 2161 989; x_wconf 91' lang='lat' dir='ltr'>per-</span> 
     </span>
     <span class='ocr_line' id='line_1_6' title="bbox 216 982 2157 1067; baseline 0.005 -20"><span class='ocrx_word' id='word_1_31' title='bbox 216 993 398 1067; x_wconf 88' lang='lat' dir='ltr'>petue</span> <span class='ocrx_word' id='word_1_32' title='bbox 443 982 646 1059; x_wconf 83' lang='lat' dir='ltr'>adsit,</span> <span class='ocrx_word' id='word_1_33' title='bbox 708 1006 785 1052; x_wconf 88' lang='lat' dir='ltr'>ac</span> <span class='ocrx_word' id='word_1_34' title='bbox 838 988 1085 1052; x_wconf 87' lang='lat' dir='ltr'>sanctis</span> <span class='ocrx_word' id='word_1_35' title='bbox 1140 988 1380 1053; x_wconf 86' lang='lat' dir='ltr'>vestris</span> <span class='ocrx_word' id='word_1_36' title='bbox 1422 988 1756 1056; x_wconf 76' lang='lat' dir='ltr'>laboribus</span> <span class='ocrx_word' id='word_1_37' title='bbox 1797 990 2157 1056; x_wconf 78' lang='lat' dir='ltr'><strong>benedicat.</strong></span> 
     </span>
     <span class='ocr_line' id='line_1_7' title="bbox 218 1068 1301 1139; baseline 0.002 -4"><span class='ocrx_word' id='word_1_38' title='bbox 218 1068 519 1135; x_wconf 79' lang='lat' dir='ltr'>Genevae</span> <span class='ocrx_word' id='word_1_39' title='bbox 561 1075 619 1135; x_wconf 81' lang='grc'>4.</span> <span class='ocrx_word' id='word_1_40' title='bbox 667 1091 874 1139; x_wconf 90' lang='lat' dir='ltr'>nonas</span> <span class='ocrx_word' id='word_1_41' title='bbox 918 1072 1073 1138; x_wconf 89' lang='lat' dir='ltr'>Iulii</span> <span class='ocrx_word' id='word_1_42' title='bbox 1124 1077 1301 1138; x_wconf 78' lang='lat'>1546.</span> 
     </span>
    </p>
   </div>
   <div class='ocr_carea' id='block_1_3' title="bbox 660 1585 1714 1825">
    <p class='ocr_par' dir='ltr' id='par_1_3' title="bbox 660 1585 1714 1825">
     <span class='ocr_line' id='line_1_8' title="bbox 1103 1585 1263 1657; baseline 0.013 -2"><span class='ocrx_word' id='word_1_43' title='bbox 1103 1585 1263 1657; x_wconf 81' lang='lat' dir='ltr'>soe.</span> 
     </span>
     <span class='ocr_line' id='line_1_9' title="bbox 660 1739 1714 1825; baseline -0.001 -17"><span class='ocrx_word' id='word_1_44' title='bbox 660 1739 1155 1808; x_wconf 76' lang='lat' dir='ltr'>emspmes</span> <span class='ocrx_word' id='word_1_45' title='bbox 1183 1747 1234 1825; x_wconf 70' lang='grc' dir='ltr'>ι)</span> <span class='ocrx_word' id='word_1_46' title='bbox 1279 1739 1714 1808; x_wconf 76' lang='lat' dir='ltr'>eALvmo.</span> 
     </span>
    </p>
   </div>
   <div class='ocr_carea' id='block_1_4' title="bbox 193 1912 2160 2392">
    <p class='ocr_par' dir='ltr' id='par_1_4' title="bbox 193 1912 2160 2169">
     <span class='ocr_line' id='line_1_10' title="bbox 377 1912 2160 1998; baseline 0 -20"><span class='ocrx_word' id='word_1_47' title='bbox 377 1912 532 1978; x_wconf 79' lang='lat' dir='ltr'>Post</span> <span class='ocrx_word' id='word_1_48' title='bbox 572 1913 793 1998; x_wconf 75' lang='lat' dir='ltr'>lonyas</span> <span class='ocrx_word' id='word_1_49' title='bbox 832 1913 1132 1980; x_wconf 70' lang='lat' dir='ltr'>itinmm</span> <span class='ocrx_word' id='word_1_50' title='bbox 1173 1914 1463 1998; x_wconf 75' lang='lat' dir='ltr'>anihayes</span> <span class='ocrx_word' id='word_1_51' title='bbox 1506 1919 1564 1978; x_wconf 80' lang='lat' dir='ltr'>et</span> <span class='ocrx_word' id='word_1_52' title='bbox 1602 1932 1796 1995; x_wconf 71' lang='lat' dir='ltr'>usque</span> <span class='ocrx_word' id='word_1_53' title='bbox 1843 1912 2160 1979; x_wconf 82' lang='lat' dir='ltr'>Genevam</span> 
     </span>
     <span class='ocr_line' id='line_1_11' title="bbox 200 1996 2160 2083; baseline -0.001 -18"><span class='ocrx_word' id='word_1_54' title='bbox 200 2003 497 2083; x_wconf 75' lang='lat' dir='ltr'>appetens</span> <span class='ocrx_word' id='word_1_55' title='bbox 512 2051 527 2077; x_wconf 88' lang='lat'>,</span> <span class='ocrx_word' id='word_1_56' title='bbox 587 1999 961 2067; x_wconf 75' lang='lat' dir='ltr'><strong><em>occasionem</em></strong></span> <span class='ocrx_word' id='word_1_57' title='bbox 1011 2005 1232 2067; x_wconf 72' lang='lat' dir='ltr'>nactus</span> <span class='ocrx_word' id='word_1_58' title='bbox 1284 2001 1362 2066; x_wconf 80' lang='lat' dir='ltr'>de</span> <span class='ocrx_word' id='word_1_59' title='bbox 1417 2019 1485 2065; x_wconf 83' lang='lat' dir='ltr'>se</span> <span class='ocrx_word' id='word_1_60' title='bbox 1525 1999 1779 2081; x_wconf 77' lang='lat' dir='ltr'>suisque</span> <span class='ocrx_word' id='word_1_61' title='bbox 1827 1996 2160 2064; x_wconf 81' lang='lat' dir='ltr'>Calvinum</span> 
     </span>
     <span class='ocr_line' id='line_1_12' title="bbox 193 2086 725 2169; baseline -0.008 -16"><span class='ocrx_word' id='word_1_62' title='bbox 193 2087 518 2153; x_wconf 70' lang='lat' dir='ltr'><strong><em>certiorem</em></strong></span> <span class='ocrx_word' id='word_1_63' title='bbox 555 2086 725 2169; x_wconf 77' lang='lat' dir='ltr'>facit.</span> 
     </span>
    </p>

    <p class='ocr_par' dir='ltr' id='par_1_5' title="bbox 197 2254 2157 2392">
     <span class='ocr_line' id='line_1_13' title="bbox 197 2254 2157 2392; baseline -0.002 -82"><span class='ocrx_word' id='word_1_64' title='bbox 197 2257 309 2323; x_wconf 80' lang='lat' dir='ltr'>(Ex</span> <span class='ocrx_word' id='word_1_65' title='bbox 344 2256 665 2311; x_wconf 81' lang='lat' dir='ltr'>authentico</span> <span class='ocrx_word' id='word_1_66' title='bbox 702 2256 1241 2379; x_wconf 51' lang='lat' dir='ltr'>⁰¹⁰mplari&#39;1ffianf31</span> <span class='ocrx_word' id='word_1_67' title='bbox 1252 2257 1592 2392; x_wconf 51' lang='lat' dir='ltr'>a1313nuensis</span> <span class='ocrx_word' id='word_1_68' title='bbox 1610 2256 1832 2326; x_wconf 84' lang='lat' dir='ltr'>scripte,</span> <span class='ocrx_word' id='word_1_69' title='bbox 1869 2254 1999 2310; x_wconf 88' lang='lat' dir='ltr'>Cod.</span> <span class='ocrx_word' id='word_1_70' title='bbox 2021 2255 2157 2310; x_wconf 85' lang='lat' dir='ltr'>Gen.</span> 
     </span>
    </p>
   </div>
   <div class='ocr_carea' id='block_1_5' title="bbox 196 2511 2160 2604">
    <p class='ocr_par' dir='ltr' id='par_1_6' title="bbox 196 2511 2160 2604">
     <span class='ocr_line' id='line_1_14' title="bbox 196 2511 2160 2604; baseline -0.001 -24"><span class='ocrx_word' id='word_1_71' title='bbox 196 2513 656 2603; x_wconf 84' lang='lat' dir='ltr'>[C]larissime</span> <span class='ocrx_word' id='word_1_72' title='bbox 697 2513 1139 2580; x_wconf 89' lang='lat' dir='ltr'>eruditissimo</span> <span class='ocrx_word' id='word_1_73' title='bbox 1184 2511 1384 2604; x_wconf 71' lang='grc' dir='ltr'>[οι]νο</span> <span class='ocrx_word' id='word_1_74' title='bbox 1433 2512 1518 2580; x_wconf 89' lang='lat' dir='ltr'>D.</span> <span class='ocrx_word' id='word_1_75' title='bbox 1565 2513 1801 2580; x_wconf 84' lang='lat' dir='ltr'>Garelo</span> <span class='ocrx_word' id='word_1_76' title='bbox 1844 2514 2160 2580; x_wconf 90' lang='lat' dir='ltr'>Passelio.</span> 
     </span>
    </p>
   </div>
   <div class='ocr_carea' id='block_1_6' title="bbox 171 2650 2163 4542">
    <p class='ocr_par' dir='ltr' id='par_1_7' title="bbox 171 2650 2163 4542">
     <span class='ocr_line' id='line_1_15' title="bbox 368 2650 2162 2737; baseline -0.002 -17"><span class='ocrx_word' id='word_1_77' title='bbox 368 2651 447 2721; x_wconf 83' lang='lat' dir='ltr'>S.</span> <span class='ocrx_word' id='word_1_78' title='bbox 517 2653 828 2737; x_wconf 89' lang='lat' dir='ltr'>Longum</span> <span class='ocrx_word' id='word_1_79' title='bbox 873 2659 1064 2730; x_wconf 88' lang='lat' dir='ltr'>esset,</span> <span class='ocrx_word' id='word_1_80' title='bbox 1127 2652 1230 2715; x_wconf 88' lang='lat' dir='ltr'>vir</span> <span class='ocrx_word' id='word_1_81' title='bbox 1288 2650 1736 2729; x_wconf 86' lang='lat' dir='ltr'>ornatissime,</span> <span class='ocrx_word' id='word_1_82' title='bbox 1798 2673 1916 2717; x_wconf 90' lang='lat' dir='ltr'>nec</span> <span class='ocrx_word' id='word_1_83' title='bbox 1973 2660 2162 2717; x_wconf 83' lang='lat' dir='ltr'>vacat</span> 
     </span>
     <span class='ocr_line' id='line_1_16' title="bbox 190 2738 2161 2824; baseline 0.001 -22"><span class='ocrx_word' id='word_1_84' title='bbox 190 2739 392 2821; x_wconf 90' lang='lat' dir='ltr'>plane</span> <span class='ocrx_word' id='word_1_85' title='bbox 457 2739 776 2824; x_wconf 75' lang='lat' dir='ltr'>Ulysseos</span> <span class='ocrx_word' id='word_1_86' title='bbox 835 2738 1149 2802; x_wconf 90' lang='lat' dir='ltr'>hactenus</span> <span class='ocrx_word' id='word_1_87' title='bbox 1204 2758 1456 2803; x_wconf 89' lang='lat' dir='ltr'>errores</span> <span class='ocrx_word' id='word_1_88' title='bbox 1528 2748 1784 2802; x_wconf 88' lang='lat' dir='ltr'>nostros</span> <span class='ocrx_word' id='word_1_89' title='bbox 1841 2738 1910 2801; x_wconf 93' lang='lat' dir='ltr'>in</span> <span class='ocrx_word' id='word_1_90' title='bbox 1978 2759 2161 2821; x_wconf 90' lang='lat' dir='ltr'>repe-</span> 
     </span>
     <span class='ocr_line' id='line_1_17' title="bbox 191 2823 2160 2908; baseline -0.001 -18"><span class='ocrx_word' id='word_1_91' title='bbox 191 2825 397 2890; x_wconf 88' lang='lat' dir='ltr'>tenda</span> <span class='ocrx_word' id='word_1_92' title='bbox 436 2825 770 2908; x_wconf 80' lang='lat' dir='ltr'>Penelope</span> <span class='ocrx_word' id='word_1_93' title='bbox 815 2823 936 2889; x_wconf 87' lang='lat' dir='ltr'>tibi</span> <span class='ocrx_word' id='word_1_94' title='bbox 982 2823 1364 2890; x_wconf 77' lang='lat' dir='ltr'>describere.</span> <span class='ocrx_word' id='word_1_95' title='bbox 1453 2823 1767 2888; x_wconf 79' lang='lat' dir='ltr'>Defessus</span> <span class='ocrx_word' id='word_1_96' title='bbox 1811 2844 1971 2889; x_wconf 88' lang='lat' dir='ltr'>sane</span> <span class='ocrx_word' id='word_1_97' title='bbox 2014 2845 2160 2889; x_wconf 91' lang='lat' dir='ltr'>sum</span> 
     </span>
     <span class='ocr_line' id='line_1_18' title="bbox 187 2908 2162 2994; baseline -0.001 -19"><span class='ocrx_word' id='word_1_98' title='bbox 187 2919 254 2976; x_wconf 88' lang='lat' dir='ltr'>et</span> <span class='ocrx_word' id='word_1_99' title='bbox 296 2932 414 2977; x_wconf 91' lang='lat' dir='ltr'>me</span> <span class='ocrx_word' id='word_1_100' title='bbox 464 2910 670 2994; x_wconf 85' lang='lat' dir='ltr'>pudet</span> <span class='ocrx_word' id='word_1_101' title='bbox 711 2908 1054 2994; x_wconf 77' lang='lat' dir='ltr'>taedetque</span> <span class='ocrx_word' id='word_1_102' title='bbox 1099 2909 1239 2974; x_wconf 88' lang='lat' dir='ltr'>eius</span> <span class='ocrx_word' id='word_1_103' title='bbox 1282 2929 1504 2973; x_wconf 89' lang='lat' dir='ltr'>morae</span> <span class='ocrx_word' id='word_1_104' title='bbox 1549 2929 1714 2992; x_wconf 88' lang='lat' dir='ltr'>quae</span> <span class='ocrx_word' id='word_1_105' title='bbox 1758 2909 1867 2975; x_wconf 91' lang='lat' dir='ltr'>hic</span> <span class='ocrx_word' id='word_1_106' title='bbox 1910 2909 2162 2975; x_wconf 88' lang='lat' dir='ltr'>tamdiu</span> 
     </span>
     <span class='ocr_line' id='line_1_19' title="bbox 185 2995 2161 3080; baseline 0 -19"><span class='ocrx_word' id='word_1_107' title='bbox 185 2997 356 3063; x_wconf 86' lang='lat' dir='ltr'>mihi</span> <span class='ocrx_word' id='word_1_108' title='bbox 421 2997 729 3063; x_wconf 77' lang='lat' dir='ltr'>nectitur.</span> <span class='ocrx_word' id='word_1_109' title='bbox 830 2995 923 3061; x_wconf 81' lang='lat' dir='ltr'>Et</span> <span class='ocrx_word' id='word_1_110' title='bbox 979 3016 1182 3078; x_wconf 92' lang='lat' dir='ltr'>quum</span> <span class='ocrx_word' id='word_1_111' title='bbox 1237 2995 1309 3059; x_wconf 90' lang='lat' dir='ltr'>in</span> <span class='ocrx_word' id='word_1_112' title='bbox 1364 2995 1583 3058; x_wconf 81' lang='lat' dir='ltr'>animo</span> <span class='ocrx_word' id='word_1_113' title='bbox 1640 3003 1813 3059; x_wconf 87' lang='lat' dir='ltr'>esset</span> <span class='ocrx_word' id='word_1_114' title='bbox 1868 2996 2161 3080; x_wconf 85' lang='lat' dir='ltr'>ingratos</span> 
     </span>
     <span class='ocr_line' id='line_1_20' title="bbox 184 3080 2162 3168; baseline 0 -20"><span class='ocrx_word' id='word_1_115' title='bbox 184 3082 309 3149; x_wconf 92' lang='lat' dir='ltr'>hos</span> <span class='ocrx_word' id='word_1_116' title='bbox 368 3080 725 3168; x_wconf 73' lang='lat' dir='ltr'>compedes</span> <span class='ocrx_word' id='word_1_117' title='bbox 784 3081 978 3166; x_wconf 89' lang='lat' dir='ltr'>plane</span> <span class='ocrx_word' id='word_1_118' title='bbox 1036 3082 1460 3164; x_wconf 88' lang='lat' dir='ltr'>abrumpere,</span> <span class='ocrx_word' id='word_1_119' title='bbox 1519 3100 1668 3146; x_wconf 88' lang='lat' dir='ltr'>ecce</span> <span class='ocrx_word' id='word_1_120' title='bbox 1727 3081 1891 3146; x_wconf 89' lang='lat' dir='ltr'>mihi</span> <span class='ocrx_word' id='word_1_121' title='bbox 1947 3082 2162 3148; x_wconf 87' lang='lat' dir='ltr'>oblata</span> 
     </span>
     <span class='ocr_line' id='line_1_21' title="bbox 185 3168 2160 3251; baseline 0 -17"><span class='ocrx_word' id='word_1_122' title='bbox 185 3179 287 3236; x_wconf 89' lang='lat' dir='ltr'>est</span> <span class='ocrx_word' id='word_1_123' title='bbox 330 3190 623 3247; x_wconf 88' lang='lat' dir='ltr'>remora,</span> <span class='ocrx_word' id='word_1_124' title='bbox 667 3169 934 3234; x_wconf 88' lang='lat' dir='ltr'>morbus</span> <span class='ocrx_word' id='word_1_125' title='bbox 978 3169 1181 3233; x_wconf 89' lang='lat' dir='ltr'>soceri</span> <span class='ocrx_word' id='word_1_126' title='bbox 1225 3168 1358 3232; x_wconf 88' lang='lat' dir='ltr'>mei</span> <span class='ocrx_word' id='word_1_127' title='bbox 1378 3168 1436 3250; x_wconf 79' lang='lat'>²)</span> <span class='ocrx_word' id='word_1_128' title='bbox 1479 3188 1674 3251; x_wconf 81' lang='lat' dir='ltr'>aegre</span> <span class='ocrx_word' id='word_1_129' title='bbox 1714 3168 1845 3232; x_wconf 84' lang='lat' dir='ltr'>iam</span> <span class='ocrx_word' id='word_1_130' title='bbox 1890 3169 2160 3234; x_wconf 83' lang='lat' dir='ltr'>traben-</span> 
     </span>
     <span class='ocr_line' id='line_1_22' title="bbox 183 3253 2156 3337; baseline 0 -17"><span class='ocrx_word' id='word_1_131' title='bbox 183 3256 270 3322; x_wconf 91' lang='lat' dir='ltr'>tis</span> <span class='ocrx_word' id='word_1_132' title='bbox 317 3256 658 3322; x_wconf 85' lang='lat' dir='ltr'>animam:</span> <span class='ocrx_word' id='word_1_133' title='bbox 702 3255 937 3320; x_wconf 89' lang='lat' dir='ltr'>matris</span> <span class='ocrx_word' id='word_1_134' title='bbox 992 3253 1193 3319; x_wconf 90' lang='lat' dir='ltr'>etiam</span> <span class='ocrx_word' id='word_1_135' title='bbox 1237 3255 1476 3337; x_wconf 88' lang='lat' dir='ltr'>pietas,</span> <span class='ocrx_word' id='word_1_136' title='bbox 1514 3274 1677 3335; x_wconf 91' lang='lat' dir='ltr'>quac</span> <span class='ocrx_word' id='word_1_137' title='bbox 1723 3255 1852 3318; x_wconf 86' lang='lat' dir='ltr'>iam</span> <span class='ocrx_word' id='word_1_138' title='bbox 1899 3276 1939 3318; x_wconf 89' lang='lat' dir='ltr'>a</span> <span class='ocrx_word' id='word_1_139' title='bbox 1998 3257 2156 3334; x_wconf 84' lang='lat' dir='ltr'>viro,</span> 
     </span>
     <span class='ocr_line' id='line_1_23' title="bbox 182 3339 2158 3425; baseline -0.001 -17"><span class='ocrx_word' id='word_1_140' title='bbox 182 3344 290 3408; x_wconf 90' lang='lat' dir='ltr'>cui</span> <span class='ocrx_word' id='word_1_141' title='bbox 338 3339 660 3409; x_wconf 89' lang='lat' dir='ltr'>secundis</span> <span class='ocrx_word' id='word_1_142' title='bbox 704 3340 953 3425; x_wconf 87' lang='lat' dir='ltr'>nuptiis</span> <span class='ocrx_word' id='word_1_143' title='bbox 994 3340 1220 3405; x_wconf 88' lang='lat' dir='ltr'>iuncta</span> <span class='ocrx_word' id='word_1_144' title='bbox 1274 3346 1447 3417; x_wconf 89' lang='lat' dir='ltr'>erat,</span> <span class='ocrx_word' id='word_1_145' title='bbox 1509 3361 1613 3404; x_wconf 91' lang='lat' dir='ltr'>me</span> <span class='ocrx_word' id='word_1_146' title='bbox 1654 3340 1979 3422; x_wconf 86' lang='lat' dir='ltr'>imprimis</span> <span class='ocrx_word' id='word_1_147' title='bbox 2023 3362 2158 3406; x_wconf 75' lang='lat' dir='ltr'>mo-</span> 
     </span>
     <span class='ocr_line' id='line_1_24' title="bbox 180 3424 2159 3511; baseline 0 -19"><span class='ocrx_word' id='word_1_148' title='bbox 180 3431 406 3495; x_wconf 89' lang='lat' dir='ltr'>nitore</span> <span class='ocrx_word' id='word_1_149' title='bbox 460 3436 658 3511; x_wconf 89' lang='lat' dir='ltr'>atque</span> <span class='ocrx_word' id='word_1_150' title='bbox 701 3425 783 3492; x_wconf 89' lang='lat' dir='ltr'>ad</span> <span class='ocrx_word' id='word_1_151' title='bbox 829 3447 974 3491; x_wconf 87' lang='lat' dir='ltr'>eam</span> <span class='ocrx_word' id='word_1_152' title='bbox 1017 3446 1157 3490; x_wconf 90' lang='lat' dir='ltr'>rem</span> <span class='ocrx_word' id='word_1_153' title='bbox 1201 3433 1429 3490; x_wconf 87' lang='lat' dir='ltr'>autore</span> <span class='ocrx_word' id='word_1_154' title='bbox 1472 3424 1553 3489; x_wconf 93' lang='lat' dir='ltr'>ob</span> <span class='ocrx_word' id='word_1_155' title='bbox 1595 3425 1773 3490; x_wconf 90' lang='lat' dir='ltr'>illius</span> <span class='ocrx_word' id='word_1_156' title='bbox 1820 3438 2159 3508; x_wconf 87' lang='lat' dir='ltr'>peccatum</span> 
     </span>
     <span class='ocr_line' id='line_1_25' title="bbox 183 3511 2157 3595; baseline -0.002 -15"><span class='ocrx_word' id='word_1_157' title='bbox 183 3513 506 3580; x_wconf 78' lang='lat' dir='ltr'>divertit:</span> <span class='ocrx_word' id='word_1_158' title='bbox 552 3513 782 3578; x_wconf 88' lang='lat' dir='ltr'>uxoris</span> <span class='ocrx_word' id='word_1_159' title='bbox 824 3512 985 3577; x_wconf 89' lang='lat' dir='ltr'>item</span> <span class='ocrx_word' id='word_1_160' title='bbox 1031 3511 1325 3577; x_wconf 86' lang='lat' dir='ltr'>adversis</span> <span class='ocrx_word' id='word_1_161' title='bbox 1370 3513 1654 3575; x_wconf 88' lang='lat' dir='ltr'>maxime</span> <span class='ocrx_word' id='word_1_162' title='bbox 1689 3512 1886 3577; x_wconf 91' lang='lat' dir='ltr'>rebus</span> <span class='ocrx_word' id='word_1_163' title='bbox 1931 3512 2157 3595; x_wconf 90' lang='lat' dir='ltr'>explo-</span> 
     </span>
     <span class='ocr_line' id='line_1_26' title="bbox 178 3596 2161 3683; baseline 0 -19"><span class='ocrx_word' id='word_1_164' title='bbox 178 3611 331 3666; x_wconf 86' lang='lat' dir='ltr'>rata</span> <span class='ocrx_word' id='word_1_165' title='bbox 404 3609 481 3665; x_wconf 88' lang='lat' dir='ltr'>et</span> <span class='ocrx_word' id='word_1_166' title='bbox 545 3598 744 3683; x_wconf 91' lang='lat' dir='ltr'>plane</span> <span class='ocrx_word' id='word_1_167' title='bbox 809 3606 1150 3682; x_wconf 89' lang='lat' dir='ltr'>perspecta</span> <span class='ocrx_word' id='word_1_168' title='bbox 1206 3596 1336 3660; x_wconf 90' lang='lat' dir='ltr'>iam</span> <span class='ocrx_word' id='word_1_169' title='bbox 1406 3597 1609 3662; x_wconf 89' lang='lat' dir='ltr'>animi</span> <span class='ocrx_word' id='word_1_170' title='bbox 1673 3599 2042 3663; x_wconf 88' lang='lat' dir='ltr'>constantia</span> <span class='ocrx_word' id='word_1_171' title='bbox 2095 3608 2161 3664; x_wconf 87' lang='lat' dir='ltr'>et</span> 
     </span>
     <span class='ocr_line' id='line_1_27' title="bbox 177 3679 2158 3767; baseline -0.001 -16"><span class='ocrx_word' id='word_1_172' title='bbox 177 3686 371 3766; x_wconf 86' lang='lat' dir='ltr'>fides,</span> <span class='ocrx_word' id='word_1_173' title='bbox 421 3696 573 3750; x_wconf 87' lang='lat' dir='ltr'>tum</span> <span class='ocrx_word' id='word_1_174' title='bbox 608 3705 765 3753; x_wconf 82' lang='lat' dir='ltr'>vero</span> <span class='ocrx_word' id='word_1_175' title='bbox 800 3694 1102 3767; x_wconf 88' lang='lat' dir='ltr'>prompta</span> <span class='ocrx_word' id='word_1_176' title='bbox 1138 3682 1375 3766; x_wconf 80' lang='lat' dir='ltr'>alioqui</span> <span class='ocrx_word' id='word_1_177' title='bbox 1411 3679 1495 3747; x_wconf 89' lang='lat' dir='ltr'>ad</span> <span class='ocrx_word' id='word_1_178' title='bbox 1529 3683 1989 3765; x_wconf 86' lang='lat' dir='ltr'>profectionem</span> <span class='ocrx_word' id='word_1_179' title='bbox 2026 3684 2158 3749; x_wconf 88' lang='lat' dir='ltr'>iam</span> 
     </span>
     <span class='ocr_line' id='line_1_28' title="bbox 177 3768 2158 3853; baseline -0.001 -17"><span class='ocrx_word' id='word_1_180' title='bbox 177 3770 451 3838; x_wconf 87' lang='lat' dir='ltr'>dudum</span> <span class='ocrx_word' id='word_1_181' title='bbox 492 3768 951 3836; x_wconf 89' lang='lat' dir='ltr'>communibus</span> <span class='ocrx_word' id='word_1_182' title='bbox 985 3769 1161 3833; x_wconf 81' lang='lat' dir='ltr'>votis</span> <span class='ocrx_word' id='word_1_183' title='bbox 1196 3769 1570 3833; x_wconf 89' lang='lat' dir='ltr'>institutam</span> <span class='ocrx_word' id='word_1_184' title='bbox 1605 3769 1926 3848; x_wconf 78' lang='lat' dir='ltr'>alaeritaS,</span> <span class='ocrx_word' id='word_1_185' title='bbox 1963 3790 2158 3853; x_wconf 87' lang='lat' dir='ltr'>quam</span> 
     </span>
     <span class='ocr_line' id='line_1_29' title="bbox 176 3855 2158 3941; baseline -0.001 -19"><span class='ocrx_word' id='word_1_186' title='bbox 176 3858 250 3922; x_wconf 91' lang='lat' dir='ltr'>in</span> <span class='ocrx_word' id='word_1_187' title='bbox 288 3879 375 3924; x_wconf 89' lang='lat' dir='ltr'>ea</span> <span class='ocrx_word' id='word_1_188' title='bbox 421 3858 755 3941; x_wconf 83' lang='lat' dir='ltr'>perspexi,</span> <span class='ocrx_word' id='word_1_189' title='bbox 799 3856 892 3922; x_wconf 89' lang='lat' dir='ltr'>ita</span> <span class='ocrx_word' id='word_1_190' title='bbox 936 3855 1098 3921; x_wconf 89' lang='lat' dir='ltr'>adeo</span> <span class='ocrx_word' id='word_1_191' title='bbox 1157 3875 1261 3918; x_wconf 89' lang='lat' dir='ltr'>me</span> <span class='ocrx_word' id='word_1_192' title='bbox 1304 3855 1512 3919; x_wconf 81' lang='lat' dir='ltr'>movit</span> <span class='ocrx_word' id='word_1_193' title='bbox 1555 3865 1628 3919; x_wconf 91' lang='lat' dir='ltr'>ut</span> <span class='ocrx_word' id='word_1_194' title='bbox 1671 3855 1998 3920; x_wconf 87' lang='lat' dir='ltr'>nihildum</span> <span class='ocrx_word' id='word_1_195' title='bbox 2045 3855 2158 3921; x_wconf 88' lang='lat' dir='ltr'>ad-</span> 
     </span>
     <span class='ocr_line' id='line_1_30' title="bbox 177 3939 2157 4028; baseline -0.001 -19"><span class='ocrx_word' id='word_1_196' title='bbox 177 3943 311 4011; x_wconf 89' lang='lat' dir='ltr'>buc</span> <span class='ocrx_word' id='word_1_197' title='bbox 356 3943 834 4028; x_wconf 79' lang='lat' dir='ltr'>promoverim.</span> <span class='ocrx_word' id='word_1_198' title='bbox 924 3942 1018 4008; x_wconf 89' lang='lat' dir='ltr'>Ut</span> <span class='ocrx_word' id='word_1_199' title='bbox 1057 3951 1308 4005; x_wconf 87' lang='lat' dir='ltr'>taceam</span> <span class='ocrx_word' id='word_1_200' title='bbox 1364 3939 1630 4005; x_wconf 86' lang='lat' dir='ltr'>interim</span> <span class='ocrx_word' id='word_1_201' title='bbox 1673 3941 1912 4006; x_wconf 89' lang='lat' dir='ltr'>filiolae</span> <span class='ocrx_word' id='word_1_202' title='bbox 1955 3963 2157 4018; x_wconf 87' lang='lat' dir='ltr'>meae,</span> 
     </span>
     <span class='ocr_line' id='line_1_31' title="bbox 176 4025 2159 4114; baseline -0.002 -19"><span class='ocrx_word' id='word_1_203' title='bbox 176 4050 392 4113; x_wconf 88' lang='lat' dir='ltr'>quam</span> <span class='ocrx_word' id='word_1_204' title='bbox 445 4050 571 4114; x_wconf 89' lang='lat' dir='ltr'>ego</span> <span class='ocrx_word' id='word_1_205' title='bbox 617 4029 814 4094; x_wconf 87' lang='lat' dir='ltr'>etiam</span> <span class='ocrx_word' id='word_1_206' title='bbox 862 4028 987 4092; x_wconf 91' lang='lat' dir='ltr'>hoc</span> <span class='ocrx_word' id='word_1_207' title='bbox 1024 4027 1285 4091; x_wconf 89' lang='lat' dir='ltr'>nomine</span> <span class='ocrx_word' id='word_1_208' title='bbox 1330 4027 1482 4107; x_wconf 85' lang='lat' dir='ltr'>quia</span> <span class='ocrx_word' id='word_1_209' title='bbox 1519 4036 1591 4090; x_wconf 89' lang='lat' dir='ltr'>tu</span> <span class='ocrx_word' id='word_1_210' title='bbox 1635 4025 1796 4090; x_wconf 91' lang='lat' dir='ltr'>mihi</span> <span class='ocrx_word' id='word_1_211' title='bbox 1833 4047 1977 4091; x_wconf 85' lang='lat' dir='ltr'>eam</span> <span class='ocrx_word' id='word_1_212' title='bbox 2013 4026 2159 4093; x_wconf 88' lang='lat' dir='ltr'>lite-</span> 
     </span>
     <span class='ocr_line' id='line_1_32' title="bbox 173 4110 2163 4196; baseline -0.001 -16"><span class='ocrx_word' id='word_1_213' title='bbox 173 4117 270 4182; x_wconf 85' lang='lat' dir='ltr'>ris</span> <span class='ocrx_word' id='word_1_214' title='bbox 319 4117 474 4181; x_wconf 88' lang='lat' dir='ltr'>tuis</span> <span class='ocrx_word' id='word_1_215' title='bbox 519 4112 987 4181; x_wconf 82' lang='lat' dir='ltr'>commendasti</span> <span class='ocrx_word' id='word_1_216' title='bbox 1032 4112 1434 4177; x_wconf 85' lang='lat' dir='ltr'>carissimam</span> <span class='ocrx_word' id='word_1_217' title='bbox 1490 4110 1729 4190; x_wconf 79' lang='lat' dir='ltr'>haben,</span> <span class='ocrx_word' id='word_1_218' title='bbox 1788 4112 2053 4196; x_wconf 85' lang='lat' dir='ltr'>vagitus</span> <span class='ocrx_word' id='word_1_219' title='bbox 2096 4124 2163 4178; x_wconf 90' lang='lat' dir='ltr'>et</span> 
     </span>
     <span class='ocr_line' id='line_1_33' title="bbox 173 4195 2157 4287; baseline 0.001 -23"><span class='ocrx_word' id='word_1_220' title='bbox 173 4203 314 4266; x_wconf 90' lang='lat' dir='ltr'>iam</span> <span class='ocrx_word' id='word_1_221' title='bbox 363 4214 574 4287; x_wconf 86' lang='lat' dir='ltr'>grata</span> <span class='ocrx_word' id='word_1_222' title='bbox 616 4202 941 4284; x_wconf 90' lang='lat' dir='ltr'>superatis</span> <span class='ocrx_word' id='word_1_223' title='bbox 977 4200 1163 4262; x_wconf 83' lang='lat' dir='ltr'>cunis</span> <span class='ocrx_word' id='word_1_224' title='bbox 1201 4198 1498 4280; x_wconf 87' lang='lat' dir='ltr'>suspiria.</span> <span class='ocrx_word' id='word_1_225' title='bbox 1565 4195 1757 4262; x_wconf 88' lang='lat' dir='ltr'>Addo</span> <span class='ocrx_word' id='word_1_226' title='bbox 1799 4200 1995 4262; x_wconf 86' lang='lat' dir='ltr'>etiam</span> <span class='ocrx_word' id='word_1_227' title='bbox 2032 4220 2157 4279; x_wconf 88' lang='lat' dir='ltr'>me,</span> 
     </span>
     <span class='ocr_line' id='line_1_34' title="bbox 174 4283 2158 4369; baseline -0.002 -15"><span class='ocrx_word' id='word_1_228' title='bbox 174 4308 261 4353; x_wconf 89' lang='lat' dir='ltr'>ne</span> <span class='ocrx_word' id='word_1_229' title='bbox 297 4288 596 4363; x_wconf 87' lang='lat' dir='ltr'>nescias,</span> <span class='ocrx_word' id='word_1_230' title='bbox 635 4286 882 4369; x_wconf 81' lang='lat' dir='ltr'>aliquot</span> <span class='ocrx_word' id='word_1_231' title='bbox 908 4305 1165 4349; x_wconf 87' lang='lat' dir='ltr'>meuses</span> <span class='ocrx_word' id='word_1_232' title='bbox 1202 4283 1486 4349; x_wconf 90' lang='lat' dir='ltr'>aulicum</span> <span class='ocrx_word' id='word_1_233' title='bbox 1521 4284 1784 4361; x_wconf 86' lang='lat' dir='ltr'>factum,</span> <span class='ocrx_word' id='word_1_234' title='bbox 1821 4293 1889 4348; x_wconf 90' lang='lat' dir='ltr'>et</span> <span class='ocrx_word' id='word_1_235' title='bbox 1922 4295 2158 4369; x_wconf 81' lang='lat' dir='ltr'>rogatu</span> 
     </span>
     <span class='ocr_line' id='line_1_35' title="bbox 172 4370 2158 4455; baseline -0.002 -16"><span class='ocrx_word' id='word_1_236' title='bbox 172 4375 564 4442; x_wconf 86' lang='lat' dir='ltr'>amicorum</span> <span class='ocrx_word' id='word_1_237' title='bbox 599 4372 669 4435; x_wconf 89' lang='lat' dir='ltr'>in</span> <span class='ocrx_word' id='word_1_238' title='bbox 707 4372 856 4436; x_wconf 82' lang='lat' dir='ltr'>aula</span> <span class='ocrx_word' id='word_1_239' title='bbox 893 4370 1015 4436; x_wconf 87' lang='lat' dir='ltr'>hac</span> <span class='ocrx_word' id='word_1_240' title='bbox 1054 4370 1233 4455; x_wconf 81' lang='lat' dir='ltr'>regia</span> <span class='ocrx_word' id='word_1_241' title='bbox 1267 4370 1594 4435; x_wconf 89' lang='lat' dir='ltr'>communi</span> <span class='ocrx_word' id='word_1_242' title='bbox 1631 4389 1853 4434; x_wconf 92' lang='lat' dir='ltr'>eorum</span> <span class='ocrx_word' id='word_1_243' title='bbox 1892 4371 2158 4436; x_wconf 89' lang='lat' dir='ltr'>nomine</span> 
     </span>
     <span class='ocr_line' id='line_1_36' title="bbox 171 4454 2153 4542; baseline -0.003 -16"><span class='ocrx_word' id='word_1_244' title='bbox 171 4459 619 4537; x_wconf 82' lang='lat' dir='ltr'>sollicitasse,</span> <span class='ocrx_word' id='word_1_245' title='bbox 687 4478 773 4524; x_wconf 91' lang='lat' dir='ltr'>ne</span> <span class='ocrx_word' id='word_1_246' title='bbox 839 4455 994 4542; x_wconf 90' lang='lat' dir='ltr'>quid</span> <span class='ocrx_word' id='word_1_247' title='bbox 1064 4456 1284 4520; x_wconf 88' lang='lat' dir='ltr'>damni</span> <span class='ocrx_word' id='word_1_248' title='bbox 1353 4454 1435 4521; x_wconf 94' lang='lat' dir='ltr'>ob</span> <span class='ocrx_word' id='word_1_249' title='bbox 1495 4476 1729 4520; x_wconf 88' lang='lat' dir='ltr'>manus</span> <span class='ocrx_word' id='word_1_250' title='bbox 1792 4456 2013 4539; x_wconf 87' lang='lat' dir='ltr'>regiae</span> <span class='ocrx_word' id='word_1_251' title='bbox 2084 4458 2153 4521; x_wconf 91' lang='lat' dir='ltr'>in</span> 
     </span>
    </p>
   </div>
   <div class='ocr_carea' id='block_1_7' title="bbox 166 4616 617 4630">
    <p class='ocr_par' dir='ltr' id='par_1_8' title="bbox 166 4616 617 4630">
     <span class='ocr_line' id='line_1_37' title="bbox 166 4616 617 4630; baseline 0 1545"><span class='ocrx_word' id='word_1_252' title='bbox 166 4616 617 4630; x_wconf 95' lang='lat' dir='ltr'> </span> 
     </span>
    </p>
   </div>
   <div class='ocr_carea' id='block_1_8' title="bbox 167 4695 2159 5043">
    <p class='ocr_par' dir='ltr' id='par_1_9' title="bbox 167 4695 2159 5043">
     <span class='ocr_line' id='line_1_38' title="bbox 192 4695 2155 4766; baseline -0.002 -12"><span class='ocrx_word' id='word_1_253' title='bbox 192 4699 351 4755; x_wconf 80' lang='grc'><strong>808.</strong></span> <span class='ocrx_word' id='word_1_254' title='bbox 397 4700 467 4763; x_wconf 87' lang='grc'>1)</span> <span class='ocrx_word' id='word_1_255' title='bbox 508 4697 624 4752; x_wconf 72' lang='lat' dir='ltr'>Hic</span> <span class='ocrx_word' id='word_1_256' title='bbox 655 4698 797 4751; x_wconf 80' lang='lat' dir='ltr'>enim</span> <span class='ocrx_word' id='word_1_257' title='bbox 831 4697 1205 4752; x_wconf 80' lang='lat' dir='ltr'>celeberrimus</span> <span class='ocrx_word' id='word_1_258' title='bbox 1245 4702 1436 4766; x_wconf 79' lang='lat' dir='ltr'>postea</span> <span class='ocrx_word' id='word_1_259' title='bbox 1469 4695 1842 4765; x_wconf 65' lang='lat' dir='ltr'>typam-aplius</span> <span class='ocrx_word' id='word_1_260' title='bbox 1883 4695 2155 4750; x_wconf 80' lang='lat' dir='ltr'>Geneven·</span> 
     </span>
     <span class='ocr_line' id='line_1_39' title="bbox 168 4762 2159 4835; baseline -0.002 -11"><span class='ocrx_word' id='word_1_261' title='bbox 168 4772 252 4824; x_wconf 76' lang='lat' dir='ltr'>sis</span> <span class='ocrx_word' id='word_1_262' title='bbox 289 4770 405 4823; x_wconf 75' lang='lat' dir='ltr'>sub</span> <span class='ocrx_word' id='word_1_263' title='bbox 444 4768 671 4821; x_wconf 75' lang='lat' dir='ltr'>nomine</span> <span class='ocrx_word' id='word_1_264' title='bbox 706 4766 787 4819; x_wconf 90' lang='lat' dir='ltr'>Io.</span> <span class='ocrx_word' id='word_1_265' title='bbox 822 4766 1125 4835; x_wconf 62' lang='lat' dir='ltr'>Burgundi</span> <span class='ocrx_word' id='word_1_266' title='bbox 1152 4768 1294 4820; x_wconf 77' lang='lat' dir='ltr'>latet.</span> <span class='ocrx_word' id='word_1_267' title='bbox 1366 4762 1514 4819; x_wconf 80' lang='lat' dir='ltr'>Erat</span> <span class='ocrx_word' id='word_1_268' title='bbox 1551 4764 1633 4817; x_wconf 85' lang='lat'>10.</span> <span class='ocrx_word' id='word_1_269' title='bbox 1661 4764 1884 4832; x_wconf 74' lang='lat' dir='ltr'>Orespin</span> <span class='ocrx_word' id='word_1_270' title='bbox 1925 4767 2159 4820; x_wconf 77' lang='lat' dir='ltr'>Atrebas</span> 
     </span>
     <span class='ocr_line' id='line_1_40' title="bbox 167 4833 2156 4905; baseline -0.003 -13"><span class='ocrx_word' id='word_1_271' title='bbox 167 4840 325 4893; x_wconf 73' lang='lat' dir='ltr'>iuris</span> <span class='ocrx_word' id='word_1_272' title='bbox 363 4837 586 4901; x_wconf 77' lang='lat' dir='ltr'>doctor,</span> <span class='ocrx_word' id='word_1_273' title='bbox 620 4835 823 4889; x_wconf 67' lang='lat' dir='ltr'>emelii-s</span> <span class='ocrx_word' id='word_1_274' title='bbox 838 4852 1058 4904; x_wconf 79' lang='lat' dir='ltr'>operam</span> <span class='ocrx_word' id='word_1_275' title='bbox 1076 4835 1301 4890; x_wconf 76' lang='lat' dir='ltr'>dederat</span> <span class='ocrx_word' id='word_1_276' title='bbox 1327 4849 1429 4901; x_wconf 78' lang='lat' dir='ltr'>per</span> <span class='ocrx_word' id='word_1_277' title='bbox 1444 4836 1873 4905; x_wconf 72' lang='lat' dir='ltr'>quinquennium</span> <span class='ocrx_word' id='word_1_278' title='bbox 1891 4833 2156 4905; x_wconf 70' lang='lat' dir='ltr'>Lemnii,</span> 
     </span>
     <span class='ocr_line' id='line_1_41' title="bbox 169 4900 2155 4973; baseline -0.002 -12"><span class='ocrx_word' id='word_1_279' title='bbox 169 4906 385 4962; x_wconf 77' lang='lat' dir='ltr'>deinde</span> <span class='ocrx_word' id='word_1_280' title='bbox 439 4905 697 4960; x_wconf 65' lang='lat' dir='ltr'>Parisiis</span> <span class='ocrx_word' id='word_1_281' title='bbox 738 4904 926 4973; x_wconf 78' lang='lat' dir='ltr'>pedem</span> <span class='ocrx_word' id='word_1_282' title='bbox 975 4906 1102 4970; x_wconf 64' lang='lat' dir='ltr'>fixit</span> <span class='ocrx_word' id='word_1_283' title='bbox 1156 4921 1274 4959; x_wconf 72' lang='lat' dir='ltr'>eum</span> <span class='ocrx_word' id='word_1_284' title='bbox 1315 4904 1583 4971; x_wconf 75' lang='lat' dir='ltr'>populari</span> <span class='ocrx_word' id='word_1_285' title='bbox 1624 4920 1722 4957; x_wconf 73' lang='lat' dir='ltr'>suo</span> <span class='ocrx_word' id='word_1_286' title='bbox 1771 4902 1982 4958; x_wconf 79' lang='lat' dir='ltr'>Frane.</span> <span class='ocrx_word' id='word_1_287' title='bbox 2023 4900 2155 4957; x_wconf 83' lang='lat' dir='ltr'>Bal-</span> 
     </span>
     <span class='ocr_line' id='line_1_42' title="bbox 169 4970 2154 5043; baseline -0.003 -13"><span class='ocrx_word' id='word_1_288' title='bbox 169 4976 376 5043; x_wconf 73' lang='lat' dir='ltr'>dutno‚</span> <span class='ocrx_word' id='word_1_289' title='bbox 417 4982 478 5029; x_wconf 80' lang='lat' dir='ltr'>et</span> <span class='ocrx_word' id='word_1_290' title='bbox 516 4974 816 5028; x_wconf 77' lang='lat' dir='ltr'>advocatus</span> <span class='ocrx_word' id='word_1_291' title='bbox 865 4975 927 5028; x_wconf 80' lang='lat' dir='ltr'>in</span> <span class='ocrx_word' id='word_1_292' title='bbox 968 4975 1308 5043; x_wconf 71' lang='lat' dir='ltr'>parlavvuento</span> <span class='ocrx_word' id='word_1_293' title='bbox 1344 4972 1472 5038; x_wconf 77' lang='lat' dir='ltr'>fuit.</span> <span class='ocrx_word' id='word_1_294' title='bbox 1546 4970 1799 5042; x_wconf 72' lang='lat' dir='ltr'>Denique</span> <span class='ocrx_word' id='word_1_295' title='bbox 1842 4988 1966 5028; x_wconf 76' lang='lat' dir='ltr'>cun·</span> <span class='ocrx_word' id='word_1_296' title='bbox 2002 4972 2154 5026; x_wconf 77' lang='lat' dir='ltr'>Beea</span> 
     </span>
    </p>
   </div>
   <div class='ocr_carea' id='block_1_9' title="bbox 174 5032 2204 5112">
    <p class='ocr_par' dir='ltr' id='par_1_10' title="bbox 174 5032 2204 5112">
     <span class='ocr_line' id='line_1_43' title="bbox 174 5032 2204 5112; baseline -0.004 -10"><span class='ocrx_word' id='word_1_297' title='bbox 174 5044 482 5102; x_wconf 68' lang='lat' dir='ltr'>Genauam</span> <span class='ocrx_word' id='word_1_298' title='bbox 501 5058 559 5096; x_wconf 81' lang='lat' dir='ltr'>ee</span> <span class='ocrx_word' id='word_1_299' title='bbox 575 5043 816 5098; x_wconf 70' lang='lat' dir='ltr'>eontulit.</span> <span class='ocrx_word' id='word_1_300' title='bbox 875 5039 1324 5112; x_wconf 70' lang='lat' dir='ltr'>(Haaqlv.118.</span> <span class='ocrx_word' id='word_1_301' title='bbox 1381 5041 1432 5095; x_wconf 75' lang='grc' dir='ltr'><em>θ</em></span> <span class='ocrx_word' id='word_1_302' title='bbox 1505 5043 1513 5054; x_wconf 89' lang='grc'><em>“</em></span> <span class='ocrx_word' id='word_1_303' title='bbox 1556 5058 1598 5103; x_wconf 82' lang='lat' dir='ltr'>e,</span> <span class='ocrx_word' id='word_1_304' title='bbox 1617 5050 1730 5095; x_wconf 80' lang='lat' dir='ltr'>not.</span> <span class='ocrx_word' id='word_1_305' title='bbox 1752 5039 1872 5109; x_wconf 70' lang='lat' dir='ltr'>qen.</span> <span class='ocrx_word' id='word_1_306' title='bbox 1891 5040 1994 5096; x_wconf 89' lang='lat'>111.</span> <span class='ocrx_word' id='word_1_307' title='bbox 2017 5038 2153 5103; x_wconf 85' lang='lat'>156.)</span> <span class='ocrx_word' id='word_1_308' title='bbox 2197 5032 2204 5093; x_wconf 73' lang='lat' dir='ltr'>l</span> 
     </span>
    </p>
   </div>
   <div class='ocr_carea' id='block_1_10' title="bbox 167 5110 2157 5457">
    <p class='ocr_par' dir='ltr' id='par_1_11' title="bbox 167 5110 2157 5457">
     <span class='ocr_line' id='line_1_44' title="bbox 395 5110 2157 5177; baseline 0 -12"><span class='ocrx_word' id='word_1_309' title='bbox 395 5112 465 5177; x_wconf 83' lang='lat'>2)</span> <span class='ocrx_word' id='word_1_310' title='bbox 515 5111 619 5165; x_wconf 77' lang='lat' dir='ltr'>Cui</span> <span class='ocrx_word' id='word_1_311' title='bbox 661 5127 856 5165; x_wconf 78' lang='lat' dir='ltr'>nomen</span> <span class='ocrx_word' id='word_1_312' title='bbox 904 5114 1015 5175; x_wconf 74' lang='lat' dir='ltr'>suit</span> <span class='ocrx_word' id='word_1_313' title='bbox 1060 5111 1421 5167; x_wconf 77' lang='lat' dir='ltr'>Leseambier.</span> <span class='ocrx_word' id='word_1_314' title='bbox 1575 5114 1661 5165; x_wconf 76' lang='lat' dir='ltr'>ius</span> <span class='ocrx_word' id='word_1_315' title='bbox 1700 5110 1873 5176; x_wconf 69' lang='lat' dir='ltr'>filiam</span> <span class='ocrx_word' id='word_1_316' title='bbox 1918 5110 2157 5165; x_wconf 68' lang='lat' dir='ltr'>duxerat</span> 
     </span>
     <span class='ocr_line' id='line_1_45' title="bbox 175 5177 2154 5251; baseline -0.001 -17"><span class='ocrx_word' id='word_1_317' title='bbox 175 5182 623 5251; x_wconf 71' lang='lat' dir='ltr'>Maqdalenmn.</span> <span class='ocrx_word' id='word_1_318' title='bbox 699 5181 889 5249; x_wconf 62' lang='lat' dir='ltr'>Ipsius</span> <span class='ocrx_word' id='word_1_319' title='bbox 918 5182 1039 5247; x_wconf 72' lang='lat' dir='ltr'>filia</span> <span class='ocrx_word' id='word_1_320' title='bbox 1079 5180 1404 5249; x_wconf 73' lang='lat' dir='ltr'>Merqareta</span> <span class='ocrx_word' id='word_1_321' title='bbox 1443 5177 1691 5235; x_wconf 63' lang='lat' dir='ltr'>omnm</span> <span class='ocrx_word' id='word_1_322' title='bbox 1722 5181 1912 5248; x_wconf 77' lang='lat' dir='ltr'>nupsit</span> <span class='ocrx_word' id='word_1_323' title='bbox 1948 5178 2154 5232; x_wconf 78' lang='lat' dir='ltr'>Eusta-</span> 
     </span>
     <span class='ocr_line' id='line_1_46' title="bbox 167 5248 2154 5372; baseline -0.003 -66"><span class='ocrx_word' id='word_1_324' title='bbox 167 5253 292 5307; x_wconf 71' lang='lat' dir='ltr'>ths‘o</span> <span class='ocrx_word' id='word_1_325' title='bbox 346 5251 583 5372; x_wconf 53' lang='lat' dir='ltr'>Veffon‘</span> <span class='ocrx_word' id='word_1_326' title='bbox 587 5291 600 5317; x_wconf 90' lang='lat'>,</span> <span class='ocrx_word' id='word_1_327' title='bbox 631 5250 727 5305; x_wconf 67' lang='grc' dir='ltr'>συί</span> <span class='ocrx_word' id='word_1_328' title='bbox 755 5250 1175 5320; x_wconf 68' lang='lat' dir='ltr'>typoqraphiam</span> <span class='ocrx_word' id='word_1_329' title='bbox 1204 5253 1387 5317; x_wconf 70' lang='lat' dir='ltr'>patrie</span> <span class='ocrx_word' id='word_1_330' title='bbox 1417 5248 1787 5304; x_wconf 71' lang='lat' dir='ltr'>haereditario</span> <span class='ocrx_word' id='word_1_331' title='bbox 1818 5252 1941 5301; x_wconf 77' lang='lat' dir='ltr'>iure</span> <span class='ocrx_word' id='word_1_332' title='bbox 1974 5255 2154 5301; x_wconf 79' lang='lat' dir='ltr'>trans·</span> 
     </span>
     <span class='ocr_line' id='line_1_47' title="bbox 171 5317 2153 5388; baseline -0.003 -14"><span class='ocrx_word' id='word_1_333' title='bbox 171 5322 350 5374; x_wconf 64' lang='lat' dir='ltr'>nisit.</span> <span class='ocrx_word' id='word_1_334' title='bbox 481 5326 666 5388; x_wconf 73' lang='lat' dir='ltr'>terque</span> <span class='ocrx_word' id='word_1_335' title='bbox 696 5320 858 5373; x_wconf 59' lang='lat' dir='ltr'>mam</span> <span class='ocrx_word' id='word_1_336' title='bbox 892 5322 955 5374; x_wconf 75' lang='lat' dir='ltr'>in</span> <span class='ocrx_word' id='word_1_337' title='bbox 991 5318 1067 5373; x_wconf 77' lang='lat' dir='ltr'>N.</span> <span class='ocrx_word' id='word_1_338' title='bbox 1100 5319 1155 5372; x_wconf 79' lang='lat' dir='ltr'>T.</span> <span class='ocrx_word' id='word_1_339' title='bbox 1186 5333 1385 5387; x_wconf 71' lang='lat' dir='ltr'>araeeo</span> <span class='ocrx_word' id='word_1_340' title='bbox 1417 5317 1625 5372; x_wconf 78' lang='lat' dir='ltr'>edendo</span> <span class='ocrx_word' id='word_1_341' title='bbox 1648 5318 1864 5385; x_wconf 63' lang='lat' dir='ltr'>prelum</span> <span class='ocrx_word' id='word_1_342' title='bbox 1896 5317 2153 5371; x_wconf 69' lang='lat' dir='ltr'>exercuit.</span> 
     </span>
     <span class='ocr_line' id='line_1_48' title="bbox 175 5384 1818 5457; baseline -0.004 -12"><span class='ocrx_word' id='word_1_343' title='bbox 175 5388 363 5455; x_wconf 70' lang='lat' dir='ltr'>(Viae</span> <span class='ocrx_word' id='word_1_344' title='bbox 410 5387 650 5441; x_wconf 73' lang='lat' dir='ltr'>Reuseie</span> <span class='ocrx_word' id='word_1_345' title='bbox 681 5388 920 5444; x_wconf 69' lang='lat' dir='ltr'>biblioth.</span> <span class='ocrx_word' id='word_1_346' title='bbox 953 5386 1032 5442; x_wconf 80' lang='lat' dir='ltr'>N.</span> <span class='ocrx_word' id='word_1_347' title='bbox 1082 5387 1137 5442; x_wconf 71' lang='lat' dir='ltr'>Y.</span> <span class='ocrx_word' id='word_1_348' title='bbox 1165 5402 1228 5456; x_wconf 74' lang='lat' dir='ltr'>p.</span> <span class='ocrx_word' id='word_1_349' title='bbox 1262 5384 1334 5441; x_wconf 86' lang='grc'>56</span> <span class='ocrx_word' id='word_1_350' title='bbox 1367 5403 1445 5457; x_wconf 72' lang='lat' dir='ltr'>eq.</span> <span class='ocrx_word' id='word_1_351' title='bbox 1479 5384 1548 5440; x_wconf 78' lang='lat'>97</span> <span class='ocrx_word' id='word_1_352' title='bbox 1584 5401 1662 5455; x_wconf 72' lang='lat' dir='ltr'>sq.</span> <span class='ocrx_word' id='word_1_353' title='bbox 1697 5387 1818 5453; x_wconf 76' lang='lat' dir='ltr'>etc.)</span> 
     </span>
    </p>
   </div>
   <div class='ocr_carea' id='block_1_11' title="bbox 2006 458 2397 527">
    <p class='ocr_par' dir='ltr' id='par_1_12' title="bbox 2006 458 2397 527">
     <span class='ocr_line' id='line_1_49' title="bbox 2006 458 2397 527; baseline 0.01 -4"><span class='ocrx_word' id='word_1_354' title='bbox 2006 462 2170 524; x_wconf 76' lang='lat'><strong>1646</strong></span> <span class='ocrx_word' id='word_1_355' title='bbox 2211 458 2397 527; x_wconf 70' lang='lat' dir='ltr'>IUL-</span> 
     </span>
    </p>
   </div>
   <div class='ocr_carea' id='block_1_12' title="bbox 2200 656 2230 5423">
    <p class='ocr_par' dir='ltr' id='par_1_13' title="bbox 2200 656 2230 5423">
     <span class='ocr_line' id='line_1_50' title="bbox 2200 656 2230 5423; baseline 0 0"><span class='ocrx_word' id='word_1_356' title='bbox 2200 656 2230 5423; x_wconf 95' lang='lat' dir='ltr'> </span> 
     </span>
    </p>
   </div>
   <div class='ocr_carea' id='block_1_13' title="bbox 4095 474 4227 539">
    <p class='ocr_par' dir='ltr' id='par_1_14' title="bbox 4095 474 4227 539">
     <span class='ocr_line' id='line_1_51' title="bbox 4095 474 4227 539; baseline 0 -1"><span class='ocrx_word' id='word_1_357' title='bbox 4095 474 4227 539; x_wconf 80' lang='lat'>858</span> 
     </span>
    </p>
   </div>
   <div class='ocr_carea' id='block_1_14' title="bbox 2261 650 4229 4680">
    <p class='ocr_par' dir='ltr' id='par_1_15' title="bbox 2262 650 4229 1418">
     <span class='ocr_line' id='line_1_52' title="bbox 2264 650 4229 743; baseline 0.006 -29"><span class='ocrx_word' id='word_1_358' title='bbox 2264 670 2516 716; x_wconf 86' lang='lat' dir='ltr'>merces</span> <span class='ocrx_word' id='word_1_359' title='bbox 2571 650 2657 717; x_wconf 86' lang='lat' dir='ltr'>ab</span> <span class='ocrx_word' id='word_1_360' title='bbox 2708 651 2805 716; x_wconf 86' lang='lat' dir='ltr'>eis</span> <span class='ocrx_word' id='word_1_361' title='bbox 2863 652 2973 719; x_wconf 82' lang='lat' dir='ltr'>hie</span> <span class='ocrx_word' id='word_1_362' title='bbox 3024 661 3281 737; x_wconf 81' lang='lat' dir='ltr'>emptas</span> <span class='ocrx_word' id='word_1_363' title='bbox 3334 655 3756 724; x_wconf 86' lang='lat' dir='ltr'>iniectionem</span> <span class='ocrx_word' id='word_1_364' title='bbox 3814 660 4229 743; x_wconf 71' lang='lat' dir='ltr'>acciperentx</span> 
     </span>
     <span class='ocr_line' id='line_1_53' title="bbox 2263 735 4227 832; baseline 0.008 -33"><span class='ocrx_word' id='word_1_365' title='bbox 2263 743 2338 799; x_wconf 86' lang='lat' dir='ltr'>ut</span> <span class='ocrx_word' id='word_1_366' title='bbox 2381 735 2507 802; x_wconf 90' lang='lat' dir='ltr'>hoc</span> <span class='ocrx_word' id='word_1_367' title='bbox 2547 737 2861 803; x_wconf 85' lang='lat' dir='ltr'>beneficio</span> <span class='ocrx_word' id='word_1_368' title='bbox 2911 758 3036 823; x_wconf 90' lang='lat' dir='ltr'>ego</span> <span class='ocrx_word' id='word_1_369' title='bbox 3088 740 3254 806; x_wconf 81' lang='lat' dir='ltr'>mihi</span> <span class='ocrx_word' id='word_1_370' title='bbox 3298 761 3411 806; x_wconf 91' lang='lat' dir='ltr'>eos</span> <span class='ocrx_word' id='word_1_371' title='bbox 3456 762 3919 826; x_wconf 82' lang='lat' dir='ltr'>compararem,</span> <span class='ocrx_word' id='word_1_372' title='bbox 3979 748 4227 832; x_wconf 85' lang='lat' dir='ltr'>magis·</span> 
     </span>
     <span class='ocr_line' id='line_1_54' title="bbox 2262 822 4225 910; baseline 0.008 -24"><span class='ocrx_word' id='word_1_373' title='bbox 2262 841 2389 903; x_wconf 92' lang='lat' dir='ltr'>que</span> <span class='ocrx_word' id='word_1_374' title='bbox 2430 830 2501 887; x_wconf 90' lang='lat' dir='ltr'>et</span> <span class='ocrx_word' id='word_1_375' title='bbox 2537 822 2750 907; x_wconf 81' lang='lat' dir='ltr'>magis</span> <span class='ocrx_word' id='word_1_376' title='bbox 2791 823 3016 890; x_wconf 83' lang='lat' dir='ltr'>faciles</span> <span class='ocrx_word' id='word_1_377' title='bbox 3060 846 3137 892; x_wconf 86' lang='lat' dir='ltr'>ac</span> <span class='ocrx_word' id='word_1_378' title='bbox 3177 828 3494 910; x_wconf 68' lang='lat' dir='ltr'>propitios</span> <span class='ocrx_word' id='word_1_379' title='bbox 3527 827 3854 896; x_wconf 83' lang='lat' dir='ltr'>haberem.</span> <span class='ocrx_word' id='word_1_380' title='bbox 3925 832 4020 897; x_wconf 87' lang='lat' dir='ltr'>Et</span> <span class='ocrx_word' id='word_1_381' title='bbox 4060 854 4225 901; x_wconf 83' lang='lat' dir='ltr'>sane</span> 
     </span>
     <span class='ocr_line' id='line_1_55' title="bbox 2262 909 4221 998; baseline 0.009 -28"><span class='ocrx_word' id='word_1_382' title='bbox 2262 927 2396 971; x_wconf 84' lang='lat' dir='ltr'>nen</span> <span class='ocrx_word' id='word_1_383' title='bbox 2452 909 2720 974; x_wconf 91' lang='lat' dir='ltr'>omnino</span> <span class='ocrx_word' id='word_1_384' title='bbox 2771 910 3021 975; x_wconf 79' lang='lat' dir='ltr'>frustra</span> <span class='ocrx_word' id='word_1_385' title='bbox 3081 932 3235 978; x_wconf 87' lang='lat' dir='ltr'>eum</span> <span class='ocrx_word' id='word_1_386' title='bbox 3298 912 3590 980; x_wconf 90' lang='lat' dir='ltr'>laborem</span> <span class='ocrx_word' id='word_1_387' title='bbox 3656 917 3923 998; x_wconf 89' lang='lat' dir='ltr'>sumpsi.</span> <span class='ocrx_word' id='word_1_388' title='bbox 4023 916 4221 986; x_wconf 82' lang='lat' dir='ltr'>Sensi</span> 
     </span>
     <span class='ocr_line' id='line_1_56' title="bbox 2262 993 4224 1089; baseline 0.008 -33"><span class='ocrx_word' id='word_1_389' title='bbox 2262 993 2441 1057; x_wconf 90' lang='lat' dir='ltr'>enim</span> <span class='ocrx_word' id='word_1_390' title='bbox 2487 1014 2713 1059; x_wconf 90' lang='lat' dir='ltr'>eorum</span> <span class='ocrx_word' id='word_1_391' title='bbox 2757 995 3227 1080; x_wconf 81' lang='lat' dir='ltr'>benignitatem</span> <span class='ocrx_word' id='word_1_392' title='bbox 3272 998 3345 1062; x_wconf 90' lang='lat' dir='ltr'>in</span> <span class='ocrx_word' id='word_1_393' title='bbox 3386 1021 3494 1065; x_wconf 92' lang='lat' dir='ltr'>me</span> <span class='ocrx_word' id='word_1_394' title='bbox 3538 999 3662 1067; x_wconf 89' lang='lat' dir='ltr'>hoc</span> <span class='ocrx_word' id='word_1_395' title='bbox 3703 1004 3969 1070; x_wconf 86' lang='lat' dir='ltr'>nomine</span> <span class='ocrx_word' id='word_1_396' title='bbox 4008 1006 4224 1089; x_wconf 78' lang='lat' dir='ltr'>magis</span> 
     </span>
     <span class='ocr_line' id='line_1_57' title="bbox 2264 1078 4219 1169; baseline 0.009 -28"><span class='ocrx_word' id='word_1_397' title='bbox 2264 1088 2577 1160; x_wconf 86' lang='lat' dir='ltr'>apertam.</span> <span class='ocrx_word' id='word_1_398' title='bbox 2668 1078 2851 1160; x_wconf 79' lang='lat' dir='ltr'>Quid</span> <span class='ocrx_word' id='word_1_399' title='bbox 2902 1102 3097 1166; x_wconf 90' lang='lat' dir='ltr'>porro</span> <span class='ocrx_word' id='word_1_400' title='bbox 3152 1083 3389 1149; x_wconf 86' lang='lat' dir='ltr'>facturi</span> <span class='ocrx_word' id='word_1_401' title='bbox 3441 1087 3576 1151; x_wconf 87' lang='lat' dir='ltr'>sint</span> <span class='ocrx_word' id='word_1_402' title='bbox 3635 1088 3936 1169; x_wconf 85' lang='lat' dir='ltr'>proxime</span> <span class='ocrx_word' id='word_1_403' title='bbox 3996 1091 4077 1157; x_wconf 90' lang='lat' dir='ltr'>ab</span> <span class='ocrx_word' id='word_1_404' title='bbox 4136 1090 4219 1157; x_wconf 91' lang='lat' dir='ltr'>iis</span> 
     </span>
     <span class='ocr_line' id='line_1_58' title="bbox 2265 1166 4220 1253; baseline 0.007 -25"><span class='ocrx_word' id='word_1_405' title='bbox 2265 1173 2591 1246; x_wconf 86' lang='lat' dir='ltr'>exspecto.</span> <span class='ocrx_word' id='word_1_406' title='bbox 2679 1166 3042 1232; x_wconf 74' lang='lat' dir='ltr'>&#39;Pantillum</span> <span class='ocrx_word' id='word_1_407' title='bbox 3084 1166 3154 1233; x_wconf 90' lang='lat' dir='ltr'>id</span> <span class='ocrx_word' id='word_1_408' title='bbox 3193 1169 3279 1233; x_wconf 87' lang='lat' dir='ltr'>sit</span> <span class='ocrx_word' id='word_1_409' title='bbox 3320 1169 3489 1252; x_wconf 92' lang='lat' dir='ltr'>quod</span> <span class='ocrx_word' id='word_1_410' title='bbox 3533 1171 3775 1237; x_wconf 85' lang='lat' dir='ltr'>facturi</span> <span class='ocrx_word' id='word_1_411' title='bbox 3821 1173 3983 1253; x_wconf 91' lang='lat' dir='ltr'>sint,</span> <span class='ocrx_word' id='word_1_412' title='bbox 4049 1176 4220 1242; x_wconf 88' lang='lat' dir='ltr'>mihi</span> 
     </span>
     <span class='ocr_line' id='line_1_59' title="bbox 2266 1248 4221 1343; baseline 0.007 -30"><span class='ocrx_word' id='word_1_413' title='bbox 2266 1248 2526 1315; x_wconf 87' lang='lat' dir='ltr'>abunde</span> <span class='ocrx_word' id='word_1_414' title='bbox 2570 1249 2697 1315; x_wconf 89' lang='lat' dir='ltr'>erit</span> <span class='ocrx_word' id='word_1_415' title='bbox 2738 1252 2823 1320; x_wconf 87' lang='lat' dir='ltr'>ad</span> <span class='ocrx_word' id='word_1_416' title='bbox 2856 1251 3132 1318; x_wconf 83' lang='lat' dir='ltr'>liberam</span> <span class='ocrx_word' id='word_1_417' title='bbox 3167 1252 3348 1319; x_wconf 88' lang='lat' dir='ltr'>illam</span> <span class='ocrx_word' id='word_1_418' title='bbox 3385 1265 3453 1320; x_wconf 87' lang='lat' dir='ltr'>et</span> <span class='ocrx_word' id='word_1_419' title='bbox 3484 1257 3679 1322; x_wconf 90' lang='lat' dir='ltr'>toties</span> <span class='ocrx_word' id='word_1_420' title='bbox 3713 1259 3887 1324; x_wconf 78' lang='lat' dir='ltr'>vetis</span> <span class='ocrx_word' id='word_1_421' title='bbox 3931 1262 4221 1343; x_wconf 89' lang='lat' dir='ltr'>cupitam</span> 
     </span>
     <span class='ocr_line' id='line_1_60' title="bbox 2265 1336 2877 1418; baseline 0.003 -18"><span class='ocrx_word' id='word_1_422' title='bbox 2265 1336 2877 1418; x_wconf 77' lang='lat' dir='ltr'>peregrinationem.</span> 
     </span>
    </p>

    <p class='ocr_par' dir='ltr' id='par_1_16' title="bbox 2264 1420 4224 3372">
     <span class='ocr_line' id='line_1_61' title="bbox 2437 1420 4220 1510; baseline 0.007 -26"><span class='ocrx_word' id='word_1_423' title='bbox 2437 1420 2624 1488; x_wconf 88' lang='lat' dir='ltr'>Haec</span> <span class='ocrx_word' id='word_1_424' title='bbox 2667 1443 2788 1507; x_wconf 89' lang='lat' dir='ltr'>ego</span> <span class='ocrx_word' id='word_1_425' title='bbox 2830 1421 2948 1487; x_wconf 87' lang='lat' dir='ltr'>tibi</span> <span class='ocrx_word' id='word_1_426' title='bbox 2991 1423 3164 1508; x_wconf 89' lang='lat' dir='ltr'>apud</span> <span class='ocrx_word' id='word_1_427' title='bbox 3220 1425 3504 1492; x_wconf 82' lang='lat' dir='ltr'>amicum</span> <span class='ocrx_word' id='word_1_428' title='bbox 3562 1428 3748 1494; x_wconf 90' lang='lat' dir='ltr'>illum</span> <span class='ocrx_word' id='word_1_429' title='bbox 3802 1437 4025 1510; x_wconf 88' lang='lat' dir='ltr'>tuum,</span> <span class='ocrx_word' id='word_1_430' title='bbox 4085 1431 4220 1498; x_wconf 91' lang='lat' dir='ltr'>imo</span> 
     </span>
     <span class='ocr_line' id='line_1_62' title="bbox 2265 1505 4221 1585; baseline 0.007 -16"><span class='ocrx_word' id='word_1_431' title='bbox 2265 1505 2398 1569; x_wconf 89' lang='lat' dir='ltr'>iam</span> <span class='ocrx_word' id='word_1_432' title='bbox 2444 1515 2760 1585; x_wconf 90' lang='lat' dir='ltr'>nostrum,</span> <span class='ocrx_word' id='word_1_433' title='bbox 2806 1509 3023 1573; x_wconf 82' lang='lat' dir='ltr'>virum</span> <span class='ocrx_word' id='word_1_434' title='bbox 3069 1509 3617 1577; x_wconf 89' lang='lat' dir='ltr'>humanissimum</span> <span class='ocrx_word' id='word_1_435' title='bbox 3663 1516 4021 1582; x_wconf 91' lang='lat' dir='ltr'>Dominum</span> <span class='ocrx_word' id='word_1_436' title='bbox 4065 1516 4221 1583; x_wconf 90' lang='lat' dir='ltr'>sub·</span> 
     </span>
     <span class='ocr_line' id='line_1_63' title="bbox 2266 1592 4223 1680; baseline 0.006 -24"><span class='ocrx_word' id='word_1_437' title='bbox 2266 1593 2666 1673; x_wconf 83' lang='lat' dir='ltr'>praefectum</span> <span class='ocrx_word' id='word_1_438' title='bbox 2714 1594 2855 1659; x_wconf 90' lang='lat' dir='ltr'>eius</span> <span class='ocrx_word' id='word_1_439' title='bbox 2920 1592 3102 1660; x_wconf 89' lang='lat' dir='ltr'>urbis</span> <span class='ocrx_word' id='word_1_440' title='bbox 3156 1597 3229 1661; x_wconf 93' lang='lat' dir='ltr'>in</span> <span class='ocrx_word' id='word_1_441' title='bbox 3274 1618 3405 1680; x_wconf 89' lang='lat' dir='ltr'>qua</span> <span class='ocrx_word' id='word_1_442' title='bbox 3467 1609 3664 1665; x_wconf 77' lang='lat' dir='ltr'>natus</span> <span class='ocrx_word' id='word_1_443' title='bbox 3730 1622 3819 1679; x_wconf 88' lang='lat' dir='ltr'>es,</span> <span class='ocrx_word' id='word_1_444' title='bbox 3840 1606 3898 1677; x_wconf 82' lang='lat'>⁸)</span> <span class='ocrx_word' id='word_1_445' title='bbox 3956 1602 4223 1668; x_wconf 69' lang='lat' dir='ltr'>Perona</span> 
     </span>
     <span class='ocr_line' id='line_1_64' title="bbox 2266 1678 4218 1771; baseline 0.007 -31"><span class='ocrx_word' id='word_1_446' title='bbox 2266 1696 2306 1740; x_wconf 86' lang='lat' dir='ltr'>a</span> <span class='ocrx_word' id='word_1_447' title='bbox 2361 1678 2526 1742; x_wconf 89' lang='lat' dir='ltr'>meis</span> <span class='ocrx_word' id='word_1_448' title='bbox 2580 1678 2704 1745; x_wconf 86' lang='lat' dir='ltr'>hac</span> <span class='ocrx_word' id='word_1_449' title='bbox 2761 1680 2830 1744; x_wconf 92' lang='lat' dir='ltr'>in</span> <span class='ocrx_word' id='word_1_450' title='bbox 2890 1679 3107 1746; x_wconf 88' lang='lat' dir='ltr'>reditu</span> <span class='ocrx_word' id='word_1_451' title='bbox 3167 1681 3296 1748; x_wconf 87' lang='lat' dir='ltr'>iter</span> <span class='ocrx_word' id='word_1_452' title='bbox 3347 1683 3624 1760; x_wconf 86' lang='lat' dir='ltr'>faciens,</span> <span class='ocrx_word' id='word_1_453' title='bbox 3691 1687 3900 1753; x_wconf 88' lang='lat' dir='ltr'>obiter</span> <span class='ocrx_word' id='word_1_454' title='bbox 3962 1688 4218 1771; x_wconf 88' lang='lat' dir='ltr'>scripsi.</span> 
     </span>
     <span class='ocr_line' id='line_1_65' title="bbox 2265 1761 4221 1851; baseline 0.007 -26"><span class='ocrx_word' id='word_1_455' title='bbox 2265 1761 2469 1827; x_wconf 91' lang='lat' dir='ltr'>Illum</span> <span class='ocrx_word' id='word_1_456' title='bbox 2513 1764 2733 1828; x_wconf 85' lang='lat' dir='ltr'>virum</span> <span class='ocrx_word' id='word_1_457' title='bbox 2778 1764 3011 1831; x_wconf 85' lang='lat' dir='ltr'>literae</span> <span class='ocrx_word' id='word_1_458' title='bbox 3055 1774 3224 1843; x_wconf 91' lang='lat' dir='ltr'>tuae,</span> <span class='ocrx_word' id='word_1_459' title='bbox 3261 1790 3422 1851; x_wconf 87' lang='lat' dir='ltr'>quas</span> <span class='ocrx_word' id='word_1_460' title='bbox 3458 1771 3942 1838; x_wconf 87' lang='lat' dir='ltr'>amantissimas</span> <span class='ocrx_word' id='word_1_461' title='bbox 3986 1771 4068 1837; x_wconf 80' lang='lat' dir='ltr'>ad</span> <span class='ocrx_word' id='word_1_462' title='bbox 4112 1795 4221 1839; x_wconf 89' lang='lat' dir='ltr'>me</span> 
     </span>
     <span class='ocr_line' id='line_1_66' title="bbox 2266 1846 4220 1937; baseline 0.007 -26"><span class='ocrx_word' id='word_1_463' title='bbox 2266 1846 2584 1914; x_wconf 85' lang='lat' dir='ltr'>hactenus</span> <span class='ocrx_word' id='word_1_464' title='bbox 2618 1850 2954 1933; x_wconf 83' lang='lat' dir='ltr'>scripsisti,</span> <span class='ocrx_word' id='word_1_465' title='bbox 2993 1853 3276 1918; x_wconf 91' lang='lat' dir='ltr'>amicum</span> <span class='ocrx_word' id='word_1_466' title='bbox 3311 1853 3476 1919; x_wconf 90' lang='lat' dir='ltr'>mihi</span> <span class='ocrx_word' id='word_1_467' title='bbox 3513 1857 3892 1937; x_wconf 86' lang='lat' dir='ltr'>iunxerunt,</span> <span class='ocrx_word' id='word_1_468' title='bbox 3927 1880 4059 1923; x_wconf 91' lang='lat' dir='ltr'>non</span> <span class='ocrx_word' id='word_1_469' title='bbox 4098 1858 4220 1923; x_wconf 89' lang='lat' dir='ltr'>ali-</span> 
     </span>
     <span class='ocr_line' id='line_1_67' title="bbox 2264 1934 4221 2020; baseline 0.007 -23"><span class='ocrx_word' id='word_1_470' title='bbox 2264 1954 2395 2015; x_wconf 82' lang='lat' dir='ltr'>qua</span> <span class='ocrx_word' id='word_1_471' title='bbox 2438 1934 2694 2001; x_wconf 78' lang='lat' dir='ltr'>Thesea</span> <span class='ocrx_word' id='word_1_472' title='bbox 2746 1934 2860 2001; x_wconf 90' lang='lat' dir='ltr'>sed</span> <span class='ocrx_word' id='word_1_473' title='bbox 2905 1937 3099 2020; x_wconf 89' lang='lat' dir='ltr'>plane</span> <span class='ocrx_word' id='word_1_474' title='bbox 3155 1938 3515 2005; x_wconf 89' lang='lat' dir='ltr'>christiana</span> <span class='ocrx_word' id='word_1_475' title='bbox 3571 1940 3717 2007; x_wconf 88' lang='lat' dir='ltr'>fide.</span> <span class='ocrx_word' id='word_1_476' title='bbox 3816 1945 3985 2009; x_wconf 89' lang='lat' dir='ltr'>Amo</span> <span class='ocrx_word' id='word_1_477' title='bbox 4042 1952 4221 2010; x_wconf 89' lang='lat' dir='ltr'>certe</span> 
     </span>
     <span class='ocr_line' id='line_1_68' title="bbox 2264 2018 4222 2112; baseline 0.007 -30"><span class='ocrx_word' id='word_1_478' title='bbox 2264 2018 2595 2103; x_wconf 81' lang='lat' dir='ltr'>insignem</span> <span class='ocrx_word' id='word_1_479' title='bbox 2653 2021 2939 2089; x_wconf 88' lang='lat' dir='ltr'>hominis</span> <span class='ocrx_word' id='word_1_480' title='bbox 3004 2023 3348 2107; x_wconf 85' lang='lat' dir='ltr'>pietatem,</span> <span class='ocrx_word' id='word_1_481' title='bbox 3415 2034 3484 2092; x_wconf 90' lang='lat' dir='ltr'>et</span> <span class='ocrx_word' id='word_1_482' title='bbox 3542 2027 3616 2091; x_wconf 93' lang='lat' dir='ltr'>in</span> <span class='ocrx_word' id='word_1_483' title='bbox 3684 2029 3925 2094; x_wconf 87' lang='lat' dir='ltr'>amicos</span> <span class='ocrx_word' id='word_1_484' title='bbox 3989 2039 4222 2112; x_wconf 88' lang='lat' dir='ltr'>pectus</span> 
     </span>
     <span class='ocr_line' id='line_1_69' title="bbox 2264 2104 4219 2198; baseline 0.007 -30"><span class='ocrx_word' id='word_1_485' title='bbox 2264 2124 2539 2187; x_wconf 85' lang='lat' dir='ltr'>prorsus</span> <span class='ocrx_word' id='word_1_486' title='bbox 2593 2104 2659 2170; x_wconf 82' lang='grc' dir='ltr'><strong><em>τό</em></strong></span> <span class='ocrx_word' id='word_1_487' title='bbox 2716 2106 2934 2188; x_wconf 76' lang='grc' dir='ltr'><strong><em>γυμνὸν</em></strong></span> <span class='ocrx_word' id='word_1_488' title='bbox 2976 2117 3085 2184; x_wconf 80' lang='lat' dir='ltr'>(ut</span> <span class='ocrx_word' id='word_1_489' title='bbox 3127 2108 3392 2198; x_wconf 83' lang='lat' dir='ltr'>dicitur)</span> <span class='ocrx_word' id='word_1_490' title='bbox 3442 2113 3560 2174; x_wconf 75' lang='grc' dir='ltr'>τῶν</span> <span class='ocrx_word' id='word_1_491' title='bbox 3600 2122 3864 2196; x_wconf 78' lang='grc' dir='ltr'><strong><em>χαρίτων</em></strong></span> <span class='ocrx_word' id='word_1_492' title='bbox 3907 2116 4219 2182; x_wconf 72' lang='lat' dir='ltr'>referenS.</span> 
     </span>
     <span class='ocr_line' id='line_1_70' title="bbox 2268 2187 4222 2281; baseline 0.007 -27"><span class='ocrx_word' id='word_1_493' title='bbox 2268 2187 2499 2271; x_wconf 78' lang='lat' dir='ltr'>Quum</span> <span class='ocrx_word' id='word_1_494' title='bbox 2540 2191 2761 2275; x_wconf 87' lang='lat' dir='ltr'>itaque</span> <span class='ocrx_word' id='word_1_495' title='bbox 2805 2194 3026 2274; x_wconf 88' lang='lat' dir='ltr'>illum,</span> <span class='ocrx_word' id='word_1_496' title='bbox 3071 2205 3146 2261; x_wconf 91' lang='lat' dir='ltr'>ut</span> <span class='ocrx_word' id='word_1_497' title='bbox 3188 2196 3379 2275; x_wconf 91' lang='lat' dir='ltr'>sole0,</span> <span class='ocrx_word' id='word_1_498' title='bbox 3427 2197 3552 2264; x_wconf 89' lang='lat' dir='ltr'>hac</span> <span class='ocrx_word' id='word_1_499' title='bbox 3599 2202 4002 2281; x_wconf 87' lang='lat' dir='ltr'>praeteriens</span> <span class='ocrx_word' id='word_1_500' title='bbox 4045 2200 4222 2267; x_wconf 86' lang='lat' dir='ltr'>salu-</span> 
     </span>
     <span class='ocr_line' id='line_1_71' title="bbox 2266 2279 4220 2366; baseline 0.006 -24"><span class='ocrx_word' id='word_1_501' title='bbox 2266 2284 2530 2355; x_wconf 65' lang='lat' dir='ltr'>tamem,</span> <span class='ocrx_word' id='word_1_502' title='bbox 2575 2279 2988 2345; x_wconf 83' lang='lat' dir='ltr'>renunciavit</span> <span class='ocrx_word' id='word_1_503' title='bbox 3028 2281 3196 2345; x_wconf 91' lang='lat' dir='ltr'>mihi</span> <span class='ocrx_word' id='word_1_504' title='bbox 3239 2281 3400 2348; x_wconf 90' lang='lat' dir='ltr'>duos</span> <span class='ocrx_word' id='word_1_505' title='bbox 3443 2285 3746 2350; x_wconf 85' lang='lat' dir='ltr'>concives</span> <span class='ocrx_word' id='word_1_506' title='bbox 3801 2294 3981 2366; x_wconf 86' lang='lat' dir='ltr'>tuos,</span> <span class='ocrx_word' id='word_1_507' title='bbox 4037 2288 4220 2353; x_wconf 85' lang='lat' dir='ltr'>viros</span> 
     </span>
     <span class='ocr_line' id='line_1_72' title="bbox 2265 2364 4223 2456; baseline 0.006 -30"><span class='ocrx_word' id='word_1_508' title='bbox 2265 2381 2507 2445; x_wconf 82' lang='lat' dir='ltr'>graves</span> <span class='ocrx_word' id='word_1_509' title='bbox 2549 2372 2615 2427; x_wconf 87' lang='lat' dir='ltr'>et</span> <span class='ocrx_word' id='word_1_510' title='bbox 2656 2364 2890 2443; x_wconf 89' lang='lat' dir='ltr'>bones,</span> <span class='ocrx_word' id='word_1_511' title='bbox 2950 2365 3167 2431; x_wconf 88' lang='lat' dir='ltr'>studio</span> <span class='ocrx_word' id='word_1_512' title='bbox 3222 2368 3489 2450; x_wconf 89' lang='lat' dir='ltr'>pietatis</span> <span class='ocrx_word' id='word_1_513' title='bbox 3530 2390 3695 2448; x_wconf 89' lang='lat' dir='ltr'>cras,</span> <span class='ocrx_word' id='word_1_514' title='bbox 3753 2381 3869 2436; x_wconf 87' lang='lat' dir='ltr'>aut</span> <span class='ocrx_word' id='word_1_515' title='bbox 3910 2371 4223 2456; x_wconf 88' lang='lat' dir='ltr'>perendie</span> 
     </span>
     <span class='ocr_line' id='line_1_73' title="bbox 2265 2445 4220 2539; baseline 0.006 -27"><span class='ocrx_word' id='word_1_516' title='bbox 2265 2445 2350 2512; x_wconf 89' lang='lat' dir='ltr'>ad</span> <span class='ocrx_word' id='word_1_517' title='bbox 2390 2467 2741 2527; x_wconf 89' lang='lat' dir='ltr'>summum,</span> <span class='ocrx_word' id='word_1_518' title='bbox 2785 2449 2869 2514; x_wconf 88' lang='lat' dir='ltr'>ad</span> <span class='ocrx_word' id='word_1_519' title='bbox 2913 2458 2980 2515; x_wconf 89' lang='lat' dir='ltr'>te</span> <span class='ocrx_word' id='word_1_520' title='bbox 3022 2452 3136 2517; x_wconf 88' lang='lat' dir='ltr'>ire.</span> <span class='ocrx_word' id='word_1_521' title='bbox 3202 2453 3349 2539; x_wconf 83' lang='lat' dir='ltr'>Ego</span> <span class='ocrx_word' id='word_1_522' title='bbox 3393 2466 3691 2520; x_wconf 89' lang='lat' dir='ltr'>ocreatus</span> <span class='ocrx_word' id='word_1_523' title='bbox 3731 2455 3905 2523; x_wconf 91' lang='lat' dir='ltr'>illico</span> <span class='ocrx_word' id='word_1_524' title='bbox 3950 2459 4020 2522; x_wconf 93' lang='lat' dir='ltr'>in</span> <span class='ocrx_word' id='word_1_525' title='bbox 4063 2457 4220 2524; x_wconf 58' lang='lat' dir='ltr'>hes*-</span> 
     </span>
     <span class='ocr_line' id='line_1_74' title="bbox 2267 2533 4221 2625; baseline 0.007 -28"><span class='ocrx_word' id='word_1_526' title='bbox 2267 2533 2425 2615; x_wconf 78' lang='lat' dir='ltr'>pitio</span> <span class='ocrx_word' id='word_1_527' title='bbox 2491 2543 2754 2618; x_wconf 86' lang='lat' dir='ltr'>arrepto</span> <span class='ocrx_word' id='word_1_528' title='bbox 2821 2535 3098 2616; x_wconf 86' lang='lat' dir='ltr'>calamo,</span> <span class='ocrx_word' id='word_1_529' title='bbox 3175 2536 3325 2603; x_wconf 82' lang='lat' dir='ltr'>dato</span> <span class='ocrx_word' id='word_1_530' title='bbox 3391 2548 3505 2605; x_wconf 90' lang='lat' dir='ltr'>aut</span> <span class='ocrx_word' id='word_1_531' title='bbox 3577 2562 3962 2625; x_wconf 88' lang='lat' dir='ltr'>quocunque</span> <span class='ocrx_word' id='word_1_532' title='bbox 4025 2543 4221 2611; x_wconf 90' lang='lat' dir='ltr'>modo</span> 
     </span>
     <span class='ocr_line' id='line_1_75' title="bbox 2267 2620 4221 2712; baseline 0.007 -29"><span class='ocrx_word' id='word_1_533' title='bbox 2267 2620 2561 2702; x_wconf 90' lang='lat' dir='ltr'>quaesito</span> <span class='ocrx_word' id='word_1_534' title='bbox 2604 2629 2991 2705; x_wconf 88' lang='lat' dir='ltr'>argumento</span> <span class='ocrx_word' id='word_1_535' title='bbox 3010 2673 3024 2698; x_wconf 91' lang='lat'>,</span> <span class='ocrx_word' id='word_1_536' title='bbox 3090 2625 3487 2690; x_wconf 89' lang='lat' dir='ltr'>occasionem</span> <span class='ocrx_word' id='word_1_537' title='bbox 3548 2626 3874 2693; x_wconf 89' lang='lat' dir='ltr'>scribendi</span> <span class='ocrx_word' id='word_1_538' title='bbox 3933 2640 4221 2712; x_wconf 87' lang='lat' dir='ltr'>praeter-</span> 
     </span>
     <span class='ocr_line' id='line_1_76' title="bbox 2265 2704 4222 2798; baseline 0.007 -31"><span class='ocrx_word' id='word_1_539' title='bbox 2265 2704 2530 2769; x_wconf 89' lang='lat' dir='ltr'>mittere</span> <span class='ocrx_word' id='word_1_540' title='bbox 2569 2727 2700 2770; x_wconf 92' lang='lat' dir='ltr'>non</span> <span class='ocrx_word' id='word_1_541' title='bbox 2738 2708 2938 2789; x_wconf 86' lang='lat' dir='ltr'>potui.</span> <span class='ocrx_word' id='word_1_542' title='bbox 3005 2708 3290 2792; x_wconf 88' lang='lat' dir='ltr'>Reliqua</span> <span class='ocrx_word' id='word_1_543' title='bbox 3322 2717 3394 2774; x_wconf 87' lang='lat' dir='ltr'>tu</span> <span class='ocrx_word' id='word_1_544' title='bbox 3431 2733 3512 2775; x_wconf 89' lang='lat' dir='ltr'>cx</span> <span class='ocrx_word' id='word_1_545' title='bbox 3550 2715 4011 2796; x_wconf 87' lang='lat' dir='ltr'>superioribus,</span> <span class='ocrx_word' id='word_1_546' title='bbox 4057 2733 4222 2798; x_wconf 83' lang='lat' dir='ltr'>quas</span> 
     </span>
     <span class='ocr_line' id='line_1_77' title="bbox 2265 2795 4223 2884; baseline 0.006 -30"><span class='ocrx_word' id='word_1_547' title='bbox 2265 2811 2384 2873; x_wconf 90' lang='lat' dir='ltr'>per</span> <span class='ocrx_word' id='word_1_548' title='bbox 2428 2800 2821 2858; x_wconf 88' lang='lat' dir='ltr'>mercatores</span> <span class='ocrx_word' id='word_1_549' title='bbox 2862 2803 3186 2860; x_wconf 87' lang='lat' dir='ltr'>nostrates</span> <span class='ocrx_word' id='word_1_550' title='bbox 3230 2795 3559 2878; x_wconf 85' lang='lat' dir='ltr'>Lugduno</span> <span class='ocrx_word' id='word_1_551' title='bbox 3604 2798 3687 2863; x_wconf 87' lang='lat' dir='ltr'>ad</span> <span class='ocrx_word' id='word_1_552' title='bbox 3724 2809 3789 2863; x_wconf 84' lang='lat' dir='ltr'>te</span> <span class='ocrx_word' id='word_1_553' title='bbox 3825 2799 3992 2880; x_wconf 91' lang='lat' dir='ltr'>dedi,</span> <span class='ocrx_word' id='word_1_554' title='bbox 4013 2806 4072 2884; x_wconf 81' lang='lat'>⁴)</span> <span class='ocrx_word' id='word_1_555' title='bbox 4117 2801 4223 2866; x_wconf 91' lang='lat' dir='ltr'>in-</span> 
     </span>
     <span class='ocr_line' id='line_1_78' title="bbox 2265 2875 4224 2965; baseline 0.006 -26"><span class='ocrx_word' id='word_1_556' title='bbox 2265 2875 2543 2961; x_wconf 88' lang='lat' dir='ltr'>telliges.</span> <span class='ocrx_word' id='word_1_557' title='bbox 2631 2877 2742 2942; x_wconf 85' lang='lat' dir='ltr'>Ex</span> <span class='ocrx_word' id='word_1_558' title='bbox 2784 2877 2891 2944; x_wconf 89' lang='lat' dir='ltr'>his</span> <span class='ocrx_word' id='word_1_559' title='bbox 2925 2879 3049 2946; x_wconf 90' lang='lat' dir='ltr'>hoc</span> <span class='ocrx_word' id='word_1_560' title='bbox 3083 2880 3300 2946; x_wconf 90' lang='lat' dir='ltr'>solum</span> <span class='ocrx_word' id='word_1_561' title='bbox 3343 2901 3713 2965; x_wconf 80' lang='lat' dir='ltr'>cognosces,</span> <span class='ocrx_word' id='word_1_562' title='bbox 3759 2886 3854 2949; x_wconf 85' lang='lat' dir='ltr'>ita</span> <span class='ocrx_word' id='word_1_563' title='bbox 3899 2885 4224 2952; x_wconf 87' lang='lat' dir='ltr'>haetenus</span> 
     </span>
     <span class='ocr_line' id='line_1_79' title="bbox 2265 2962 4223 3044; baseline 0.006 -18"><span class='ocrx_word' id='word_1_564' title='bbox 2265 2962 2434 3027; x_wconf 83' lang='lat' dir='ltr'>mibi</span> <span class='ocrx_word' id='word_1_565' title='bbox 2492 2962 2672 3028; x_wconf 86' lang='lat' dir='ltr'>aliud</span> <span class='ocrx_word' id='word_1_566' title='bbox 2728 2984 2812 3028; x_wconf 89' lang='lat' dir='ltr'>ex</span> <span class='ocrx_word' id='word_1_567' title='bbox 2869 2964 2997 3030; x_wconf 84' lang='lat' dir='ltr'>alio</span> <span class='ocrx_word' id='word_1_568' title='bbox 3054 2966 3389 3044; x_wconf 89' lang='lat' dir='ltr'>incidisse,</span> <span class='ocrx_word' id='word_1_569' title='bbox 3455 2978 3530 3032; x_wconf 90' lang='lat' dir='ltr'>ut</span> <span class='ocrx_word' id='word_1_570' title='bbox 3572 2977 3742 3034; x_wconf 85' lang='lat' dir='ltr'>totos</span> <span class='ocrx_word' id='word_1_571' title='bbox 3797 2991 3917 3035; x_wconf 89' lang='lat' dir='ltr'>sex</span> <span class='ocrx_word' id='word_1_572' title='bbox 3959 2992 4223 3039; x_wconf 89' lang='lat' dir='ltr'>menses</span> 
     </span>
     <span class='ocr_line' id='line_1_80' title="bbox 2265 3049 4221 3139; baseline 0.006 -26"><span class='ocrx_word' id='word_1_573' title='bbox 2265 3049 2526 3132; x_wconf 90' lang='lat' dir='ltr'>quietus</span> <span class='ocrx_word' id='word_1_574' title='bbox 2569 3068 2703 3115; x_wconf 91' lang='lat' dir='ltr'>non</span> <span class='ocrx_word' id='word_1_575' title='bbox 2746 3050 3002 3131; x_wconf 90' lang='lat' dir='ltr'>fuerim,</span> <span class='ocrx_word' id='word_1_576' title='bbox 3049 3049 3165 3117; x_wconf 90' lang='lat' dir='ltr'>sed</span> <span class='ocrx_word' id='word_1_577' title='bbox 3208 3051 3354 3118; x_wconf 90' lang='lat' dir='ltr'>illos</span> <span class='ocrx_word' id='word_1_578' title='bbox 3404 3052 3533 3120; x_wconf 88' lang='lat' dir='ltr'>hue</span> <span class='ocrx_word' id='word_1_579' title='bbox 3577 3069 3772 3139; x_wconf 87' lang='lat' dir='ltr'>atque</span> <span class='ocrx_word' id='word_1_580' title='bbox 3814 3054 3969 3125; x_wconf 86' lang='lat' dir='ltr'>illuc</span> <span class='ocrx_word' id='word_1_581' title='bbox 4012 3058 4221 3125; x_wconf 88' lang='lat' dir='ltr'>cursi-</span> 
     </span>
     <span class='ocr_line' id='line_1_81' title="bbox 2265 3134 4220 3227; baseline 0.006 -28"><span class='ocrx_word' id='word_1_582' title='bbox 2265 3134 2469 3200; x_wconf 85' lang='lat' dir='ltr'>tando</span> <span class='ocrx_word' id='word_1_583' title='bbox 2513 3136 2869 3221; x_wconf 79' lang='lat' dir='ltr'>exegerim.</span> <span class='ocrx_word' id='word_1_584' title='bbox 2935 3137 3000 3203; x_wconf 92' lang='lat' dir='ltr'>N</span> <span class='ocrx_word' id='word_1_585' title='bbox 3002 3157 3088 3203; x_wconf 89' lang='lat' dir='ltr'>on</span> <span class='ocrx_word' id='word_1_586' title='bbox 3132 3136 3400 3207; x_wconf 86' lang='lat' dir='ltr'>omnino</span> <span class='ocrx_word' id='word_1_587' title='bbox 3435 3151 3660 3206; x_wconf 90' lang='lat' dir='ltr'>tamen</span> <span class='ocrx_word' id='word_1_588' title='bbox 3694 3141 3939 3227; x_wconf 81' lang='lat' dir='ltr'>absque</span> <span class='ocrx_word' id='word_1_589' title='bbox 3981 3143 4220 3223; x_wconf 80' lang='lat' dir='ltr'>fructu,</span> 
     </span>
     <span class='ocr_line' id='line_1_82' title="bbox 2270 3220 4223 3320; baseline 0.006 -35"><span class='ocrx_word' id='word_1_590' title='bbox 2270 3220 2371 3286; x_wconf 85' lang='lat' dir='ltr'>vel</span> <span class='ocrx_word' id='word_1_591' title='bbox 2430 3220 2563 3320; x_wconf 30' lang='lat' dir='ltr'>‘hoc</span> <span class='ocrx_word' id='word_1_592' title='bbox 2627 3222 2768 3289; x_wconf 92' lang='lat' dir='ltr'>selo</span> <span class='ocrx_word' id='word_1_593' title='bbox 2830 3223 2984 3307; x_wconf 88' lang='lat' dir='ltr'>quia</span> <span class='ocrx_word' id='word_1_594' title='bbox 3037 3224 3405 3303; x_wconf 89' lang='lat' dir='ltr'>miseriam,</span> <span class='ocrx_word' id='word_1_595' title='bbox 3472 3236 3546 3291; x_wconf 87' lang='lat' dir='ltr'>ut</span> <span class='ocrx_word' id='word_1_596' title='bbox 3600 3227 3713 3292; x_wconf 88' lang='lat' dir='ltr'>ille</span> <span class='ocrx_word' id='word_1_597' title='bbox 3770 3228 4018 3306; x_wconf 87' lang='lat' dir='ltr'>aiebat,</span> <span class='ocrx_word' id='word_1_598' title='bbox 4085 3226 4223 3297; x_wconf 81' lang='lat' dir='ltr'>vidi</span> 
     </span>
     <span class='ocr_line' id='line_1_83' title="bbox 2264 3327 2644 3372; baseline 0.003 -1"><span class='ocrx_word' id='word_1_599' title='bbox 2264 3327 2644 3372; x_wconf 72' lang='lat' dir='ltr'>maximam.</span> 
     </span>
    </p>

    <p class='ocr_par' dir='ltr' id='par_1_17' title="bbox 2263 3392 4226 3823">
     <span class='ocr_line' id='line_1_84' title="bbox 2438 3392 4225 3481; baseline 0.005 -25"><span class='ocrx_word' id='word_1_600' title='bbox 2438 3392 2532 3456; x_wconf 88' lang='lat' dir='ltr'>Et</span> <span class='ocrx_word' id='word_1_601' title='bbox 2589 3401 2662 3458; x_wconf 87' lang='lat' dir='ltr'>tu</span> <span class='ocrx_word' id='word_1_602' title='bbox 2719 3393 2948 3460; x_wconf 89' lang='lat' dir='ltr'>scribis</span> <span class='ocrx_word' id='word_1_603' title='bbox 3003 3395 3414 3461; x_wconf 80' lang='lat' dir='ltr'>venerandos</span> <span class='ocrx_word' id='word_1_604' title='bbox 3460 3403 3685 3480; x_wconf 86' lang='lat' dir='ltr'>patres</span> <span class='ocrx_word' id='word_1_605' title='bbox 3737 3398 4035 3481; x_wconf 88' lang='lat' dir='ltr'>quintam</span> <span class='ocrx_word' id='word_1_606' title='bbox 4088 3399 4225 3466; x_wconf 88' lang='lat' dir='ltr'>iam</span> 
     </span>
     <span class='ocr_line' id='line_1_85' title="bbox 2263 3478 4225 3563; baseline 0.004 -20"><span class='ocrx_word' id='word_1_607' title='bbox 2263 3478 2622 3543; x_wconf 88' lang='lat' dir='ltr'>sessionem</span> <span class='ocrx_word' id='word_1_608' title='bbox 2666 3499 3027 3563; x_wconf 79' lang='lat' dir='ltr'>aggressos,</span> <span class='ocrx_word' id='word_1_609' title='bbox 3047 3482 3108 3558; x_wconf 57' lang='grc' dir='ltr'>ὅ)</span> <span class='ocrx_word' id='word_1_610' title='bbox 3152 3502 3274 3547; x_wconf 90' lang='lat' dir='ltr'>nos</span> <span class='ocrx_word' id='word_1_611' title='bbox 3314 3502 3472 3548; x_wconf 87' lang='lat' dir='ltr'>vere</span> <span class='ocrx_word' id='word_1_612' title='bbox 3506 3503 3707 3548; x_wconf 89' lang='lat' dir='ltr'>unam</span> <span class='ocrx_word' id='word_1_613' title='bbox 3743 3491 3810 3549; x_wconf 90' lang='lat' dir='ltr'>et</span> <span class='ocrx_word' id='word_1_614' title='bbox 3844 3484 4028 3553; x_wconf 86' lang='lat' dir='ltr'>illam</span> <span class='ocrx_word' id='word_1_615' title='bbox 4119 3506 4225 3551; x_wconf 87' lang='lat' dir='ltr'>er-</span> 
     </span>
     <span class='ocr_line' id='line_1_86' title="bbox 2263 3565 4224 3652; baseline 0.005 -25"><span class='ocrx_word' id='word_1_616' title='bbox 2263 3572 2533 3646; x_wconf 87' lang='lat' dir='ltr'>petuam</span> <span class='ocrx_word' id='word_1_617' title='bbox 2577 3565 2901 3642; x_wconf 87' lang='lat' dir='ltr'>meditari,</span> <span class='ocrx_word' id='word_1_618' title='bbox 2946 3587 3150 3648; x_wconf 90' lang='lat' dir='ltr'>quum</span> <span class='ocrx_word' id='word_1_619' title='bbox 3185 3570 3469 3633; x_wconf 89' lang='lat' dir='ltr'>maxime</span> <span class='ocrx_word' id='word_1_620' title='bbox 3514 3588 3635 3652; x_wconf 89' lang='lat' dir='ltr'>ego</span> <span class='ocrx_word' id='word_1_621' title='bbox 3677 3570 4022 3635; x_wconf 90' lang='lat' dir='ltr'>motoriam</span> <span class='ocrx_word' id='word_1_622' title='bbox 4115 3591 4224 3637; x_wconf 86' lang='lat' dir='ltr'>ac·-</span> 
     </span>
     <span class='ocr_line' id='line_1_87' title="bbox 2265 3651 4224 3740; baseline 0.005 -28"><span class='ocrx_word' id='word_1_623' title='bbox 2265 3663 2461 3715; x_wconf 88' lang='lat' dir='ltr'>tenus</span> <span class='ocrx_word' id='word_1_624' title='bbox 2495 3652 2762 3734; x_wconf 78' lang='lat' dir='ltr'>egerim.</span> <span class='ocrx_word' id='word_1_625' title='bbox 2819 3651 3034 3716; x_wconf 87' lang='lat' dir='ltr'>Extra</span> <span class='ocrx_word' id='word_1_626' title='bbox 3066 3652 3310 3719; x_wconf 89' lang='lat' dir='ltr'>iocum:</span> <span class='ocrx_word' id='word_1_627' title='bbox 3356 3652 3536 3718; x_wconf 86' lang='lat' dir='ltr'>aliud</span> <span class='ocrx_word' id='word_1_628' title='bbox 3571 3652 3738 3719; x_wconf 89' lang='lat' dir='ltr'>nihil</span> <span class='ocrx_word' id='word_1_629' title='bbox 3774 3655 3986 3740; x_wconf 87' lang='lat' dir='ltr'>cogito</span> <span class='ocrx_word' id='word_1_630' title='bbox 4022 3676 4224 3739; x_wconf 88' lang='lat' dir='ltr'>quam</span> 
     </span>
     <span class='ocr_line' id='line_1_88' title="bbox 2264 3736 4226 3823; baseline 0.006 -25"><span class='ocrx_word' id='word_1_631' title='bbox 2264 3755 2399 3814; x_wconf 87' lang='lat' dir='ltr'>vos,</span> <span class='ocrx_word' id='word_1_632' title='bbox 2445 3756 2566 3800; x_wconf 87' lang='lat' dir='ltr'>vos</span> <span class='ocrx_word' id='word_1_633' title='bbox 2607 3736 2881 3820; x_wconf 90' lang='lat' dir='ltr'>suspiro.</span> <span class='ocrx_word' id='word_1_634' title='bbox 2970 3737 3331 3805; x_wconf 88' lang='lat' dir='ltr'>Vobiscum</span> <span class='ocrx_word' id='word_1_635' title='bbox 3373 3758 3495 3823; x_wconf 90' lang='lat' dir='ltr'>ego</span> <span class='ocrx_word' id='word_1_636' title='bbox 3532 3760 3636 3804; x_wconf 91' lang='lat' dir='ltr'>me</span> <span class='ocrx_word' id='word_1_637' title='bbox 3670 3739 3939 3819; x_wconf 86' lang='lat' dir='ltr'>oblecto,</span> <span class='ocrx_word' id='word_1_638' title='bbox 3986 3741 4226 3809; x_wconf 87' lang='lat' dir='ltr'>absens</span> 
     </span>
    </p>

    <p class='ocr_par' dir='ltr' id='par_1_18' title="bbox 2263 3824 4225 4339">
     <span class='ocr_line' id='line_1_89' title="bbox 2313 3824 4223 3902; baseline 0.005 -18"><span class='ocrx_word' id='word_1_639' title='bbox 2313 3842 2574 3886; x_wconf 86' lang='lat' dir='ltr'>raesens</span> <span class='ocrx_word' id='word_1_640' title='bbox 2651 3842 2827 3902; x_wconf 89' lang='lat' dir='ltr'>sum,</span> <span class='ocrx_word' id='word_1_641' title='bbox 2909 3824 3172 3889; x_wconf 88' lang='lat' dir='ltr'>tametsi</span> <span class='ocrx_word' id='word_1_642' title='bbox 3238 3825 3344 3890; x_wconf 88' lang='lat' dir='ltr'>his</span> <span class='ocrx_word' id='word_1_643' title='bbox 3421 3824 3585 3889; x_wconf 88' lang='lat' dir='ltr'>mihi</span> <span class='ocrx_word' id='word_1_644' title='bbox 3662 3848 3798 3890; x_wconf 94' lang='lat' dir='ltr'>non</span> <span class='ocrx_word' id='word_1_645' title='bbox 3875 3827 4223 3895; x_wconf 82' lang='lat' dir='ltr'>satisfacio.</span> 
     </span>
     <span class='ocr_line' id='line_1_90' title="bbox 2263 3842 4225 3990; baseline 0.004 -18"><span class='ocrx_word' id='word_1_646' title='bbox 2263 3842 2470 3972; x_wconf 41' lang='lat' dir='ltr'>{exit</span> <span class='ocrx_word' id='word_1_647' title='bbox 2511 3906 2838 3973; x_wconf 91' lang='lat' dir='ltr'>Dominus</span> <span class='ocrx_word' id='word_1_648' title='bbox 2882 3918 3107 3975; x_wconf 88' lang='lat' dir='ltr'>noster</span> <span class='ocrx_word' id='word_1_649' title='bbox 3148 3909 3337 3977; x_wconf 91' lang='lat' dir='ltr'>Iesus</span> <span class='ocrx_word' id='word_1_650' title='bbox 3396 3923 3470 3975; x_wconf 88' lang='lat' dir='ltr'>ut</span> <span class='ocrx_word' id='word_1_651' title='bbox 3511 3932 3650 3990; x_wconf 90' lang='lat' dir='ltr'>me,</span> <span class='ocrx_word' id='word_1_652' title='bbox 3714 3933 3863 3977; x_wconf 89' lang='lat' dir='ltr'>eum</span> <span class='ocrx_word' id='word_1_653' title='bbox 3910 3912 4225 3979; x_wconf 86' lang='lat' dir='ltr'>uxorcula</span> 
     </span>
     <span class='ocr_line' id='line_1_91' title="bbox 2264 3992 4225 4080; baseline 0.006 -24"><span class='ocrx_word' id='word_1_654' title='bbox 2264 4002 2332 4057; x_wconf 91' lang='lat' dir='ltr'>et</span> <span class='ocrx_word' id='word_1_655' title='bbox 2375 3992 2578 4057; x_wconf 87' lang='lat' dir='ltr'>filiola</span> <span class='ocrx_word' id='word_1_656' title='bbox 2619 3995 2934 4061; x_wconf 89' lang='lat' dir='ltr'>consociis</span> <span class='ocrx_word' id='word_1_657' title='bbox 2978 3997 3222 4073; x_wconf 89' lang='lat' dir='ltr'>crucis,</span> <span class='ocrx_word' id='word_1_658' title='bbox 3284 3998 3469 4062; x_wconf 85' lang='lat' dir='ltr'>vobis</span> <span class='ocrx_word' id='word_1_659' title='bbox 3513 3995 3695 4062; x_wconf 81' lang='lat' dir='ltr'>brevi</span> <span class='ocrx_word' id='word_1_660' title='bbox 3741 3997 3947 4063; x_wconf 83' lang='lat' dir='ltr'>sistat.</span> <span class='ocrx_word' id='word_1_661' title='bbox 4038 3996 4225 4080; x_wconf 77' lang='lat' dir='ltr'>Quas</span> 
     </span>
     <span class='ocr_line' id='line_1_92' title="bbox 2264 4078 4223 4162; baseline 0.004 -19"><span class='ocrx_word' id='word_1_662' title='bbox 2264 4078 2727 4162; x_wconf 86' lang='lat' dir='ltr'>ego-precibus</span> <span class='ocrx_word' id='word_1_663' title='bbox 2762 4081 2915 4159; x_wconf 86' lang='lat' dir='ltr'>tuis,</span> <span class='ocrx_word' id='word_1_664' title='bbox 2954 4083 3056 4149; x_wconf 82' lang='lat' dir='ltr'>vir</span> <span class='ocrx_word' id='word_1_665' title='bbox 3089 4082 3517 4153; x_wconf 87' lang='lat' dir='ltr'>sanctissime.</span> <span class='ocrx_word' id='word_1_666' title='bbox 3566 4082 3966 4150; x_wconf 85' lang='lat' dir='ltr'>commende.</span> <span class='ocrx_word' id='word_1_667' title='bbox 4033 4085 4223 4151; x_wconf 90' lang='lat' dir='ltr'>Bene</span> 
     </span>
     <span class='ocr_line' id='line_1_93' title="bbox 2265 4163 4219 4250; baseline 0.004 -22"><span class='ocrx_word' id='word_1_668' title='bbox 2265 4163 2431 4229; x_wconf 80' lang='lat' dir='ltr'>vale.</span> <span class='ocrx_word' id='word_1_669' title='bbox 2516 4164 2944 4248; x_wconf 88' lang='lat' dir='ltr'>Perpropere.</span> <span class='ocrx_word' id='word_1_670' title='bbox 3032 4168 3140 4232; x_wconf 87' lang='lat' dir='ltr'>Ex</span> <span class='ocrx_word' id='word_1_671' title='bbox 3177 4168 3459 4250; x_wconf 88' lang='lat' dir='ltr'>hospitio</span> <span class='ocrx_word' id='word_1_672' title='bbox 3503 4169 3682 4234; x_wconf 84' lang='lat' dir='ltr'>urbis</span> <span class='ocrx_word' id='word_1_673' title='bbox 3725 4170 4041 4235; x_wconf 85' lang='lat' dir='ltr'>nutritiae</span> <span class='ocrx_word' id='word_1_674' title='bbox 4083 4168 4219 4235; x_wconf 88' lang='lat' dir='ltr'>No·</span> 
     </span>
     <span class='ocr_line' id='line_1_94' title="bbox 2268 4249 4217 4339; baseline 0.004 -25"><span class='ocrx_word' id='word_1_675' title='bbox 2268 4249 2564 4329; x_wconf 84' lang='lat' dir='ltr'>vioduni,</span> <span class='ocrx_word' id='word_1_676' title='bbox 2601 4252 2668 4315; x_wconf 92' lang='lat' dir='ltr'>in</span> <span class='ocrx_word' id='word_1_677' title='bbox 2707 4253 2981 4317; x_wconf 91' lang='lat' dir='ltr'>summis</span> <span class='ocrx_word' id='word_1_678' title='bbox 3016 4252 3170 4317; x_wconf 88' lang='lat' dir='ltr'>Iulii</span> <span class='ocrx_word' id='word_1_679' title='bbox 3204 4252 3547 4334; x_wconf 89' lang='lat' dir='ltr'>caloribus,</span> <span class='ocrx_word' id='word_1_680' title='bbox 3586 4252 3966 4320; x_wconf 89' lang='lat' dir='ltr'>duodecima</span> <span class='ocrx_word' id='word_1_681' title='bbox 3986 4256 4217 4339; x_wconf 81' lang='lat' dir='ltr'>ipsius.</span> 
     </span>
    </p>

    <p class='ocr_par' dir='ltr' id='par_1_19' title="bbox 2261 4335 4222 4680">
     <span class='ocr_line' id='line_1_95' title="bbox 2439 4335 4215 4423; baseline 0.002 -21"><span class='ocrx_word' id='word_1_682' title='bbox 2439 4335 2774 4402; x_wconf 84' lang='lat' dir='ltr'>Salutabis</span> <span class='ocrx_word' id='word_1_683' title='bbox 2817 4339 3267 4423; x_wconf 83' lang='lat' dir='ltr'>singularibus</span> <span class='ocrx_word' id='word_1_684' title='bbox 3299 4337 3517 4406; x_wconf 82' lang='lat' dir='ltr'>verbis</span> <span class='ocrx_word' id='word_1_685' title='bbox 3552 4339 3823 4406; x_wconf 83' lang='lat' dir='ltr'>fratrem</span> <span class='ocrx_word' id='word_1_686' title='bbox 3846 4342 4215 4421; x_wconf 77' lang='lat' dir='ltr'>Antonium,</span> 
     </span>
     <span class='ocr_line' id='line_1_96' title="bbox 2268 4422 4222 4504; baseline 0.004 -18"><span class='ocrx_word' id='word_1_687' title='bbox 2268 4422 2606 4487; x_wconf 80' lang='lat' dir='ltr'>Nicolaum</span> <span class='ocrx_word' id='word_1_688' title='bbox 2648 4433 2966 4504; x_wconf 88' lang='lat' dir='ltr'>nostrum,</span> <span class='ocrx_word' id='word_1_689' title='bbox 3009 4422 3162 4490; x_wconf 91' lang='lat' dir='ltr'>DD.</span> <span class='ocrx_word' id='word_1_690' title='bbox 3208 4424 3565 4504; x_wconf 76' lang='lat' dir='ltr'>Gelasium,</span> <span class='ocrx_word' id='word_1_691' title='bbox 3609 4447 3651 4489; x_wconf 86' lang='lat' dir='ltr'>a</span> <span class='ocrx_word' id='word_1_692' title='bbox 3689 4424 3916 4491; x_wconf 78' lang='lat' dir='ltr'>Sancto</span> <span class='ocrx_word' id='word_1_693' title='bbox 3937 4426 4222 4504; x_wconf 69' lang='lat' dir='ltr'>Andron,</span> 
     </span>
     <span class='ocr_line' id='line_1_97' title="bbox 2264 4507 4220 4597; baseline 0.003 -25"><span class='ocrx_word' id='word_1_694' title='bbox 2264 4507 2663 4588; x_wconf 74' lang='grc' dir='ltr'>Μαῖἀωιαᾶε,</span> <span class='ocrx_word' id='word_1_695' title='bbox 2704 4520 2772 4573; x_wconf 88' lang='lat' dir='ltr'>et</span> <span class='ocrx_word' id='word_1_696' title='bbox 2814 4531 3057 4575; x_wconf 81' lang='lat' dir='ltr'>novum</span> <span class='ocrx_word' id='word_1_697' title='bbox 3102 4511 3387 4578; x_wconf 88' lang='lat' dir='ltr'>incolam</span> <span class='ocrx_word' id='word_1_698' title='bbox 3432 4518 3759 4589; x_wconf 83' lang='lat' dir='ltr'>vestrum,</span> <span class='ocrx_word' id='word_1_699' title='bbox 3816 4532 4036 4577; x_wconf 86' lang='lat' dir='ltr'>meum</span> <span class='ocrx_word' id='word_1_700' title='bbox 4080 4512 4220 4597; x_wconf 86' lang='lat' dir='ltr'>Py-</span> 
     </span>
     <span class='ocr_line' id='line_1_98' title="bbox 2261 4591 4220 4680; baseline 0.003 -23"><span class='ocrx_word' id='word_1_701' title='bbox 2261 4591 2512 4670; x_wconf 85' lang='lat' dir='ltr'>ladem,</span> <span class='ocrx_word' id='word_1_702' title='bbox 2578 4593 2880 4660; x_wconf 75' lang='lat' dir='ltr'>Picatum.</span> <span class='ocrx_word' id='word_1_703' title='bbox 2906 4597 2962 4678; x_wconf 76' lang='grc'>6)</span> <span class='ocrx_word' id='word_1_704' title='bbox 3062 4596 3320 4663; x_wconf 85' lang='lat' dir='ltr'>Uxores</span> <span class='ocrx_word' id='word_1_705' title='bbox 3376 4618 3634 4676; x_wconf 89' lang='lat' dir='ltr'>omnes,</span> <span class='ocrx_word' id='word_1_706' title='bbox 3702 4597 4003 4680; x_wconf 90' lang='lat' dir='ltr'>inprimis</span> <span class='ocrx_word' id='word_1_707' title='bbox 4057 4617 4220 4663; x_wconf 87' lang='lat' dir='ltr'>vere</span> 
     </span>
    </p>
   </div>
   <div class='ocr_carea' id='block_1_15' title="bbox 2261 4751 2669 4762">
    <p class='ocr_par' dir='ltr' id='par_1_20' title="bbox 2261 4751 2669 4762">
     <span class='ocr_line' id='line_1_99' title="bbox 2261 4751 2669 4762; baseline 0 1413"><span class='ocrx_word' id='word_1_708' title='bbox 2261 4751 2669 4762; x_wconf 95' lang='lat' dir='ltr'> </span> 
     </span>
    </p>
   </div>
   <div class='ocr_carea' id='block_1_16' title="bbox 2462 4830 3964 4904">
    <p class='ocr_par' dir='ltr' id='par_1_21' title="bbox 2462 4830 3964 4904">
     <span class='ocr_line' id='line_1_100' title="bbox 2462 4830 3964 4904; baseline 0.002 -19"><span class='ocrx_word' id='word_1_709' title='bbox 2462 4830 2522 4900; x_wconf 83' lang='lat'>3)</span> <span class='ocrx_word' id='word_1_710' title='bbox 2561 4831 2763 4904; x_wconf 73' lang='lat' dir='ltr'>Noyon</span> <span class='ocrx_word' id='word_1_711' title='bbox 2795 4835 2859 4887; x_wconf 73' lang='lat' dir='ltr'>in</span> <span class='ocrx_word' id='word_1_712' title='bbox 2894 4833 3166 4890; x_wconf 70' lang='lat' dir='ltr'>Picarde&#39;a</span> <span class='ocrx_word' id='word_1_713' title='bbox 3200 4841 3252 4890; x_wconf 79' lang='lat' dir='ltr'>et</span> <span class='ocrx_word' id='word_1_714' title='bbox 3287 4835 3462 4891; x_wconf 71' lang='lat' dir='ltr'>Later.</span> <span class='ocrx_word' id='word_1_715' title='bbox 3500 4835 3569 4891; x_wconf 77' lang='lat' dir='ltr'>de</span> <span class='ocrx_word' id='word_1_716' title='bbox 3605 4832 3964 4890; x_wconf 62' lang='lat' dir='ltr'>Not-mendic.</span> 
     </span>
    </p>
   </div>
   <div class='ocr_carea' id='block_1_17' title="bbox 2260 4901 4224 5109">
    <p class='ocr_par' dir='ltr' id='par_1_22' title="bbox 2260 4901 4224 5109">
     <span class='ocr_line' id='line_1_101' title="bbox 2463 4901 4224 5092; baseline 0.003 -69"><span class='ocrx_word' id='word_1_717' title='bbox 2463 4901 2523 5092; x_wconf 58' lang='lat' dir='ltr'>g}</span> <span class='ocrx_word' id='word_1_718' title='bbox 2558 4901 2973 5042; x_wconf 48' lang='lat' dir='ltr'>ssqfflzssffla</span> <span class='ocrx_word' id='word_1_719' title='bbox 3007 4973 3231 5027; x_wconf 76' lang='lat' dir='ltr'>concilii</span> <span class='ocrx_word' id='word_1_720' title='bbox 3273 4972 3585 5028; x_wconf 70' lang='lat' dir='ltr'>Tridentini</span> <span class='ocrx_word' id='word_1_721' title='bbox 3625 4971 3893 5026; x_wconf 73' lang='lat' dir='ltr'>celebrata</span> <span class='ocrx_word' id='word_1_722' title='bbox 3926 4978 4006 5025; x_wconf 78' lang='lat' dir='ltr'>est</span> <span class='ocrx_word' id='word_1_723' title='bbox 4041 4970 4095 5027; x_wconf 83' lang='lat' dir='ltr'>d.</span> <span class='ocrx_word' id='word_1_724' title='bbox 4131 4971 4224 5028; x_wconf 73' lang='lat'>1⁷.</span> 
     </span>
     <span class='ocr_line' id='line_1_102' title="bbox 2260 5037 4220 5109; baseline 0.003 -17"><span class='ocrx_word' id='word_1_725' title='bbox 2260 5038 2422 5092; x_wconf 70' lang='lat' dir='ltr'>Iunii</span> <span class='ocrx_word' id='word_1_726' title='bbox 2459 5041 2477 5090; x_wconf 94' lang='lat' dir='ltr'>l</span> <span class='ocrx_word' id='word_1_727' title='bbox 2524 5037 2607 5092; x_wconf 78' lang='lat'>46.</span> <span class='ocrx_word' id='word_1_728' title='bbox 2678 5038 2882 5108; x_wconf 67' lang='lat' dir='ltr'>(Sami</span> <span class='ocrx_word' id='word_1_729' title='bbox 2906 5056 2964 5109; x_wconf 75' lang='lat' dir='ltr'>p.</span> <span class='ocrx_word' id='word_1_730' title='bbox 3002 5040 3119 5097; x_wconf 78' lang='lat'>32⁷.</span> <span class='ocrx_word' id='word_1_731' title='bbox 3206 5040 3448 5096; x_wconf 76' lang='lat' dir='ltr'>Steidan.</span> <span class='ocrx_word' id='word_1_732' title='bbox 3496 5040 3564 5094; x_wconf 89' lang='lat'>11.</span> <span class='ocrx_word' id='word_1_733' title='bbox 3616 5038 3737 5095; x_wconf 80' lang='grc'><strong>465.</strong></span> <span class='ocrx_word' id='word_1_734' title='bbox 3825 5040 3995 5109; x_wconf 70' lang='lat' dir='ltr'>Salia.</span> <span class='ocrx_word' id='word_1_735' title='bbox 4053 5039 4220 5098; x_wconf 73' lang='lat' dir='ltr'>Cone.</span> 
     </span>
    </p>
   </div>
   <div class='ocr_carea' id='block_1_18' title="bbox 2258 5106 4223 5454">
    <p class='ocr_par' dir='ltr' id='par_1_23' title="bbox 2259 5106 4110 5178">
     <span class='ocr_line' id='line_1_103' title="bbox 2259 5106 4110 5178; baseline 0 -16"><span class='ocrx_word' id='word_1_736' title='bbox 2259 5108 2388 5162; x_wconf 75' lang='lat' dir='ltr'>trid.</span> <span class='ocrx_word' id='word_1_737' title='bbox 2425 5107 2465 5161; x_wconf 93' lang='lat'>1.</span> <span class='ocrx_word' id='word_1_738' title='bbox 2501 5106 2619 5161; x_wconf 82' lang='lat'>480.</span> <span class='ocrx_word' id='word_1_739' title='bbox 2685 5108 2839 5163; x_wconf 77' lang='lat' dir='ltr'>Hinc</span> <span class='ocrx_word' id='word_1_740' title='bbox 2872 5127 3075 5164; x_wconf 78' lang='lat' dir='ltr'>annum</span> <span class='ocrx_word' id='word_1_741' title='bbox 3115 5113 3350 5178; x_wconf 74' lang='lat' dir='ltr'>scriptae</span> <span class='ocrx_word' id='word_1_742' title='bbox 3384 5111 3642 5178; x_wconf 74' lang='lat' dir='ltr'>epistolae</span> <span class='ocrx_word' id='word_1_743' title='bbox 3671 5108 3840 5175; x_wconf 77' lang='lat' dir='ltr'>facile</span> <span class='ocrx_word' id='word_1_744' title='bbox 3872 5108 4110 5177; x_wconf 71' lang='lat' dir='ltr'>definies.</span> 
     </span>
    </p>

    <p class='ocr_par' dir='ltr' id='par_1_24' title="bbox 2258 5175 4223 5454">
     <span class='ocr_line' id='line_1_104' title="bbox 2466 5175 4223 5246; baseline 0.002 -17"><span class='ocrx_word' id='word_1_745' title='bbox 2466 5175 2524 5246; x_wconf 81' lang='lat'>6)</span> <span class='ocrx_word' id='word_1_746' title='bbox 2624 5178 2742 5232; x_wconf 65' lang='lat' dir='ltr'>scol.</span> <span class='ocrx_word' id='word_1_747' title='bbox 2778 5176 2954 5241; x_wconf 70' lang='lat' dir='ltr'>Picot,</span> <span class='ocrx_word' id='word_1_748' title='bbox 2996 5178 3445 5233; x_wconf 74' lang='lat' dir='ltr'>Nom‘odunenst&#39;e</span> <span class='ocrx_word' id='word_1_749' title='bbox 3477 5194 3699 5232; x_wconf 74' lang='lat' dir='ltr'>uxorem</span> <span class='ocrx_word' id='word_1_750' title='bbox 3734 5178 3926 5234; x_wconf 69' lang='lat' dir='ltr'>mouit</span> <span class='ocrx_word' id='word_1_751' title='bbox 3965 5178 4223 5233; x_wconf 65' lang='lat' dir='ltr'>Gothori-</span> 
     </span>
     <span class='ocr_line' id='line_1_105' title="bbox 2258 5244 4220 5312; baseline 0.002 -13"><span class='ocrx_word' id='word_1_752' title='bbox 2258 5262 2388 5299; x_wconf 79' lang='lat' dir='ltr'>nam</span> <span class='ocrx_word' id='word_1_753' title='bbox 2428 5245 2510 5299; x_wconf 84' lang='lat' dir='ltr'>Le</span> <span class='ocrx_word' id='word_1_754' title='bbox 2547 5245 2701 5312; x_wconf 76' lang='lat' dir='ltr'>Fert,</span> <span class='ocrx_word' id='word_1_755' title='bbox 2735 5262 2974 5302; x_wconf 74' lang='lat' dir='ltr'>sororem</span> <span class='ocrx_word' id='word_1_756' title='bbox 3009 5250 3205 5300; x_wconf 63' lang='lat' dir='ltr'>nme</span> <span class='ocrx_word' id='word_1_757' title='bbox 3239 5249 3473 5302; x_wconf 66' lang='lat' dir='ltr'>Antonii</span> <span class='ocrx_word' id='word_1_758' title='bbox 3500 5248 3733 5301; x_wconf 77' lang='lat' dir='ltr'>Calvini.</span> <span class='ocrx_word' id='word_1_759' title='bbox 3767 5245 3840 5300; x_wconf 76' lang='lat' dir='ltr'>A.</span> <span class='ocrx_word' id='word_1_760' title='bbox 3876 5244 4010 5300; x_wconf 76' lang='lat'>1547</span> <span class='ocrx_word' id='word_1_761' title='bbox 4046 5247 4109 5301; x_wconf 76' lang='lat' dir='ltr'>in</span> <span class='ocrx_word' id='word_1_762' title='bbox 4142 5248 4220 5303; x_wconf 70' lang='lat' dir='ltr'>ci·</span> 
     </span>
     <span class='ocr_line' id='line_1_106' title="bbox 2259 5312 4220 5383; baseline 0.001 -15"><span class='ocrx_word' id='word_1_763' title='bbox 2259 5317 2408 5368; x_wconf 72' lang='lat' dir='ltr'>vium</span> <span class='ocrx_word' id='word_1_764' title='bbox 2433 5312 2828 5369; x_wconf 71' lang='lat' dir='ltr'>Genevenec&#39;um</span> <span class='ocrx_word' id='word_1_765' title='bbox 2852 5330 3133 5370; x_wconf 76' lang='lat' dir='ltr'>numerum</span> <span class='ocrx_word' id='word_1_766' title='bbox 3158 5324 3420 5383; x_wconf 77' lang='lat' dir='ltr'>receptus,</span> <span class='ocrx_word' id='word_1_767' title='bbox 3458 5314 3594 5368; x_wconf 87' lang='grc'><strong>1560</strong></span> <span class='ocrx_word' id='word_1_768' title='bbox 3619 5315 3870 5370; x_wconf 77' lang='lat' dir='ltr'>ducentis</span> <span class='ocrx_word' id='word_1_769' title='bbox 3902 5314 4092 5370; x_wconf 69' lang='lat' dir='ltr'>adseri</span> <span class='ocrx_word' id='word_1_770' title='bbox 4129 5323 4220 5370; x_wconf 70' lang='lat' dir='ltr'>tus</span> 
     </span>
     <span class='ocr_line' id='line_1_107' title="bbox 2259 5331 4218 5454; baseline 0.002 -17"><span class='ocrx_word' id='word_1_771' title='bbox 2259 5391 2339 5438; x_wconf 80' lang='lat' dir='ltr'>eet</span> <span class='ocrx_word' id='word_1_772' title='bbox 2371 5381 2607 5452; x_wconf 78' lang='lat' dir='ltr'>(Galiffe</span> <span class='ocrx_word' id='word_1_773' title='bbox 2641 5384 2740 5438; x_wconf 87' lang='lat'>111.</span> <span class='ocrx_word' id='word_1_774' title='bbox 2777 5382 2931 5449; x_wconf 79' lang='lat'>412).</span> <span class='ocrx_word' id='word_1_775' title='bbox 2998 5382 3090 5438; x_wconf 88' lang='lat' dir='ltr'>De</span> <span class='ocrx_word' id='word_1_776' title='bbox 3127 5383 3470 5439; x_wconf 71' lang='lat' dir='ltr'>Metaonade</span> <span class='ocrx_word' id='word_1_777' title='bbox 3512 5399 3689 5454; x_wconf 76' lang='lat' dir='ltr'>supra</span> <span class='ocrx_word' id='word_1_778' title='bbox 3732 5383 3935 5441; x_wconf 62' lang='lat' dir='ltr'>Mum</span> <span class='ocrx_word' id='word_1_779' title='bbox 3981 5331 4218 5440; x_wconf 54' lang='lat' dir='ltr'>Nsssw.</span> 
     </span>
    </p>
   </div>
   <div class='ocr_carea' id='block_1_19' title="bbox 3697 5466 3801 5523">
    <p class='ocr_par' dir='ltr' id='par_1_25' title="bbox 3697 5466 3801 5523">
     <span class='ocr_line' id='line_1_108' title="bbox 3697 5466 3801 5523; baseline 0.019 -2"><span class='ocrx_word' id='word_1_780' title='bbox 3697 5466 3801 5523; x_wconf 78' lang='lat'>23·</span> 
     </span>
    </p>
   </div>
  </div>
 </body>
</html>
