4825 6175
188 497 193 502 ·
238 450 313 515 21
1967 458 2130 523 1545
2171 453 2558 523 ῙΑΝῘΪΔΒ.Ἰ
4170 460 4259 529 22

239 636 406 702 Nam
450 637 612 719 quid
655 638 972 704 hactenus
1012 640 1377 721 profectum
1434 641 1521 705 sit
1564 640 1939 708 huiusmodi
1984 643 2192 726 scrip·

241 722 527 789 tionibus
546 774 564 803 ,
620 724 857 807 quibus
902 726 1355 791 contentiones
1409 728 1622 810 magis
1683 747 1993 793 accensae
2038 735 2194 793 sunt

238 815 303 874 et
343 809 587 892 quibus
643 830 763 874 nos
817 810 993 893 ipsos
1049 810 1338 877 fabulam
1392 811 1813 894 praebuimus
1870 814 2189 892 hostibus,

236 915 340 960 res
394 894 549 978 ipsa
601 895 762 963 satis
818 917 1141 980 superque
1199 896 1501 980 loquitur.
1604 897 1913 981 Optarim
1970 900 2191 982 itaque

236 1000 463 1046 omnes
510 980 883 1047 huiusmodi
925 984 1296 1048 occasiones
1338 982 1528 1049 nobis
1568 985 1785 1067 praeri
1834 986 1858 1048 i
1901 993 1969 1050 et
2005 985 2191 1068 peni-

237 1072 340 1131 tus
386 1065 614 1144 adimi,
659 1089 744 1133 ne
788 1088 969 1150 spem
1026 1067 1320 1134 hostibus
1375 1070 1719 1144 faciamus,
1808 1079 2075 1136 uturum
2118 1078 2194 1135 ut

236 1151 591 1234 aliquando
634 1155 875 1219 nostris
926 1155 1219 1236 ipsorum
1266 1154 1412 1221 telis
1454 1155 1968 1221 Madianitarum
2012 1177 2192 1221 more

236 1238 711 1318 confodiamur,
747 1247 816 1303 et
847 1241 1095 1304 mutuis
1129 1240 1545 1307 concidamus
1578 1242 1984 1308 vulneribus.
2040 1242 2193 1307 Non

236 1331 515 1408 possunt
560 1346 695 1390 non
729 1345 874 1390 esse
911 1324 1333 1391 vehementer
1366 1329 1622 1393 cruenti
1657 1329 1770 1393 isti
1804 1349 2193 1412 congressus

238 1411 411 1475 inter
456 1431 572 1476 eos
616 1410 730 1494 qui
772 1411 1047 1475 eandem
1091 1412 1474 1496 religionem
1519 1416 1934 1496 profitentur,
1979 1414 2048 1478 in
2093 1414 2192 1497 ip·

238 1498 326 1562 sis
362 1497 679 1562 ecclesiae
724 1495 1079 1563 visceribus
1114 1518 1190 1564 ac
1224 1507 1411 1564 tanta
1443 1511 1870 1564 externorum
1906 1498 2192 1565 hostium

237 1584 450 1649 turba.
547 1581 684 1648 Sed
729 1582 886 1666 quid
942 1604 1214 1667 agamus
1265 1585 1336 1650 in
1392 1594 1574 1649 tanta
1617 1585 2026 1668 quorundam
2068 1586 2193 1650 im-

238 1669 670 1754 portunitate,
715 1670 827 1752 qui
872 1669 1123 1734 malum
1177 1678 1508 1753 utcunque
1551 1672 1839 1755 sopitum
1882 1672 2192 1748 excitant,

240 1756 348 1906 gui
392 1756 566 1821 tales
612 1777 683 1821 se
735 1764 978 1839 gerunt
1032 1763 1109 1819 ut
1165 1756 1359 1821 silere
1416 1778 1545 1821 non
1601 1756 1972 1840 possimus?
2065 1758 2192 1821 Ar·

283 1841 654 1908 entissimis
699 1843 866 1907 votis
908 1841 977 1905 id
1023 1842 1209 1907 nobis
1246 1843 1414 1907 serio
1451 1853 1622 1908 esset
1665 1863 1704 1907 a
1727 1843 2009 1907 Domino
2046 1862 2191 1924 pos-

241 1926 564 2006 cendum,
622 1935 698 1992 ut
741 1926 1004 2011 linguas
1060 1938 1128 1992 et
1168 1928 1452 1993 calamos
1510 1949 1892 2012 cogeremur
1936 1936 2191 1993 tantum

235 2032 467 2078 acuere
533 2033 610 2082 ao
662 2014 990 2097 stringere
1043 2015 1109 2076 in
1158 2035 1268 2078 eos
1312 2014 1427 2097 qui
1470 2034 1540 2079 se
1583 2026 1841 2096 apertos
1885 2013 2193 2079 ecclesiae

234 2099 453 2166 hostes
501 2101 917 2183 profitentur,
962 2120 1096 2165 non
1134 2107 1355 2165 autem
1388 2101 1457 2165 in
1494 2120 1603 2165 eos
1642 2101 1755 2182 qui
1792 2120 2031 2165 nomen
2077 2099 2193 2164 ali·

237 2186 401 2268 quod
440 2187 741 2251 retinent
772 2186 842 2250 in
884 2186 1174 2260 ecclesia,
1220 2207 1627 2269 quorumque
1663 2185 2027 2251 ministerio
2062 2206 2192 2249 non

236 2272 612 2354 vulgariter
649 2272 916 2354 pietatis
972 2270 1191 2337 studia
1242 2280 1435 2336 aucta
1490 2279 1664 2336 sunt.
1756 2270 1891 2337 Sed
1935 2269 2192 2353 quando

236 2359 543 2424 veritatis
608 2357 1093 2441 suscipiendum
1172 2368 1272 2421 est
1331 2357 1793 2441 patrocinium,
1858 2356 2194 2422 silentium

238 2443 767 2527 abrumpendum
812 2451 943 2518 est,
1010 2464 1095 2507 ne
1153 2463 1231 2508 eo
1286 2443 1627 2508 ecclesiam
1686 2442 2050 2524 prodidisse
2095 2443 2192 2507 vi·

239 2529 533 2596 deamur.
605 2530 669 2595 N
671 2551 758 2595 on
793 2529 1007 2594 ausim
1036 2529 1242 2612 igitur
1273 2549 1490 2594 meam
1525 2529 1916 2594 sententiam
1953 2528 2194 2594 vestris

239 2637 570 2700 opponere
613 2613 918 2694 consiliis,
964 2634 1083 2680 nec
1119 2635 1158 2678 a
1199 2614 1384 2680 vobis
1426 2624 1818 2698 perpetuum
1863 2614 2193 2679 silentium

239 2702 577 2785 postulare
594 2751 608 2776 ,
665 2711 1009 2783 postquam
1063 2699 1258 2765 audio
1319 2700 1500 2765 vobis
1542 2700 1785 2765 iustam
1829 2721 1971 2765 esse
2014 2699 2193 2765 obla-

242 2795 372 2853 tam
438 2786 769 2854 scribendi
836 2787 1255 2852 occasionem.
1368 2786 1597 2869 Neque
1658 2787 1869 2851 ausim
1928 2806 2194 2851 rursum

242 2894 351 2939 vos
416 2872 780 2937 modestiae
847 2872 1226 2950 admonere,
1297 2891 1381 2936 ne
1445 2871 1809 2938 convicium
1876 2871 2194 2936 retalietis

240 2960 551 3035 conviciO,
588 2958 1110 3043 quandoquidem
1135 2978 1279 3022 eam
1313 2979 1430 3023 vos
1465 2966 1687 3023 vestra
1720 2966 1974 3039 sponte,
2010 2957 2193 3022 nullo

241 3045 587 3113 accedente
659 3044 1014 3122 monitore,
1081 3043 1282 3109 talem
1347 3063 1537 3126 spero
1602 3042 2049 3118 exhibituros.
2118 3051 2195 3108 ut

240 3152 428 3198 nemo
477 3152 617 3196 non
659 3131 867 3214 possit
908 3130 1200 3195 iudicare
1235 3135 1558 3212 quantum
1602 3150 1860 3194 moroso
1904 3131 2045 3195 seni
2081 3150 2192 3212 pe·

242 3218 611 3302 perceritis,
668 3236 990 3300 quamque
1042 3223 1266 3282 vestra
1319 3216 1632 3280 iuventus
1687 3223 2050 3297 temperata
2108 3216 2195 3279 sit

244 3304 432 3370 senili
478 3302 876 3368 maturitate.
965 3302 1113 3367 Hoc
1170 3301 1382 3367 solum
1438 3321 1478 3365 a
1528 3300 1712 3367 vobis
1756 3302 1944 3384 cupio
1986 3302 2194 3382 impe-

242 3396 509 3468 tratum,
556 3388 614 3455 si
657 3387 816 3472 quid
861 3387 1106 3453 habent
1139 3387 1444 3471 ponderis
1487 3406 1671 3452 meae
1715 3386 1887 3470 apud
1931 3408 2051 3452 vos
2089 3407 2194 3451 ra-

246 3477 484 3555 tiones,
555 3483 631 3542 ut
684 3474 900 3557 quoad
967 3474 1108 3539 eius
1161 3474 1307 3538 fieri
1358 3473 1600 3555 poterit
1661 3472 1981 3538 studeatis
2046 3472 2193 3550 ista,

246 3584 407 3648 quae
452 3584 495 3628 a
540 3561 729 3627 bonis
772 3559 985 3625 audiri
1030 3580 1164 3624 non
1206 3566 1480 3641 possunt
1522 3561 1689 3624 citra
1732 3559 2194 3642 gravissimum

251 3651 451 3716 animi
497 3648 816 3724 dolorem,
873 3646 957 3711 iis
1001 3666 1132 3710 non
1185 3646 1548 3728 patefacere
1611 3646 1723 3727 qui
1766 3664 1996 3710 eorum
2040 3650 2198 3709 sunt

250 3740 512 3821 penitus
565 3736 811 3821 ignari:
885 3753 1050 3818 quae
1116 3733 1259 3797 eius
1314 3737 1474 3796 sunt
1524 3729 1785 3814 generis
1849 3739 1923 3796 ut
1952 3754 1957 3759 ·
1988 3731 2195 3795 tutius

252 3823 636 3907 ignorentur
694 3840 889 3905 quam
946 3826 1191 3884 exeant
1243 3818 1314 3882 in
1373 3816 1630 3899 vulgus.
1731 3816 1918 3883 Haec
1961 3816 2193 3881 adiicio

257 3908 418 3993 quod
464 3908 749 3986 audiam,
793 3907 850 3971 si
893 3927 1090 3971 verus
1143 3911 1244 3969 est
1285 3923 1516 3968 rumor
1554 3902 1664 3986 qui
1712 3902 1795 3966 ad
1839 3923 1958 3968 nos
2009 3923 2193 3985 spar-

255 4017 359 4062 sus
393 3995 717 4078 pervenit,
764 4012 881 4058 vos
914 3991 1167 4076 gallica,
1212 3990 1591 4073 germanica
1624 3997 1693 4052 et
1725 3987 1930 4052 latina
1970 3988 2195 4072 lingua

254 4100 691 4164 responsuros.
781 4078 1002 4144 Nolim
1057 4085 1304 4143 temere
1347 4084 1570 4140 vestra
1624 4073 1936 4139 damnare
1977 4074 2194 4139 consi-

253 4165 353 4245 lia,
406 4174 485 4232 ut
541 4167 653 4249 qui
706 4166 873 4230 forte
919 4182 1150 4230 causas
1192 4163 1493 4245 ignorem
1539 4169 1909 4226 vestrarum
1952 4157 2192 4224 delibe-

251 4253 592 4319 rat-ionum.
695 4250 831 4317 Sed
885 4250 1018 4314 nisi
1078 4247 1254 4314 aliud
1308 4255 1411 4313 est
1471 4245 1807 4329 quidpiam
1871 4244 2193 4329 gravioris

251 4358 497 4415 causae,
542 4345 659 4403 aut
713 4336 988 4403 sanioris
1030 4333 1301 4413 consilii,
1346 4331 1515 4415 quod
1575 4352 1708 4398 non
1749 4330 2077 4414 pervideo,
2119 4332 2192 4396 in

252 4422 368 4490 hac
411 4425 628 4507 potius
681 4442 832 4488 sum
874 4420 1234 4499 sententia,
1294 4427 1361 4485 et
1415 4438 1674 4484 mecum
1729 4417 1922 4481 amici
1963 4437 2191 4482 omnes

250 4529 403 4592 quos
446 4508 554 4576 hic
613 4507 848 4586 habeO,
906 4515 975 4573 et
1029 4514 1346 4589 quotquot
1389 4503 1621 4570 melius
1667 4502 2037 4569 consultum
2077 4523 2190 4567 cu-

252 4595 434 4677 piunt
476 4594 620 4679 paci
664 4593 1102 4671 ecclesiarum,
1148 4600 1226 4656 ut
1268 4591 1494 4675 lingua
1526 4596 1781 4654 tantum
1818 4587 2188 4665 vernacula,

252 4700 376 4762 qua
429 4680 591 4747 liber
645 4677 858 4746 editus
912 4685 1043 4755 est,
1102 4676 1569 4760 respondeatis.
1588 4673 1644 4759 ⁴)
1733 4674 1913 4739 Satis
1970 4683 2189 4739 vestro

251 4764 453 4832 functi
498 4766 730 4845 officio,
773 4785 922 4830 meo
958 4763 1220 4848 quidem
1262 4762 1521 4840 iudici0,
1567 4758 1969 4835 videbimini,
2014 4760 2072 4825 si
2106 4759 2188 4824 iis

252 4852 686 4919 satisfeceritis
731 4853 841 4935 qui
886 4868 962 4916 eo
1005 4849 1225 4915 libello
1268 4848 1499 4914 offensi
1543 4847 1823 4925 fuerunt,
1885 4866 1959 4912 ac
2004 4843 2185 4910 dein·

253 4956 395 5021 ceps
433 4937 678 5006 offendi
721 4945 1008 5021 possunt.
1076 4933 1212 5016 Qui
1254 4934 1585 5019 ignorant,
1631 4932 1866 5016 quique
1909 4952 2042 4996 non
2086 4931 2186 4996 in-

252 5023 566 5109 telligunt,
611 5025 820 5090 tutius
862 5021 1279 5108 ignorabunt.
1348 5018 1482 5102 Qui
1525 5018 1735 5085 solum
1781 5017 1999 5097 latine,
2039 5038 2185 5101 ger-

256 5195 575 5207 ——-.-......-.-
602 5200 645 5207 ‚-

263 5378 321 5433 N
363 5316 504 5438 6224)
556 5315 864 5370 Ver-sionem
931 5315 1160 5370 launum
1212 5313 1376 5368 εὑκια
1433 5310 1736 5367 ediderunt.
1844 5309 1975 5364 Vide
2031 5307 2188 5375 ἰαίνει

2294 643 2557 709 manico
2572 645 2633 719 6)
2699 646 2816 706 aut
2877 641 3096 709 italice
3160 649 3411 707 norunt
3428 693 3446 721 ,
3512 641 3779 726 linguae
3841 647 4262 729 germanicae

2295 728 2512 812 ignari
2555 738 2624 795 et
2655 727 2962 810 imperiti,
3007 727 3189 793 nullo
3233 747 3352 793 suo
3386 728 3793 795 incommodo
3838 733 4250 815 ignorabunt,

2296 814 2465 897 quod
2511 816 2678 881 forte
2721 813 2864 878 sine
2908 834 3026 881 suo
3049 813 3266 896 aliquo
3310 813 3597 896 periculo
3632 814 3882 882 discere
3926 839 4058 883 non
4104 826 4249 901 pot-

2298 909 2510 966 erunt.
2588 899 2864 967 Utinam
2908 920 2991 964 ne
3051 899 3326 965 verbum
3370 898 3632 982 quidem
3676 899 3981 969 audirent
4039 904 4250 970 nostri

2297 1007 2588 1068 unquam
2647 985 2727 1051 de
2781 983 3163 1051 huiusmodi
3217 986 3763 1052 contentionibus.
3852 988 4004 1052 Non
4052 989 4251 1056 habe·

2295 1080 2449 1137 rent
2489 1070 2840 1138 adversum
2897 1091 3018 1136 nos
3061 1092 3247 1136 arma
3301 1071 3524 1136 hostes
3583 1073 3791 1136 nostri
3843 1074 4078 1157 quibus
4129 1097 4249 1143 nos

2297 1159 2642 1241 impetunt.
2710 1155 2789 1222 Si
2830 1156 2903 1220 in
2942 1156 3103 1221 alias
3136 1155 3401 1240 linguas
3443 1155 3609 1221 liber
3641 1160 4012 1226 transfusus
4056 1169 4247 1240 esset,

2295 1244 2636 1309 iustiorem
2678 1240 3065 1308 videremini
3111 1244 3515 1307 occasionem
3558 1242 3882 1323 habuisse,
3928 1247 3983 1311 si
4019 1255 4086 1310 et
4126 1267 4247 1313 vos

2295 1328 2675 1413 linguarum
2719 1328 3030 1394 beneficio
3086 1326 3187 1394 usi
3243 1349 3470 1393 earum
3515 1329 3940 1396 multitudine
3983 1351 4246 1398 causam

2298 1425 2590 1480 vestram
2631 1423 2699 1479 et
2741 1414 3050 1480 ecclcsiae
3096 1413 3460 1478 tueremini.

2469 1500 2654 1566 Haec
2695 1500 2908 1566 scribo
2950 1499 3033 1565 ad
3099 1509 3181 1578 te,
3225 1499 3598 1583 Bullinyere
3662 1503 4123 1582 amantissime,
4167 1504 4246 1568 li·-

2295 1585 2517 1651 berius
2592 1586 2760 1651 forte
2851 1604 3047 1668 quam
3142 1606 3246 1649 me
3338 1585 3584 1662 decuit,
3671 1585 3784 1651 sed
3860 1608 3993 1653 non
4081 1589 4242 1655 libe·

2295 1674 2453 1748 rius,
2515 1674 2772 1755 opinor,
2835 1692 3035 1752 quam
3094 1678 3275 1735 tuam
3335 1671 3560 1736 deceat
3612 1671 4116 1753 humanitatem,
4176 1683 4245 1741 et

2295 1758 2489 1822 istam
2534 1765 2716 1822 tuam
2761 1756 3010 1840 ingenii
3067 1756 3460 1822 suavitatem
3478 1809 3492 1834 ‚
3554 1766 3619 1821 et
3674 1768 3964 1824 nostram
4018 1759 4243 1826 amici-

2295 1844 2486 1921 tiam,
2548 1864 2678 1926 qua
2729 1844 2937 1908 fretus
2989 1842 3158 1908 hanc
3200 1842 3370 1906 mihi
3411 1844 3660 1926 sumpsi
3704 1843 4061 1924 audaciam,
4108 1866 4242 1911 non

2294 1937 2371 1994 ut
2413 1950 2527 1994 sus
2570 1927 2867 1995 docerem
2911 1928 3315 2005 Minervam,
3376 1927 3492 1992 sed
3549 1938 3627 1993 ut
3683 1930 3926 2013 aliquid
3987 1932 4239 1999 amicus

2295 2013 2473 2099 apud
2514 2015 2795 2080 amicum
2840 2012 2921 2079 de
2964 2014 3295 2079 communi
3337 2013 3646 2079 ecclesiae
3679 2017 3973 2097 profectu
4016 2028 4082 2082 et
4125 2038 4241 2083 ne-

2295 2101 2472 2184 gotio
2516 2099 2599 2165 ad
2643 2110 2709 2166 te
2752 2100 3107 2166 scriberem
3126 2151 3141 2178 ‚
3197 2107 3265 2164 et
3307 2099 3708 2165 occasionem
3752 2102 4108 2184 arriperem
4153 2105 4251 2168 in-

2296 2186 2743 2268 terrumpendi
2768 2185 3063 2250 diuturni
3085 2185 3181 2250 tui
3226 2195 3419 2267 atque
3454 2188 3585 2249 mei
3628 2186 3891 2265 silentii,
3935 2209 4061 2271 quo
4098 2210 4247 2255 nos-

2297 2282 2404 2336 tra
2460 2272 2746 2337 amicitia
2803 2270 3108 2336 nonnihil
3164 2272 3652 2353 expergefieret.
3740 2273 3965 2338 Nostri
4022 2294 4249 2340 omues

2297 2365 2470 2423 recte
2513 2357 2742 2422 valent
2795 2358 3009 2441 gratia
3049 2356 3342 2421 Domini.
3434 2355 3750 2422 Genevae
3809 2356 4025 2423 editur
4083 2358 4251 2423 liber

2304 2441 2556 2509 Calvim’
2580 2443 2841 2508 nomine
2864 2441 3181 2508 adversus
3204 2441 3602 2521 Libertinos,
3642 2442 3721 2508 de
3757 2464 4034 2526 quorum
4075 2454 4253 2511 secta

2297 2536 2365 2593 et
2408 2530 2700 2593 moribus
2743 2528 2911 2592 nihil
2955 2549 3117 2612 opus
3152 2536 3230 2592 ut
3272 2527 3354 2591 ad
3402 2536 3466 2591 te
3512 2528 3810 2606 scribam,
3858 2531 4095 2613 quippe
4139 2531 4252 2612 qui

2298 2635 2439 2679 rem
2479 2623 2687 2679 totam
2731 2613 2931 2696 probe
2977 2628 3219 2679 teneas.
3290 2610 3370 2678 Si
3412 2634 3547 2678 non
3592 2615 3891 2697 gravaris
3937 2615 4251 2681 salutabis

2297 2721 2445 2765 meo
2489 2700 2751 2765 nomine
2793 2698 3074 2783 collegas
3132 2719 3207 2763 ac
3263 2709 3662 2783 symmystas
3726 2709 3887 2764 tuos.
3979 2700 4253 2767 Fratres

2300 2787 2509 2851 nostri
2575 2793 2638 2850 te
2704 2806 2930 2851 omnes
3000 2784 3302 2850 salutant.
3408 2783 3593 2850 Vale.
3692 2787 4088 2852 Lausannae
4149 2791 4247 2852 21.

2296 2872 2592 2937 Ianuarii
2639 2872 2823 2935 1545.

3271 3008 3455 3072 'I'uus
3499 3007 3741 3072 Petrus
3786 3006 4076 3074 Viretus.

3206 3518 3358 3590 60⁰.

2728 3656 3316 3728 LIBERTETUS
3361 3657 3824 3725 FARELLO.

2473 3831 2753 3898 Instante
2784 3830 3118 3897 sententiae
3151 3830 3444 3914 capitalis
3479 3831 3554 3897 de
3597 3829 3836 3896 civibus
3870 3829 4246 3912 quibusdam

2299 3918 2463 3984 latae
2505 3918 2939 4000 exsequutione
2998 3916 3188 3982 citius
3226 3918 3579 3997 praetenta
3634 3916 3987 3982 Lausanna
4039 3917 4243 3983 rediit.

2306 4003 2688 4085 opuseulum
2754 4003 2828 4069 de
2886 4001 3268 4068 metensibus
3326 4003 3508 4086 prelo
3552 4007 3860 4084 paratum
3933 4001 4139 4068 Vireto
4191 4008 4249 4068 et

2303 4089 2565 4155 Calvino
2607 4089 2998 4174 releyendum
3039 4088 3235 4153 tradit
3275 4093 3608 4170 antequam
3652 4088 4013 4153 excudatur.

2299 4261 2409 4326 (Ex
2447 4259 2783 4329 autographo
2819 4259 2958 4313 Bibl.
3009 4264 3289 4326 pastorum
3325 4258 3791 4313 Neocomensium.
3866 4259 4068 4313 Fascio.
4103 4260 4245 4328 Epp.

2831 4338 2838 4344 ’
2946 4327 3080 4398 Opb.
3117 4328 3285 4382 Fabri
3318 4327 3389 4382 N.
3421 4326 3536 4394 42.)

2855 4514 2998 4584 Suo
3042 4515 3377 4583 Gulielmo
3420 4515 3684 4581 Farello

3627 4601 3690 4665 N
3692 4600 3955 4668 eocomi.

2466 4738 2536 4804 S.
2583 4738 2969 4816 Meministi,
3011 4738 3259 4821 opinor,
3305 4756 3539 4804 causae
3589 4758 3756 4820 quae
3810 4757 3918 4802 me
3960 4736 4053 4802 sic
4091 4736 4240 4802 red-

2291 4825 2387 4890 ire
2444 4823 2646 4902 ursit,
2703 4824 3019 4889 nimirum
3077 4824 3451 4889 vinctorum
3511 4832 3883 4888 nostrorum
3953 4822 4241 4889 trucida-

2292 4911 2559 4989 tionem,
2588 4910 2636 4994 ¹)
2680 4930 2880 4993 quam
2923 4910 3222 4992 sequenti
3255 4907 3437 4975 Iovis
3479 4907 3583 4973 die
3616 4909 3907 4973 futuram
3950 4909 4240 4976 coniece-

2290 5018 2433 5062 ram
2476 5017 2558 5061 ex
2603 4995 2849 5061 famulo
2907 4996 3251 5080 praefecti,
3306 5016 3499 5077 quem
3542 4994 3804 5059 Bernae
3848 4996 4240 5059 sententiam

2403 5305 2415 5316 ·
2495 5233 2555 5301 5)
2599 5234 2692 5291 Sic
2753 5242 2968 5306 autoqr.
3031 5235 3191 5304 lapsu
3253 5233 3454 5289 calama
3515 5232 3932 5289 evidentissimo.
4022 5232 4236 5288 Scribe.-

2288 5305 2555 5443 ggglooffl)
2595 5372 2834 5429 &usam
2868 5374 3011 5429 hanc
3030 5373 3167 5429 alato·
3185 5373 3518 5428 alasa-atam
3540 5370 3729 5437 leqissc
3744 5385 3859 5508 ’ἔζη
3882 5369 4239 5425 mensium.
