4825 6175
233 455 338 523 165
1875 455 2039 517 1545
2082 448 2539 520 SEP'DEMB.
4088 461 4216 524 166

228 663 332 711 nes
368 650 440 704 tu
481 638 641 705 satis
681 637 1017 723 intelligis.
1105 636 1189 703 Id
1232 645 1455 704 autem
1497 645 1573 704 ut
1614 639 1732 704 fiat
1772 640 2149 706 curabimus

227 729 415 813 primo
458 744 713 807 quoque
756 732 1066 808 tempore.

379 812 478 875 De
502 808 759 876 Gomdis
801 810 1062 893 negotio
1080 812 1136 887 ὅ)
1180 808 1431 876 6661611
1471 829 1623 875 cum
1667 811 1935 877 consule
1979 808 2151 877 Wac-

223 896 519 973 aduensi,
539 899 596 972 ⁶)
639 897 751 978 qui
795 917 901 961 me
944 895 1336 963 amicissime
1378 903 1447 960 et
1487 895 1992 962 familiarissime
2033 917 2149 961 ex-

222 985 395 1068 cepit,
437 981 744 1064 quamvis
786 980 1090 1047 nonnihil
1145 980 1534 1060 dubitarem,
1581 1003 1667 1047 66
1711 982 1770 1047 ei
1814 982 1983 1047 forte
2024 982 2150 1046 im-

223 1069 472 1157 pensius
526 1067 794 1133 faveret.
895 1065 1026 1133 Sed
1087 1067 1268 1132 nolui
1323 1066 1659 1132 hominem
1714 1067 1927 1134 celare
1979 1067 2174 1151 quod,

220 1178 301 1222 66
337 1151 659 1220 accideret
699 1153 992 1218 verebar.
1078 1153 1254 1218 Nam
1299 1173 1503 1235 quum
1546 1151 1628 1219 de
1671 1154 1894 1220 multis
1937 1152 2150 1219 homi·

219 1262 360 1308 nem
402 1238 894 1317 consuluissem,
940 1246 1010 1305 61
1049 1237 1261 1304 multa
1302 1237 1602 1304 fecissem
1645 1239 1844 1321 verba
1886 1238 1967 1304 de
2009 1259 2153 1306 cor-

221 1336 401 1409 rupto
438 1324 861 1391 ecclesiarum
903 1331 1077 1389 statu
1093 1375 1110 1403 ,
1165 1323 1245 1389 de
1301 1322 1711 1390 offendiculis
1752 1345 1918 1408 quae
1961 1334 2029 1389 et
2069 1324 2151 1391 ab

219 1411 535 1479 officiariis
578 1412 685 1495 (ut
725 1410 1109 1493 loquuntur)
1167 1418 1235 1475 et
1293 1432 1334 1475 a
1387 1411 1709 1477 ministris
1762 1410 2152 1490 excitantur,

220 1497 521 1564 timebam
563 1517 668 1575 ne,
713 1495 770 1562 si
811 1497 980 1561 forte
1029 1492 1288 1562 Comitis
1344 1514 1542 1561 causa
1583 1496 1875 1561 Bernam
1931 1494 2154 1561 devol-

219 1590 495 1662 veretur,
538 1582 771 1649 consul
814 1579 1285 1659 offenderetur,
1343 1581 1532 1664 quasi
1587 1602 1709 1665 ego
1759 1581 2012 1647 diffisus
2052 1601 2154 1646 es-

219 1691 347 1736 sem
388 1666 472 1733 (16
515 1669 657 1733 6166
710 1668 1087 1751 integritate
1104 1717 1120 1745 ,
1185 1668 1243 1733 si
1295 1676 1613 1750 perpetuo
1669 1666 1929 1732 silentio
1982 1665 2153 1749 apud

218 1775 360 1821 eum
417 1754 804 1836 pressissem
857 1751 1031 1835 quod
1097 1760 1319 1818 tamen
1375 1751 1596 1835 palam
1654 1751 2003 1835 aliquando
2059 1754 2155 1817 fa-

218 1839 516 1907 ciendum
569 1847 741 1904 erat:
809 1839 1196 1921 praesertim
1250 1860 1449 1920 quum
1506 1860 1546 1904 a
1598 1838 1843 1905 Fatono
1862 1840 1917 1912 ⁷)
1973 1839 2157 1920 prius

215 1925 585 1991 admonitus
625 1924 861 1990 fuisset
916 1922 995 1988 de
1049 1945 1135 1989 an
1230 1924 1375 1990 stiis
1429 1925 1501 1988 in
1545 1946 1707 2007 quas
1750 1945 1959 1989 essem
2000 1945 2156 1989 con-

216 2012 415 2078 iectus
470 2010 762 2093 collegae
829 2028 1046 2075 causa.
1204 2010 1497 2075 onsuluit
1551 2009 1621 2074 id
1677 2012 1897 2091 ipsum
1951 2029 2156 2092 paene

212 2094 379 2180 quod
439 2116 482 2160 a
538 2095 851 2161 fratribus
904 2097 1333 2161 constitutum
1392 2095 1624 2161 fuerat.
1716 2095 1885 2160 Nam
1942 2096 2158 2160 notior

212 2189 308 2248 est
347 2181 660 2247 omnibus
693 2181 1020 2266 flagitiosa
1051 2180 1248 2246 huius
1280 2180 1568 2247 hominis
1610 2181 1750 2246 vita
1790 2202 1984 2265 quam
2019 2181 2159 2263 ipse

211 2268 442 2350 cupiat,
492 2268 796 2349 quamvis
838 2267 1079 2351 exigua
1129 2267 1263 2332 sint
1316 2264 1669 2332 admodum
1712 2287 1791 2332 66
1832 2288 1999 2349 6666
2041 2287 2158 2349 pa-

211 2353 339 2418 lam
392 2364 558 2418 sunt
609 2354 665 2417 si
720 2373 871 2417 cum
928 2353 1011 2418 iis
1066 2352 1490 2418 conferantur
1547 2374 1715 2436 quae
1769 2352 1958 2417 nobis
2001 2362 2160 2418 sunt

210 2446 560 2522 comperta.
650 2437 789 2502 Vix
835 2438 1000 2502 mihi
1047 2457 1313 2520 possum
1357 2438 1781 2521 persuadere,
1826 2437 2159 2503 hominem

209 2545 415 2607 usque
458 2523 627 2590 adeo
681 2523 1024 2607 prostituti
1079 2545 1220 2589 esse
1278 2523 1576 2606 pudoris,
1636 2525 1763 2588 etsi
1806 2522 2159 2589 admodum

212 2610 295 2676 sit
328 2610 682 2693 perfrictae
726 2609 958 2676 frontis
975 2659 991 2688 ,
1047 2616 1125 2673 ut
1166 2609 1326 2674 velit
1375 2610 1717 2675 nobiscum
1760 2608 1999 2674 iudicio
2043 2629 2158 2673 ex-

209 2696 428 2778 periri.
523 2697 586 2760 Ν
590 2717 695 2759 616
740 2693 932 2778 paulo
975 2696 1106 2759 iam
1164 2696 1382 2760 mitior
1427 2697 1637 2760 factus
1682 2706 1809 2773 est,
1865 2694 2160 2776 dixitque

211 2801 278 2846 se
319 2790 713 2865 rogaturum
768 2781 1004 2846 fratres
1060 2788 1138 2846 ut
1189 2779 1311 2846 sibi
1370 2781 1529 2845 dent
1580 2781 1807 2845 literas
1867 2778 1951 2844 ad
1993 2781 2159 2845 Ber-

207 2875 393 2933 nates
419 2868 662 2949 quibus
702 2870 1030 2932 testetur*
1064 2888 1134 2932 se
1170 2888 1211 2931 a
1239 2868 1425 2931 nobis
1460 2868 1835 2933 missionem
1870 2866 2159 2949 petiisse,

206 2963 277 3018 ut
316 2975 357 3019 a
401 2953 812 3019 Bernatibus
856 2973 1108 3033 quoque
1142 2973 1287 3016 eam
1331 2954 1679 3036 impetrare
1720 2953 1944 3034 possit,
1990 2949 2163 3034 quod

205 3047 281 3107 se'
314 3039 716 3106 effecturum
759 3038 1116 3121 pollicetur.
1182 3038 1355 3104 Nam
1398 3039 1604 3106 coacti
1648 3058 1878 3104 sumus
1921 3036 2161 3102 multas

205 3126 284 3191 ob
326 3147 568 3192 causas
607 3124 782 3190 diem
823 3121 1175 3209 prorogare
1229 3146 1355 3206 quo
1411 3146 1530 3191 nos
1566 3125 1857 3191 Bernam
1901 3125 2161 3189 sistere-

205 3233 376 3292 mus,
438 3235 522 3277 66
579 3219 800 3277 166166
858 3210 1000 3294 lege
1059 3219 1134 3276 ut
1187 3232 1293 3276 res
1338 3211 1407 3275 16
1453 3223 1676 3276 nostra
1718 3210 1803 3274 sit
1841 3219 2160 3292 potestate

208 3307 272 3362 et
321 3307 596 3381 tempus
651 3298 712 3363 ei
764 3297 1195 3380 praestituere
1263 3295 1475 3363 liceat.
1580 3298 1675 3362 At
1718 3316 1870 3359 cum
1915 3296 2158 3360 Proteo

208 3392 340 3449 tam
386 3385 580 3450 vario
637 3382 794 3466 quid
849 3380 1177 3466 agendum
1222 3383 1328 3460 sit,
1383 3381 1648 3447 difficile
1705 3392 1808 3446 est
1849 3389 2156 3447 statuere.

207 3467 555 3549 Quantum
603 3491 686 3534 ex
745 3466 1196 3534 Wattevillensi
1236 3467 1609 3552 intelligere
1651 3466 1853 3550 potui,
1911 3467 2162 3532 Berna-

206 3555 379 3622 tibus
425 3556 686 3640 gratius
728 3565 902 3620 esset
942 3555 1000 3618 si
1044 3574 1148 3618 res
1195 3554 1470 3638 transigi
1512 3560 1729 3637 posset
1773 3553 2049 3632 civilius,
2095 3561 2163 3616 et

205 3641 261 3704 si
310 3663 438 3706 sua
499 3652 740 3725 sponte
792 3663 863 3705 66
912 3637 1123 3704 Comes
1179 3639 1545 3705 ministerio
1599 3639 1814 3721 potius
1869 3649 2160 3716 exueret,

202 3746 397 3808 quam
441 3728 502 3791 si
545 3728 620 3792 vi
663 3733 1023 3810 cogeretur,
1069 3732 1138 3791 et
1182 3725 1343 3790 haec
1387 3734 1764 3790 moveretur
1808 3723 2158 3790 camarina.

203 3810 277 3877 Si
310 3813 380 3879 id
427 3823 658 3878 tamen
702 3812 873 3878 effici
917 3833 1053 3875 non
1096 3813 1335 3894 possit,
1395 3809 1883 3895 persistendum
1923 3810 2052 3874 erit
2091 3811 2160 3875 in

202 3901 573 3977 sententia,
631 3906 698 3962 et
750 3898 819 3963 vi
869 3895 1317 3962 deturbandus
1372 3908 1508 3961 tam
1559 3896 1922 3979 flagitiosus
1967 3895 2162 3960 homo

201 3987 417 4066 potius
475 4005 680 4068 quam
731 3991 810 4048 ut
862 3992 1088 4067 pereat
1140 3990 1316 4047 totus
1370 4003 1534 4066 grex
1578 3980 1849 4046 Christi.
1952 3978 2161 4061 Quid-

201 4071 354 4154 quid
401 4071 799 4149 tentaverit,
859 4069 1160 4134 dabimus
1203 4077 1425 4133 tamen
1469 4087 1733 4132 omnem
1769 4086 2034 4150 operam
2078 4088 2162 4131 ne

199 4157 353 4239 quid
409 4158 614 4223 classi
659 4165 920 4221 nostrae
964 4165 1032 4219 et
1072 4163 1297 4220 nostro
1339 4151 1703 4218 ministerio
1748 4201 2078 4217 ......
2101 4152 2160 4238 8)

202 4244 525 4326 turpioris
570 4242 756 4307 labis.
846 4239 1039 4322 Quod
1094 4249 1171 4305 ut
1225 4239 1481 4305 facilius
1539 4258 1773 4304 cavere
1817 4237 2160 4320 possimus,

197 4330 488 4411 optarim
549 4349 747 4411 super
800 4327 926 4393 hac
981 4347 1053 4390 re
1109 4335 1299 4390 tuum
1345 4323 1429 4390 ad
1482 4345 1590 4389 me
1647 4322 1991 4389 consilium
2050 4333 2164 4389 aut

200 4415 444 4497 scripto
484 4421 609 4480 aut
644 4413 859 4479 verbis
892 4434 1009 4495 per
1037 4409 1449 4494 Theofredum
1485 4409 1866 4494 significari.
1914 4406 2162 4489 Quam-

200 4500 304 4564 vis
361 4502 584 4582 tutius
640 4501 884 4582 scripto
939 4498 1009 4564 id
1065 4500 1283 4577 fieret,
1349 4517 1552 4580 quum
1604 4493 1990 4575 Theofredus
2049 4492 2162 4558 ad-

202 4585 470 4651 modum
533 4586 624 4651 sit
675 4585 1050 4652 obliviosus.
1138 4583 1350 4649 Porro
1400 4580 1571 4666 quod
1627 4579 1857 4645 scribis
1901 4578 1982 4644 de
2031 4579 2163 4643 Fa-

197 4671 349 4737 rello
392 4691 779 4739 successore
799 4671 854 4757 ⁹)
899 4691 1033 4735 non
1091 4690 1256 4753 opus
1305 4677 1406 4733 est
1461 4675 1534 4732 ut
1584 4664 1831 4750 aliquid
1881 4664 2055 4748 apud
2100 4674 2165 4730 te

201 4776 536 4824 excusem.
628 4757 800 4822 Nam
843 4755 1037 4823 valde
1096 4761 1317 4819 metuo
1375 4775 1461 4818 66
1503 4752 1573 4818 1(1
1618 4772 1811 4836 aegre
1854 4750 2164 4834 impetre-

204 4847 326 4910 tur.
415 4844 619 4909 Nosti
657 4844 835 4909 enim
877 4862 1073 4926 quam
1115 4847 1346 4927 gratus
1390 4839 1479 4904 sit
1519 4838 1604 4905 iis
1645 4837 1884 4921 quibus
1927 4835 2165 4921 gratis-

411 5104 474 5168 5)
513 5102 599 5159 Ν.
633 5100 752 5166 692,
787 5106 898 5155 not.
930 5099 984 5156 4.

407 5173 473 5238 6)
514 5171 808 5235 Bernensi,
854 5169 1076 5224 domim
1120 5168 1184 5221 in
1222 5165 1572 5221 Columbaria
1609 5178 1786 5235 prope
1817 5162 2170 5220 Ncocomam.

409 5241 475 5306 7)
520 5240 905 5295 &ambertae
937 5237 1206 5293 mimimo.

410 5309 476 5375 8)
528 5309 649 5365 Vox
683 5308 870 5364 dubia.

409 5379 478 5446 9)
519 5378 638 5434 σοῦ.
680 5377 917 5432 Comitia
953 5373 1034 5431 N.
1069 5372 1192 5445 ⁷06,
1222 5378 1334 5428 not.
1367 5370 1421 5426 4.

2250 640 2461 706 simus
2524 647 2595 706 et
2657 640 3191 723 exoptatissimus
3251 661 3397 707 esse
3463 639 3798 708 debuerat.
3888 641 4084 725 Quod
4148 644 4215 710 61

2250 746 2402 809 spes
2443 724 2663 809 aliqua
2706 724 2978 810 affulget
2991 777 3008 805 ,
3065 724 3235 791 nihil
3288 727 3656 793 tentabitur
3707 736 3777 793 te
3817 728 4215 811 inconsulto,

2250 833 2374 878 nec
2414 811 2561 877 aliis
2603 810 2860 896 legibus
2915 831 3117 896 quam
3169 811 3253 876 iis
3309 832 3472 895 quas
3525 812 3933 895 praescribis.
4032 815 4209 881 Nam

2252 896 2335 963 de
2377 904 2600 963 vestra
2642 898 2943 978 ecclesia,
2999 917 3194 981 quam
3258 894 3341 962 (16
3396 896 3553 976 1166,
3610 920 3746 964 666
3790 921 3938 965 6616
3983 901 4211 967 minus

2254 982 2608 1062 sollicitus,
2662 990 2752 1048 66·
2782 982 2864 1047 (16
2908 993 2972 1048 16
3033 982 3411 1066 praecipue,
3473 1003 3667 1067 quem
3724 984 3920 1052 video
3975 993 4075 1052 tot
4128 1006 4207 1053 ac

2253 1069 2460 1134 tantis
2502 1068 2689 1134 obrui
2747 1064 3100 1135 laboribus.
3188 1068 3318 1134 Illa
3374 1067 3514 1134 sola
3567 1090 3765 1135 66666
3821 1092 3987 1155 6666
4038 1071 4207 1136 forte

2252 1153 2443 1219 nobis
2485 1154 2988 1219 commodiorem
3024 1154 3292 1219 offerret
3325 1155 3733 1220 occasionem
3767 1156 4210 1242 prospiciendi

2254 1239 2565 1307 ecclesiae
2619 1239 3081 1318 Neocomensi,
3136 1239 3383 1324 aliquid
3435 1240 3643 1306 animi
3697 1240 3914 1323 addit,
3959 1244 4016 1310 si
4059 1263 4209 1308 ves-

2254 1333 2360 1391 tra
2401 1347 2435 1391 s
2481 1346 2519 1389 e
2561 1325 2956 1392 excideritis.
2984 1327 3067 1408 ¹⁰)

2487 1417 2781 1476 aeterum
2826 1410 2907 1476 de
2963 1411 3278 1477 fratribus
3322 1410 3851 1477 Provincialibus
3893 1433 4021 1495 quo
4065 1433 4208 1477 ma-

2255 1497 2357 1580 gis
2405 1497 2647 1579 cogito,
2706 1516 2784 1560 eo
2827 1516 2977 1561 sum
3020 1498 3232 1582 magis
3284 1497 3474 1579 inops
3528 1497 3801 1563 consilii.
3902 1495 4082 1576 Quid
4125 1496 4211 1563 ad

2256 1592 2324 1647 te
2366 1582 2701 1663 scripserit
2737 1580 3045 1647 Nicolaus
3069 1586 3156 1664 ¹¹)
3200 1603 3333 1647 non
3377 1581 3531 1648 vidi.
3621 1583 3856 1653 Nescio
3902 1604 3989 1647 an
4032 1592 4209 1649 recte

2257 1668 2711 1750 perscripserit
2752 1675 3042 1733 nostram
3086 1667 3497 1732 sententiam.
3606 1668 3670 1732 N
3672 1688 3757 1733 on
3802 1669 3981 1734 enim
4025 1670 4093 1733 in
4131 1688 4211 1734 66

2255 1753 2505 1818 fuimus
2569 1754 2894 1819 sententia
2956 1761 3033 1817 ut
3096 1773 3231 1817 non
3296 1751 3919 1819 commendarentur
3983 1763 4208 1820 nostro

2257 1838 2542 1918 senatui,
2601 1838 2716 1904 sed
2773 1836 2854 1902 (16
2907 1835 3187 1921 petenda
3231 1837 3555 1903 duntaxat
3596 1838 3927 1922 legatione
3970 1840 4211 1923 ageba-

2259 1935 2399 2001 tur,
2465 1944 2663 2007 quam
2721 1945 2808 1989 an
2872 1923 3083 2008 magis
3135 1944 3376 2008 urgere
3438 1922 3826 1990 deberemus
3883 1924 4210 1991 incertum

2260 2016 2423 2074 erat.
2515 2009 2777 2076 Nicolao
2829 2031 2964 2074 non
3018 2008 3362 2076 videbatur
3418 2009 3760 2092 expedire,
3818 2011 3932 2093 qui
3998 2009 4078 2076 de
4136 2031 4216 2076 ea

2261 2116 2395 2160 non
2431 2115 2743 2179 magnam
2778 2116 2962 2178 spem
2996 2102 3397 2177 conceperat.
3444 2095 3617 2160 Eam
3653 2104 3873 2160 tamen
3915 2094 4217 2162 Farellus

2262 2201 2524 2263 semper
2569 2181 2933 2265 urgentiam
2990 2191 3244 2259 censet,
3306 2182 3614 2264 cupitque
3666 2190 3732 2245 te
3776 2182 3992 2246 denuo
4038 2182 4213 2249 11666

2263 2267 2668 2350 provinciam
2713 2267 3059 2348 suscipere,
3097 2265 3269 2350 quod
3304 2287 3499 2332 nemo
3534 2268 3596 2331 ei
3630 2266 3932 2331 videatur
3973 2267 4055 2332 ad
4093 2268 4215 2333 ali-

2262 2352 2419 2435 quid
2475 2352 2961 2436 impetrandum
3025 2351 3570 2434 efficiendumquo
3637 2361 3703 2417 te
3774 2374 3907 2418 uno
3981 2354 4210 2436 aptior.

2264 2437 2566 2504 Farellus
2605 2459 2753 2504 cum
2810 2437 2958 2502 aliis
3010 2437 3325 2503 fratribus
3364 2437 3921 2504 Neocomensibus
3964 2438 4091 2503 hac
4133 2437 4217 2505 de

2262 2546 2335 2590 re
2410 2525 2692 2590 multum
2769 2522 3009 2607 diuque
3089 2543 3238 2588 cum
3314 2521 3760 2589 Wattevillensi
3837 2523 4214 2607 disputavit.

2264 2609 2589 2693 Cupiebat
2666 2608 2965 2675 Far-ellus
2995 2608 3078 2693 12)
3165 2629 3206 2673 6
3285 2608 3738 2674 Bernensibus
3816 2609 4214 2693 legationem

2262 2698 2456 2776 mitti,
2516 2694 3026 2761 Wattevizlensem
3088 2694 3226 2778 peti
3278 2703 3357 2758 ut
3413 2695 3738 2779 legatione
3790 2716 3869 2759 ea
3908 2696 4214 2779 fungere-

2263 2789 2390 2847 tur.
2479 2781 2576 2846 At
2617 2781 2845 2847 consul
2885 2779 2954 2844 id
2999 2780 3253 2847 consilii
3299 2781 3524 2863 procul
3567 2780 3825 2863 repulit.
3912 2782 4215 2847 Primum

2264 2868 2335 2931 in
2402 2888 2644 2952 genere
2703 2868 2915 2949 ipsam
2969 2865 3362 2949 legationem
3420 2888 3552 2931 non
3607 2867 3969 2931 arbitratur
4025 2865 4214 2951 quid·

2263 2974 2461 3035 quam
2504 2951 2936 3035 profuturam,
2981 2951 3099 3017 sed
3131 2952 3348 3035 potius
3382 2952 3587 3037 Regis
3631 2961 3698 3016 et
3739 2952 4016 3018 aliorum
4059 2952 4215 3019 hos-

2264 3039 2434 3105 tium
2508 3038 2762 3104 animos
2825 3036 3039 3123 magis
3103 3046 3299 3122 atque
3373 3040 3588 3123 magis
3654 3038 4212 3106 exacerbaturam.

2265 3124 2459 3207 Quod
2504 3124 2564 3190 si
2605 3145 2754 3206 spes
2798 3124 3017 3206 aliqua
3073 3123 3154 3190 de
3207 3125 3531 3209 legatione
3588 3134 3791 3203 esset,
3852 3146 4015 3208 opus
4070 3145 4216 3191 esse

2262 3219 2455 3293 putat
2489 3210 2947 3276 honestissima
2981 3217 3048 3276 et
3090 3211 3484 3294 gravissima
3515 3210 3843 3295 legatione
3881 3231 4047 3292 quae
4081 3233 4215 3277 non

2262 3296 2464 3362 semel
2502 3305 2762 3361 tantum
2797 3296 3173 3379 interpellet
3202 3297 3474 3380 Regem,
3516 3296 3631 3361 sed
3667 3316 3838 3378 quae
3873 3295 4216 3362 duodecim

2263 3392 2377 3447 aut
2422 3381 2911 3465 quatuordecim
2946 3403 3206 3447 menses
3241 3381 3458 3447 aulam
3497 3391 3930 3464 prosequatur
3965 3390 4032 3446 et
4065 3403 4215 3465 per·

2265 3476 2420 3550 agat
2484 3468 2706 3532 omnia
2763 3488 2926 3550 quae
2978 3468 3052 3531 in
3105 3467 3229 3533 hoc
3285 3468 3700 3551 negotiorum
3761 3488 4003 3551 genere
4059 3473 4219 3532 sunt

2263 3551 2666 3636 peragenda,
2732 3553 2942 3619 aulico
3006 3573 3204 3618 more.
3294 3551 3493 3631 Quod
3555 3572 3713 3618 vero
3769 3551 4076 3617 adiicitur
4135 3553 4216 3619 (16

2264 3636 2683 3722 adiungenda
2744 3637 3157 3703 Elvetiorum
3221 3657 3373 3702 cum
3445 3638 3974 3703 Protestantibus
4036 3638 4217 3721 lega-

2266 3725 2461 3802 tione,
2486 3727 2570 3799 ¹³⁵¹)
2614 3744 2747 3787 non
2789 3722 3037 3788 iudicat
3077 3725 3240 3788 satis
3282 3723 3653 3789 convenire.
3720 3724 3895 3788 Nam
3916 3723 4218 3790 Elvetios

2267 3832 2399 3875 non
2445 3810 2781 3874 existimat
2820 3828 3064 3893 magno
3117 3809 3187 3873 in
3240 3810 3452 3891 pretio
3509 3810 3795 3887 futuros,
3857 3810 3912 3873 si
3956 3809 4218 3875 Protes-

2267 3905 2484 3959 tantes
2526 3894 2697 3959 hanc
2740 3915 3004 3960 causam
3050 3895 3432 3976 suscipiant:
3500 3895 3634 3957 imo
3679 3914 3764 3958 ne
3807 3902 4031 3975 sperat
4072 3896 4219 3976 qui-

2267 3979 2418 4045 dem
2462 3980 2787 4063 principes
2831 3981 2977 4046 illos
3033 3980 3203 4044 velle
3258 4000 3520 4044 causam
3577 3979 3750 4044 hanc
3805 3981 4218 4045 coniunctam

2266 4065 2511 4131 habere
2555 4086 2704 4130 cum
2746 4065 3044 4130 Elvetiis.
3114 4063 3310 4145 Quod
3346 4066 3402 4129 si
3437 4073 3816 4147 sequantur,
3860 4085 3994 4129 non
4030 4086 4139 4129 ma
4187 4101 4218 4116 -

2267 4173 2428 4230 num
2468 4147 2723 4233 pondus
2764 4149 3028 4216 habebit
3072 4150 3332 4234 legatio.
3422 4150 3682 4214 Deinde
3734 4150 3789 4214 si
3837 4150 4127 4215 adornan
4179 4172 4221 4217 a

2267 4246 2441 4306 esset
2482 4236 2756 4319 legatio,
2814 4235 3130 4318 plurimos
3186 4256 3329 4301 esse
3383 4237 3475 4299 ait
3519 4235 3631 4317 qui
3675 4235 4058 4301 existiment
4102 4237 4218 4300 eli-

2269 4322 2553 4407 gendam
2619 4342 2765 4386 esse
2832 4342 2916 4384 ex
2978 4320 3059 4384 iis
3113 4321 3527 4386 Elvetiorum
3599 4321 3786 4404 pagis
3859 4321 3974 4404 qui
4031 4342 4221 4386 suam

2271 4428 2538 4491 operam
2580 4406 2753 4489 Regi
2794 4405 3095 4471 locarunt
3135 4426 3309 4471 anno
3354 4407 3675 4489 proximo,
3731 4413 3811 4469 ut
3851 4407 3939 4470 sit
3980 4408 4220 4490 legatio

2270 4493 2638 4577 gratiosior.
2743 4488 2939 4572 Quod
3002 4491 3061 4557 si
3127 4513 3164 4556 e
3220 4491 3547 4556 Bernensi
3614 4500 3852 4555 senatu
3916 4490 4222 4576 eligenda

2269 4588 2388 4657 est,
2432 4577 2603 4642 nihil
2644 4579 2854 4661 magis
2896 4585 3170 4643 excusat
3201 4598 3395 4661 quam
3432 4599 3516 4642 ne
3549 4578 3691 4661 ipse
3734 4576 4074 4660 deligatur,
4118 4575 4222 4641 id-

2269 4684 2396 4747 que
2430 4664 2650 4728 varias
2685 4663 2766 4729 ob
2801 4683 3050 4729 causas.
3120 4664 3421 4728 Primum
3457 4663 3694 4729 asserit
3737 4661 4223 4728 odiosissimum

2270 4750 2409 4815 fore
2454 4746 2632 4833 apud
2674 4756 2995 4828 senatum,
3040 4748 3097 4814 si
3141 4749 3222 4815 ab
3264 4749 3346 4815 iis
3381 4750 3495 4833 qui
3536 4771 3656 4833 pro
3698 4746 4028 4831 legatione
4062 4767 4223 4813 con-

2445 5021 2541 5087 10)
2582 5020 2837 5090 Epistola
2859 5020 3092 5086 Caluini,
3126 5020 3204 5075 ad
3235 5035 3401 5090 quam
3434 5020 3567 5074 hacc
3599 5016 3904 5087 respondet,
3937 5017 4225 5088 deperdito

2272 5093 2407 5149 haec
2444 5091 2618 5160 paulo
2665 5091 2949 5145 obscurius
2993 5089 3141 5145 dicta
3186 5097 3328 5144 sunt.
3422 5088 3643 5143 Videtur
3688 5093 3941 5157 uterqm,
3986 5095 4039 5143 ct
4076 5087 4133 5142 0.
4171 5094 4231 5145 et

2288 5161 2520 5226 Vin-eim,
2554 5158 2663 5213 sibi
2685 5157 2968 5213 Farellum
2986 5159 3242 5228 colleqam
3264 5163 3564 5227 exoptasse.
3627 5155 3709 5224 Gt*-
3729 5154 3808 5211 N.
3825 5154 3944 5225 692,
3972 5162 4081 5213 not.
4101 5154 4151 5210 5.

2449 5227 2545 5362 {2¹3
2570 5226 2662 5351 ²1⁸5:
2687 5225 2816 5364 2232,
2840 5233 2959 5350 '422‘ss
2986 5226 3045 5350 ἐς.

2452 5365 2538 5430 13)
2574 5365 2653 5422 Ν.
2686 5363 2806 5434 692,
2840 5372 2952 5422 not.
2987 5364 3040 5419 8.
3709 5445 3814 5501 ῃ.
