4825 6175
221 398 318 463 197

212 600 390 667 quum
450 579 750 646 nonnulli
807 601 884 646 eo
939 580 1135 666 longe
1192 581 1513 648 doctiores
1568 582 1640 646 in
1684 603 1920 667 agrum
1964 583 2140 650 able·

312 674 532 745 entur,
589 673 887 732 retentus
943 666 1014 730 111
1058 667 1221 733 urbe
1263 668 1418 747 fuit,
1481 668 1637 751 quia
1690 668 1855 734 bene
1897 669 2143 736 vocalis

211 760 333 820 erat
392 759 460 815 et
525 751 887 817 orationem
952 751 1234 819 habebat
1299 753 1501 839 vulgo
1565 754 2139 820 accommodatam.

205 838 399 921 Saepe
444 844 665 902 tamen
710 839 966 903 interea
1019 840 1311 906 monitus
1353 840 1481 905 fuit
1520 839 1593 905 in
1636 849 1964 906 conventu
2009 842 2140 906 fra-

205 933 394 1000 trum,
440 944 641 1006 quum
687 922 768 989 de
812 924 957 990 aliis
1002 925 1184 990 vitiis
1203 925 1260 1012 θ)
1315 932 1461 990 1616
1505 925 1588 990 (16
1631 925 2034 1011 negligentia
2074 934 2143 992 et

203 1008 502 1077 dissoluto
579 1009 752 1075 vitae
825 1031 1083 1093 genere.
1202 1011 1308 1077 Ab
1387 1031 1594 1076 uxore
1669 1013 1866 1087 etiam
1934 1013 2144 1077 multa

203 1093 583 1163 offendicula
625 1095 1036 1174 oriebantur,
1097 1095 1209 1161 sed
1255 1096 1422 1161 nihil
1464 1098 1652 1181 peius
1696 1118 1817 1163 nos
1859 1097 2144 1164 habebat

237 1203 382 1247 uam
426 1181 597 1264 quod
640 1182 710 1246 in
747 1181 1058 1264 cauponis
1102 1183 1504 1266 frequentior
1539 1191 1681 1248 erat
1714 1205 1908 1266 quam
1945 1184 2138 1249 domi.

198 1205 380 1350 216οά
441 1267 584 1332 fieri
642 1288 775 1333 non
828 1274 1085 1351 poterat
1142 1269 1304 1351 quin
1363 1276 1625 1335 voraret
1679 1291 1812 1334 uno
1867 1269 2143 1352 prandio

198 1353 319 1419 diei
373 1352 567 1419 unius
624 1351 1025 1435 stipendium
1083 1375 1210 1437 666
1270 1375 1341 1419 66
1385 1364 1452 1419 61
1492 1376 1765 1420 uxorem
1810 1354 1986 1421 alere
2031 1356 2142 1421 de·

195 1438 399 1517 bebat,
449 1445 516 1503 et
547 1438 804 1504 interea
838 1438 1023 1524 vulgi
1069 1440 1477 1506 sermonibus
1517 1462 1650 1505 6611
1686 1461 1755 1505 66
1791 1440 1982 1506 modo
2027 1440 2142 1507 sed

196 1546 411 1592 omnes
435 1524 768 1590 ministros
784 1531 1161 1608 exponeret.
1201 1524 1475 1593 Sodales
1498 1525 1783 1591 habebat
1804 1526 2142 1593 helluones

235 1608 506 1676 uosdam
550 1610 889 1694 prostituti
932 1610 1222 1694 pudoris,
1268 1613 1379 1693 qui
1417 1612 1755 1678 infamiam
1792 1612 2137 1697 augebant.

195 1632 411 1779 Quum
458 1717 570 1761 eos
609 1707 870 1779 ceperat
912 1696 1093 1763 urbis
1136 1696 1503 1776 fastidium,
1561 1699 1766 1763 animi
1809 1720 2009 1764 causa
2050 1700 2144 1766 sic

190 1781 674 1848 rusticabantur
709 1793 785 1847 ut
820 1781 1150 1865 aliquanto
1188 1782 1335 1866 plus
1369 1783 1669 1849 licentiae
1706 1782 2140 1868 indulgerent.

190 1867 263 1933 Id
300 1866 398 1932 illi
433 1866 692 1951 placide
728 1867 1089 1951 aliquoties,
1127 1868 1241 1934 sed
1281 1879 1501 1934 tamen
1540 1891 1768 1936 severe
1805 1881 2146 1936 ostensum

187 1953 321 2019 fuit.
369 1954 601 2037 Atqui,
648 1963 960 2036 tanquam
1005 1952 1436 2020 humanitatis
1480 1954 1721 2021 oblitus
1765 1957 1948 2034 foret,
1995 1957 2145 2021 nul-

187 2039 317 2104 lum
363 2040 859 2121 resipiscentiae
902 2040 956 2105 si
1008 2062 1169 2105 num
1227 2040 1545 2123 praebuit.
1632 2041 1805 2106 Nam
1849 2044 2019 2107 sicut
2061 2041 2145 2108 ad

184 2124 407 2209 populi
472 2124 716 2190 famam
788 2125 962 2191 occa]
991 2134 1207 2204 uerat,
1265 2127 1361 2191 ita
1424 2136 1680 2191 nostras
1747 2127 2145 2194 monitiones

186 2232 390 2295 parvo
462 2212 853 2276 aestimavit.
943 2212 1158 2296 Ergo,
1226 2211 1353 2276 nisi
1414 2211 1749 2277 hominem
1816 2212 2146 2296 perditum

183 2297 538 2374 vellemus,
598 2297 963 2362 remedium
1026 2298 1213 2364 nobis
1257 2319 1462 2363 unum
1509 2297 1827 2376 restabat,
1871 2321 1910 2363 a
1955 2298 2145 2364 soda-

181 2382 355 2462 litiis,
405 2382 648 2465 quibus
684 2394 914 2466 sponte
949 2404 1288 2468 nunquam
1324 2385 1794 2463 renunciasset,
1831 2406 1983 2450 eum
2018 2386 2147 2452 loci

179 2469 505 2536 distantia
549 2490 903 2535 removere.

347 2557 484 2621 Est
518 2557 587 2620 in
622 2556 1029 2639 praefectura
1062 2555 1464 2620 'Bononiensi
1501 2556 1824 2638 parochia,
1846 2560 1899 2627 7)
1946 2556 2145 2623 116166

178 2642 499 2708 ecclesiae
555 2641 941 2707 membrum.
1032 2640 1342 2707 Minister
1399 2643 1538 2706 eius
1582 2642 1705 2707 loci
1753 2641 1945 2725 paulo
1991 2656 2145 2707 ante

174 2738 489 2793 mortuus
533 2736 690 2792 erat.
752 2726 982 2793 Donec
1021 2747 1357 2801 successor
1393 2736 1564 2792 esset
1596 2726 1937 2793 ordinatus
1973 2750 2145 2794 unus

178 2835 254 2878 ex
300 2814 506 2879 nobis
549 2813 708 2879 illuc
753 2812 857 2885 die
902 2810 1229 2879 dominico
1275 2814 1823 2896 proficiscebatur.
1889 2814 2146 2878 Etiam

172 2919 406 2964 61111166
455 2897 643 2964 1111116
680 2899 971 2963 1611116111
1007 2900 1150 2964 viee
1187 2920 1303 2964 sua
1340 2899 1665 2982 perfuncti
1703 2909 1911 2976 erant,
1958 2921 2144 2982 prae-

172 2992 270 3049 ter
340 2984 693 3050 Calvinum
759 2995 826 3050 et
890 2983 1096 3049 illum.
1191 2984 1468 3068 Recepit
1525 3006 1681 3069 ergo
1745 3006 1815 3050 se
1871 2986 2142 3051 iturum.

168 3071 517 3136 Postridie
561 3070 877 3149 innotuit,
924 3069 1113 3135 domo
1158 3070 1389 3154 pedem
1438 3092 1567 3135 non
1615 3071 1915 3137 movisse.
2009 3071 2145 3137 Nos

169 3159 472 3223 ministri
536 3157 719 3223 urbis
779 3176 911 3221 non
966 3157 1247 3240 amplius
1293 3154 1727 3221 differendum
1772 3159 2145 3223 censuimus

168 3244 325 3325 quin
397 3243 569 3308 illuc
635 3243 1026 3307 mitteretur.
1116 3241 1442 3308 Iudicium
1509 3251 1810 3307 nostrum
1876 3255 2145 3309 senatus

169 3328 656 3412 comprobavit.
674 3331 732 3404 ³)
801 3326 1026 3408 Quum
1071 3335 1292 3392 tamen
1337 3327 1549 3393 adhuc
1591 3329 1896 3393 nonnihil
1943 3330 2145 3394 refra-

169 3425 473 3498 garetur,
524 3423 663 3479 tota
705 3419 979 3479 fratrum
1028 3414 1446 3498 congregatio
1491 3413 1556 3478 id
1602 3415 1810 3479 scivit.
1899 3416 2146 3481 Passus

168 3509 270 3564 est
310 3503 556 3583 itaque
600 3520 671 3565 se
706 3499 992 3565 ordinari
1041 3499 1176 3566 illic
1211 3520 1252 3563 a
1289 3502 1490 3564 fratre
1525 3509 1753 3564 nostro
1793 3499 2067 3568 Calvino.
2090 3503 2143 3577 ⁰)

164 3584 302 3651 Nos
373 3583 549 3669 quid
612 3586 858 3651 sentiat
918 3586 1032 3650 1116
1096 3607 1181 3650 ex
1235 3584 1539 3668 operibus
1606 3587 1962 3652 cernimus:
2030 3587 2144 3651 sed

165 3668 406 3736 ludum
487 3672 806 3753 puerilem
871 3692 1013 3736 esse
1078 3691 1210 3735 non
1265 3681 1572 3754 putamus
1631 3693 1832 3754 quum
1888 3671 2142 3737 solenni

165 3756 300 3822 ritu
364 3757 717 3823 addicitur
773 3759 884 3822 uni
944 3757 1251 3822 ecclesiae
1316 3757 1618 3821 minister
1680 3777 1831 3822 cum
1889 3757 2146 3840 publica

164 3844 469 3908 nominis
513 3842 644 3908 Dei
689 3843 1121 3909 invocatione.
1211 3842 1406 3907 Nunc
1451 3842 1797 3926 intelligite
1841 3843 1998 3925 quid
2044 3864 2144 3908 se-

163 3938 456 4012 quutum
512 3931 617 3993 sit.
710 3928 1038 4010 Quoniam
1085 3949 1255 3993 uxor
1298 3935 1442 3993 erat
1482 3930 1701 4012 partui
1749 3928 1983 4006 vicina,
2030 3951 2143 3994 vc·

162 4015 345 4079 niam
412 4015 555 4080 sibi
618 4015 759 4080 dari
819 4014 1034 4097 petiit,
1094 4015 1148 4079 si
1194 4035 1326 4079 non
1371 4022 1501 4077 tam
1549 4015 1675 4079 cito
1719 4014 2033 4080 familiam
2079 4023 2146 4079 et

161 4100 666 4184 supellectilem
689 4122 874 4166 suam
898 4100 1054 4165 illuc
1085 4100 1492 4164 transferret:
1534 4122 1603 4164 se
1640 4107 1858 4164 tamen
1895 4102 2145 4166 interea

159 4207 293 4251 non
366 4187 771 4252 defuturum
834 4185 1267 4252 concionibus.
1359 4185 1715 4250 Dilationis
1785 4188 1981 4251 venia
2045 4186 2142 4251 illi

160 4268 316 4337 data
383 4281 502 4338 est
575 4270 660 4338 ad
722 4283 970 4339 certum
1039 4282 1313 4354 tempus.
1403 4270 1556 4335 Non
1599 4272 1927 4355 praestitit
1970 4272 2144 4355 quod

155 4360 598 4439 promiserat.
628 4361 712 4434 ¹⁰)
757 4356 1053 4424 Subinde
1090 4359 1265 4422 enim
1302 4354 1644 4440 eligendus
1681 4365 1825 4422 erat
1849 4379 1930 4423 ex
1955 4359 2143 4424 nobis

369 4564 438 4627 6)
488 4563 732 4632 Saepius
777 4565 876 4618 hoc
909 4564 1031 4631 ipso
1066 4578 1214 4618 anno
1251 4564 1368 4617 eius
1403 4564 1599 4616 mentio
1631 4564 1696 4628 fit
1726 4563 1788 4615 in
1822 4567 2142 4616 commenta-

155 4632 258 4685 riis
313 4640 573 4688 mantus
626 4632 701 4697 (6.
739 4634 891 4701 Apr.,
933 4633 1017 4685 19.
1056 4632 1186 4698 Iun„
1225 4632 1308 4685 20.
1344 4632 1473 4698 Iul.)
1532 4649 1698 4701 quum
1748 4632 1908 4684 modo
1960 4632 2144 4698 stupri

152 4702 316 4756 modo
353 4702 692 4758 calumniae
729 4707 922 4755 contra
946 4701 1251 4754 Beruenses
1286 4707 1572 4756 accusatus
1605 4701 1957 4770 inquisitione
1986 4699 2142 4765 facta

155 4771 289 4825 vele
309 4785 561 4826 carcere
584 4770 846 4824 liberatus
884 4770 966 4824 vel
999 4784 1188 4823 severa
1222 4770 1594 4825 admonitione
1627 4771 1927 4837 castigatus
1954 4768 2140 4834 fuerit.

369 4838 438 4904 7)
483 4838 811 4892 Draillaaa.
852 4838 1023 4891 Cuius
1058 4839 1366 4892 ministrum
1406 4838 1489 4892 Io.
1512 4837 1767 4905 Reyalem
1791 4837 1986 4892 laudat
2007 4837 2140 4907 Rey.

152 4906 228 4961 aa
268 4907 532 4974 06116611
554 4907 605 4960 1.
646 4907 774 4960 Iun.
815 4905 980 4961 1544.-
1026 4907 1130 4960 Me.
1169 4907 1388 4977 Regalis
1435 4907 1723 4977 predicant
1766 4907 1835 4960 de
1868 4906 2141 4960 Drallians

152 4983 237 5028 est
272 4978 387 5030 alle
427 4995 468 5029 a
510 4976 656 5029 Dieu
694 4975 762 5029 de
837 4983 952 5029 este
989 4984 1044 5029 et
1077 4993 1139 5028 sa
1169 4975 1366 5029 femme
1402 4992 1580 5045 anssy.

31 5041 34 5050 '
364 5046 435 5114 8)
481 5045 633 5113 Bey.
669 5045 748 5099 du
786 4993 1003 5100 gamen]
1035 5043 1120 5098 29.
1159 5045 1321 5099 Iuni'
1373 5043 1452 5097 11.
1492 5043 1632 5098 Iulii
1667 5040 1820 5096 1545.

31 5133 34 5174 s
366 5115 434 5182 9)
479 5113 603 5167 Me.
631 5112 820 5167 Calvin
856 5132 890 5166 a
925 5119 1040 5167 este
1077 5130 1201 5167 vers
1225 5114 1298 5168 M.
1344 5130 1374 5166 6
1399 5112 1600 5166 baillifz
1634 5113 1702 5166 de
1740 5111 1969 5165 Thonon
2078 5129 2144 5164 ur

153 5191 459 5250 presenter
499 5182 678 5236 Cham
721 5199 880 5235 ereau
970 5182 1214 5235 redicant
1255 5182 1324 5236 de
1359 5182 1630 5235 Drallians
1668 5179 1824 5247 (ibid.
1861 5179 1942 5234 13.
2017 5181 2144 5249 aL).

333 5253 437 5319 10)
485 5249 648 5307 Ιὺίᾱ.
720 5249 767 5305 7.
801 5257 854 5306 et
885 5199 971 5304 28.
1010 5250 1153 5320 Aug.
1230 5251 1309 5307 Ob
1342 5251 1720 5321 neqliqmtiam
1755 5265 1791 5304 a
1830 5247 2036 5305 Senatu
2067 5249 2142 5304 ci·

156 5323 302 5376 ‘alm
337 5334 444 5376 est.

1929 398 2090 461 1545
2135 391 2461 461 OOTOB.

4084 393 4205 459 198

2245 579 2358 662 qui
2403 577 2656 644 subiret
2697 578 2841 645 eius
2885 579 3080 646 vices.
3171 579 3438 646 Interea
3491 579 3691 646 certis
3734 578 3996 646 indiciis
4038 579 4205 646 olfa-

2244 664 2577 730 ciebamus
2655 663 2784 729 alio
2859 686 3012 730 eum
3075 663 3444 748 adspirare:
3511 665 3627 732 sed
3691 664 4202 746 dissimulamus,

2245 748 2454 816 donec
2493 749 2738 834 passim
2784 749 3087 817 volitaret
3141 773 3383 825 rumor,
3441 773 3593 817 eum
3647 751 4074 836 subrogatum
4120 752 4205 818 iri

2246 836 2645 903 Bernetensi
2686 836 3006 902 ministro.
3070 834 3389 904 Claudius
3427 837 3724 916 Veronae,
3771 858 4052 920 quocum
4095 860 4205 905 ca-

2246 921 2483 1005 pitales
2548 931 2932 987 exercuerat
2991 922 3388 1001 inimicitias,
3454 922 3758 989 assiduus
3823 923 3996 1005 apud
4051 945 4204 989 eum

2246 1020 2404 1073 erat.
2484 1008 2555 1073 Is
2598 1007 2953 1092 negotium,
2999 1008 3059 1074 si
3103 1029 3264 1075 vera
3303 1010 3429 1075 fuit
3462 1010 3655 1088 fama,
3698 1010 3970 1094 peregit.
4060 1009 4206 1076 Imo

2247 1093 2408 1159 satis
2466 1093 2800 1177 patefecit,
2859 1093 3029 1159 nihil
3084 1101 3330 1160 temere
3375 1095 3455 1160 de
3500 1116 3570 1160 se
3614 1094 3815 1160 fuisse
3859 1094 4198 1161 creditum.

2245 1178 2464 1245 'Pestis
2509 1180 2686 1243 enim
2730 1188 2832 1245 est
2873 1187 3012 1244 tota
3054 1180 3280 1247 classis
3303 1180 3611 1248 Gaiensis
3654 1201 3854 1263 quam
3898 1180 4203 1264 petulan-

2247 1278 2346 1330 ter
2403 1285 2476 1331 se
2520 1266 2800 1349 gesserit
2861 1273 2939 1330 ut
3002 1287 3153 1332 eum
3219 1267 3448 1349 quovis
3512 1266 3707 1331 modo
3769 1276 4203 1349 promoveret.

2246 1350 2349 1416 Re
2393 1351 2868 1435 propemodum
2912 1351 3210 1418 convicta
3251 1352 3711 1418 admonuimus
3745 1360 3823 1417 ut
3865 1372 3938 1418 se
3962 1373 4204 1437 purga-

2247 1442 2377 1501 ret:
2426 1456 2544 1502 nos
2588 1436 2766 1501 enim
2808 1446 3064 1502 reatum
3100 1439 3230 1502 iam
3268 1438 3594 1504 sustinere
3628 1459 3846 1504 coram
3886 1438 4028 1503 Deo
4066 1446 4206 1504 tam

2244 1522 2483 1606 longae
2518 1522 2917 1601 cessationis,
2956 1531 3022 1589 et
3056 1522 3232 1607 apud
3266 1523 3565 1589 homines
3600 1525 3880 1608 flagrare
3915 1523 4202 1602 infamia,

2246 1608 2420 1690 quod
2465 1616 2775 1690 putarent
2827 1629 2946 1673 1166
3004 1617 3239 1692 sponte
3296 1611 3664 1676 connivere.
3755 1609 3932 1690 Quia
3970 1609 4051 1674 fri
4104 1609 4207 1675 ‘de

2247 1703 2510 1759 tantum
2554 1693 2855 1778 negabat,
2898 1695 3210 1760 iussimus
3251 1704 3325 1759 ut
3368 1696 3448 1760 ad
3496 1697 3657 1762 haec
3700 1695 3832 1761 tria
3873 1702 4068 1778 postu
4096 1702 4208 1761 ata

2248 1777 2436 1845 nobis
2500 1777 2954 1864 responderet:
3020 1782 3269 1846 Annon
3336 1803 3410 1847 eo
3466 1782 3718 1848 6666616
3785 1801 3860 1847 ac
3922 1780 4201 1858 volente,

2246 1865 2379 1930 imo
2434 1864 2634 1930 etiam
2688 1875 2994 1949 rogante,
3055 1866 3375 1949 agitatum
3435 1868 3602 1932 foret
3644 1868 3724 1932 de
3764 1888 3840 1933 66
3883 1866 3952 1932 16
3989 1867 4201 1933 1666111

2249 1950 2520 2017 Ioannis
2562 1951 2988 2017 Bernetensis
3031 1953 3492 2036 subrogando?
3537 1951 3813 2030 Deinde,
3856 1974 4062 2036 quum
4098 1973 4206 2018 or-

2250 2037 2512 2102 dinatus
2555 2037 2770 2101 fuerat
2812 2036 3142 2103 Dralliani
3183 2048 3426 2122 pastor,
3473 2060 3558 2104 an
3603 2039 3772 2104 serio
3814 2039 4210 2122 suscepisset

2249 2123 2391 2188 eius
2436 2121 2744 2189 ecclesiae
2788 2134 3032 2200 curam,
3078 2145 3165 2188 66
3208 2145 3366 2189 vero
3412 2124 3588 2190 aliud
3624 2125 3759 2190 iam
3793 2131 3952 2191 tunc
3988 2124 4207 2190 animo

2248 2210 2652 2291 propositum
2719 2207 3029 2274 haberet?
3119 2210 3338 2274 Tertio
3397 2232 3499 2286 an,
3564 2232 3767 2293 quum
3833 2208 4208 2275 admonitus

2251 2295 2465 2359 fuerat
2508 2315 2548 2357 a
2590 2293 2779 2359 nobis
2824 2292 2903 2359 de
2948 2295 3229 2362 statione
3274 2295 3410 2360 illic
3454 2295 3735 2379 figenda,
3784 2296 3954 2361 serio
3999 2302 4206 2361 testa-

2250 2388 2357 2445 tus
2400 2389 2575 2446 esset
2617 2380 2998 2462 6166616666
3041 2381 3292 2459 anime,
3361 2383 3581 2446 statim
3629 2402 3701 2447 se
3744 2382 4206 2467 migraturum.

2250 2487 2421 2531 anne
2465 2467 2779 2548 temporis
2823 2487 3022 2531 causa
3065 2464 3189 2531 hoc
3232 2466 3574 2532 finxisset?
3633 2467 3911 2531 Nullum
3955 2468 4079 2532 fuit
4123 2488 4207 2533 ex

2251 2550 2460 2617 tribus
2504 2552 2750 2636 rogatis
2795 2550 2876 2616 de
2919 2572 3046 2634 quo
3090 2562 3343 2617 certum
3390 2552 3635 2635 aliquid
3671 2560 3740 2617 et
3773 2554 4043 2636 planum
4091 2574 4207 2636 po-

2249 2638 2576 2702 tuerimus
2619 2636 2868 2703 elicere.
2961 2639 3248 2702 Tantum
3308 2637 3692 2722 ambagibus
3737 2648 3806 2703 et
3848 2637 4206 2705 involucris

2249 2722 2537 2804 effugere
2585 2733 2857 2788 conatus
2900 2730 3017 2788 est.
3065 2722 3370 2789 Secundo
3414 2733 3762 2790 revocatus
3806 2724 4094 2807 perstitit
4134 2724 4207 2788 in

2250 2830 2366 2874 suo
2411 2808 2525 2874 1116
2571 2808 3053 2893 tergiversandi
3087 2808 3381 2876 artificio.

2424 2895 2632 2960 Porro
2674 2894 3053 2960 missionem
3096 2893 3220 2960 sibi
3256 2895 3398 2960 dari
3437 2894 3682 2972 volens,
3730 2904 3797 2960 at
3842 2894 4203 2972 honestam,

2249 2988 2365 3045 aut
2398 2980 2630 3046 saltem
2670 2980 2916 3064 absque
2953 2980 3354 3066 ignominiae
3390 2989 3566 3060 nota,
3603 2988 4026 3064 praetextum
4047 2980 4207 3045 affe·

2249 3064 2438 3132 rebat
2490 3067 2661 3151 quod
2717 3074 2984 3152 propter
3037 3089 3308 3152 gravem
3368 3067 3592 3133 uxoris
3645 3067 3946 3134 morbum
3991 3087 4206 3151 116666

2252 3153 2357 3218 1116
2405 3175 2614 3236 66666
2658 3153 2813 3219 611111
2857 3175 3134 3237 usquam
3174 3153 3537 3219 ministerio
3574 3155 3759 3237 fungi
3803 3162 4022 3236 posset
4054 3160 4207 3219 ante

2250 3260 2367 3303 sex
2404 3260 2683 3306 menses.
2745 3239 2893 3305 Hoc
2929 3259 3082 3304 eum
3118 3240 3384 3324 mentiri
3421 3261 3624 3323 quum
3658 3261 3741 3304 ex
3782 3238 3997 3305 verbis
4036 3237 4207 3305 male

2247 3324 2749 3390 cohaerentibus
2791 3325 3164 3408 apparebat,
3210 3334 3351 3391 tum
3392 3326 3544 3409 quia
3587 3325 3764 3390 domi
3806 3324 3903 3389 illi
3948 3322 4206 3390 excide-

2248 3421 2354 3475 rat
2399 3432 2529 3476 vox
2573 3412 2803 3493 impia:
2851 3409 3032 3476 brevi
3076 3412 3157 3476 ab
3203 3411 3326 3477 hac
3369 3410 3723 3496 tyrannide
3756 3411 3828 3474 in
3863 3430 3991 3493 qua
4034 3418 4208 3476 esset

2249 3497 2602 3564 exiturum.
2670 3497 2881 3562 Erant
2920 3497 3133 3563 iustae
3177 3517 3410 3563 causae
3454 3520 3571 3564 cur
3615 3496 3976 3561 ministerio
4021 3494 4207 3561 abdi-

2248 3590 2544 3661 caretur,
2611 3593 2725 3648 aut
2786 3581 3022 3648 saltem
3086 3581 3167 3647 ad
3234 3591 3529 3656 senatum
3607 3583 4009 3660 mitteretur,
4077 3602 4205 3665 quo

2248 3667 2672 3734 iureiurando
2728 3668 3105 3752 adigeretur
3161 3668 3245 3732 ad
3289 3668 3663 3746 canonicam
3724 3668 4199 3751 purgationem.

2247 3754 2722 3838 Praeterquam
2789 3755 2966 3836 enim
3029 3753 3199 3836 quod
3268 3753 3767 3819 vehementibus
3823 3752 4079 3819 indiciis
4135 3762 4203 3819 et

2248 3844 2583 3904 communi
2626 3841 2802 3905 fama
2845 3839 3277 3923 premebatur,
3342 3841 3794 3925 responsiones
3839 3846 4006 3917 ciue,
4050 3860 4202 3921 par-

2248 3925 2368 3989 tim
2434 3925 2822 4009 flexiloquae
2887 3926 3124 4009 partim
3178 3933 3623 4004 contumaces,
3682 3946 3833 3990 eum
3878 3946 4015 3990 11611
4057 3946 4200 3990 6666

2247 4011 2663 4077 innocentem
2730 4012 3106 4094 prodebant.
3196 4011 3574 4078 Humanius
3632 4021 3856 4076 tamen
3916 4031 4067 4076 cum
4123 4031 4198 4075 eo

2247 4098 2521 4180 egimus
2570 4096 2677 4162 Ad
2712 4107 3014 4163 senatum
3050 4097 3348 4163 misimus
3377 4101 3460 4172 ¹¹)
3507 4107 3639 4163 tres
3684 4118 3768 4162 ex
3812 4103 4031 4162 nostro
4067 4096 4199 4161 col·

2246 4182 2419 4267 legio
2454 4182 2565 4266 qui
2599 4183 2744 4266 ipso
2781 4182 3087 4248 audiente
3122 4192 3577 4266 exposcerent:
3622 4183 3812 4248 iustis
3858 4204 3933 4248 ac
3975 4202 4199 4248 neces—

2246 4269 2437 4334 sariis
2504 4269 2718 4334 causis
2782 4290 2903 4334 nos
2966 4269 3168 4334 fuisse
3221 4269 3588 4353 compulsos
3645 4268 3730 4334 ad
3787 4289 3936 4332 611111
3984 4275 4200 4332 trans-

2243 4353 2607 4420 ferendum.
2668 4356 2845 4420 Eum
2890 4354 3184 4438 legitimo
3226 4356 3358 4419 ritu
3401 4355 3599 4421 fuisse
3643 4353 4037 4430 ordinatum,
4081 4374 4199 4417 nos

2247 4451 2471 4506 tamen
2529 4442 2727 4507 certis
2784 4441 2992 4524 signis
3045 4438 3619 4519 animadvertisse,
3676 4460 3924 4505 meram
3997 4437 4198 4502 fuisse

2247 4526 2732 4592 simulationem
2777 4526 2945 4610 quod
2990 4548 3060 4591 se
3099 4545 3330 4608 passus
3374 4526 3606 4593 fuisset
3649 4525 3958 4591 ordinari.
4005 4523 4200 4588 Nunc

2245 4633 2399 4677 eum
2434 4614 2813 4678 missionem
2849 4621 3087 4695 petere.
3136 4609 3512 4677 Obtendere
3549 4632 3781 4678 causas
3818 4630 3980 4693 quae
4016 4608 4199 4672 nullo

2245 4698 2440 4763 modo
2500 4698 2687 4764 nobis
2744 4699 3195 4782 probarentur.
3284 4698 3420 4762 Nos
3475 4698 3738 4780 quidem
3784 4714 4196 4777 nequaquam

2247 4795 2512 4850 autores
2578 4805 2719 4851 esse
2784 4786 2926 4850 6166
2991 4783 3347 4860 retinendi,
3414 4784 3568 4866 quia
3626 4782 3881 4847 inutilis
3938 4781 4199 4844 futurus

2247 4880 2448 4934 esset:
2507 4871 2620 4936 sed
2676 4872 2893 4954 potius
2938 4868 3439 4952 relinquendum
3481 4890 3622 4934 esse
3668 4877 3743 4932 ut
3787 4866 4029 4943 abiret,
4072 4865 4198 4928 im-

2248 4955 2518 5037 probato
2561 4965 2783 5021 tamen
2827 4977 2903 5022 ac
2948 4955 3258 5020 damnato
3301 4955 3444 5020 eius
3490 4952 3793 5020 discessu.
3855 4951 4002 5016 Nisi
4037 4950 4200 5015 haec

2245 5042 2466 5106 omnia
2498 5044 2637 5126 ipse
2677 5042 3082 5125 approbaret,
3126 5040 3197 5105 in
3232 5039 3562 5105 mandatis
3600 5038 3927 5106 habebant
3963 5037 4204 5102 fratres

2419 5314 2483 5367 11
2491 5322 2513 5381 )
2549 5313 2602 5368 a.
2638 5312 2688 5366 s.
2728 5311 2872 5381 Sept.

3688 5396 3785 5449 13*
