4825 6175
201 456 311 520 493

200 639 446 711 Eximio
487 636 767 702 Domini
810 636 1018 703 nostri
1064 637 1220 702 Iesu
1260 636 1517 708 Christi
1558 656 1750 702 servo
1791 632 2146 717 Rodulpho

355 723 724 791 Gualthero
783 723 928 789 viro
987 722 1364 790 doctissimo
1418 722 1729 788 ecclesiae
1786 720 2144 805 Tigurinae

357 811 603 910 pastori
634 808 1147 893 vigilantissimo
1177 810 1366 874 ftatri
1402 816 1468 873 et
1501 817 1907 893 symmystae
1943 827 2140 889 quam

354 915 695 963 carisslmo

1583 978 1833 1062 Tiguri.

354 1117 423 1185 S.
515 1119 770 1184 Munus
828 1117 1068 1184 misisti
1127 1116 1211 1182 ad
1255 1138 1362 1181 me
1407 1137 1642 1199 parum
1684 1114 2032 1199 plausibile
2076 1125 2142 1180 et

191 1205 373 1271 valde
418 1204 840 1283 horrendum,
886 1205 1018 1269 imo
1062 1211 1435 1267 monstrum
1479 1223 1599 1285 pro
1644 1222 1936 1267 munere.
2010 1201 2142 1266 Mi·

192 1294 323 1357 sisti
362 1290 851 1356 Antichristum
877 1291 926 1372 ¹)
973 1289 1236 1366 scilicet,
1291 1288 1500 1353 feram
1546 1309 1622 1353 ac
1661 1290 2015 1353 immanem
2061 1287 2142 1350 il-

189 1379 310 1443 lam
365 1376 651 1444 belluam
670 1427 684 1452 ,
744 1395 910 1458 quae
966 1376 1226 1440 feritate
1284 1383 1355 1438 et
1408 1372 1796 1440 crudelitate
1854 1372 2139 1455 reliquas

190 1485 408 1529 omnes
442 1469 741 1544 superat,
797 1482 926 1544 qua
982 1460 1243 1525 nullum
1297 1459 1580 1542 denique
1625 1468 1727 1524 est
1767 1467 2138 1525 monstrum

187 1549 527 1633 sang-uinis
606 1548 816 1612 nostri
897 1553 966 1611 et
1055 1546 1316 1629 piorum
1391 1546 1688 1610 omnium
1785 1545 2134 1609 sitientius.

185 1635 351 1699 Vide
406 1634 616 1717 igitur
661 1641 982 1716 quantum
1040 1631 1312 1697 terroris
1372 1639 1438 1694 et
1491 1629 1783 1696 horroris
1839 1632 2136 1696 incutere

187 1720 404 1786 debuit
445 1740 693 1784 munus
737 1727 945 1782 tuum.
1036 1718 1277 1781 Nonne
1320 1717 1537 1800 potius
1583 1716 1791 1782 hostis
1832 1717 2136 1781 infensis-

186 1807 328 1872 simi
384 1827 629 1871 munus
686 1826 726 1869 a
781 1825 890 1868 me
944 1803 1311 1868 existimari
1369 1801 1623 1878 debuit,
1691 1819 1884 1884 quam
1942 1802 2136 1867 amici

183 1892 439 1975 qualem
508 1901 574 1955 te
639 1911 899 1971 semper
959 1889 1128 1952 mihi
1194 1909 1337 1953 esse
1391 1887 1732 1970 persuasi?
1831 1886 1910 1950 Id
1971 1887 2137 1951 mihi

179 1979 370 2061 plane
417 1976 499 2042 de
544 1984 611 2041 te
665 1974 1087 2041 statuendum
1143 1980 1315 2051 erat,
1375 1975 1502 2038 nisi
1558 1980 1930 2038 monstrum
1967 1972 2136 2037 illud

181 2079 310 2128 tam
355 2061 758 2127 horrendum
805 2062 969 2126 bene
1004 2059 1376 2143 iugulatum
1418 2070 1535 2124 tuo
1568 2080 1762 2141 quem
1808 2080 1847 2123 a
1870 2058 2135 2124 Christo

178 2149 485 2233 accepisti
529 2147 747 2231 gladio
806 2147 970 2211 mihi
1029 2146 1458 2228 spectandum
1502 2144 1865 2209 obtulisses.
1953 2144 2135 2228 Ergo

175 2235 338 2299 bene
385 2235 588 2300 habet
630 2231 808 2315 quod
851 2232 1052 2297 talem
1088 2230 1171 2295 ad
1207 2251 1312 2295 me
1347 2230 1607 2295 miseris
1630 2230 2131 2307 Antichristum,

172 2321 280 2403 qui
324 2321 500 2386 mihi
542 2319 816 2403 posthac
858 2333 970 2383 tua
1013 2337 1213 2400 opera
1255 2314 1591 2400 iugulatus
1635 2317 1854 2379 minus
1909 2315 2131 2379 formi-

174 2406 406 2473 dabilis
451 2406 717 2470 futurus
761 2413 878 2469 est.
947 2401 1237 2468 Proinde
1272 2401 1392 2466 tibi
1430 2400 1673 2483 duplici
1710 2402 1974 2466 nomine
2010 2422 2133 2484 ago

171 2494 451 2576 gratias:
514 2493 800 2574 primum
862 2488 1035 2572 quod
1090 2486 1424 2570 publicum
1465 2485 1653 2550 illum
1699 2486 1975 2551 humani
2018 2506 2132 2569 ge-

168 2579 348 2642 neris
393 2590 466 2643 et
511 2587 886 2642 sanctorum
940 2575 1236 2639 omnium
1294 2572 1548 2636 hostem
1608 2571 1958 2656 iugulatis,
2019 2571 2130 2637 de·

166 2664 319 2727 inde
388 2661 570 2746 quod
618 2662 963 2727 hominum
1024 2659 1322 2723 ludibriis
1379 2665 1571 2740 putre
1628 2654 1795 2723 illud
1853 2656 2133 2723 cadaver

167 2748 714 2814 subsannandum
758 2755 825 2812 et
861 2744 1270 2810 illudendum
1325 2745 1777 2827 proposueris,
1836 2743 2130 2826 mihique

162 2835 339 2898 inter
388 2836 640 2918 primos
684 2834 751 2898 id
793 2831 1093 2898 beneficii
1145 2830 1503 2896 contuleris
1559 2838 1634 2893 ut
1688 2828 1804 2894 abs
1864 2837 1929 2894 te
1974 2850 2127 2895 con-

161 2921 414 2986 fossum
460 2920 686 2986 videre
725 2919 1008 2988 licuerit.
1077 2915 1211 2982 Sed
1248 2915 1414 2980 mihi
1449 2914 1623 2979 dolet
1655 2914 1828 2997 quod
1864 2914 2128 2980 audiam

162 3013 226 3070 te
269 3013 416 3072 tam
482 3006 610 3072 cito
668 3004 956 3090 experiri
1014 3002 1185 3086 quod
1244 3002 1323 3066 de
1382 3022 1458 3065 eo
1516 3001 1853 3083 scripsisti.
1952 3001 2126 3066 Nam

161 3093 267 3159 hic
312 3114 555 3158 rumor
601 3100 719 3171 est,
780 3091 897 3156 tibi
941 3091 1022 3155 ob
1068 3090 1266 3154 huius
1322 3085 1525 3153 libelli
1579 3086 1933 3152 editionem
1974 3108 2125 3171 gra-

162 3179 477 3245 vissimas
495 3230 509 3257 ,
568 3200 704 3243 non
761 3176 972 3242 solnm
1031 3176 1155 3241 tibi
1211 3175 1326 3238 sed
1383 3176 1499 3238 toti
1545 3183 1808 3238 vestrae
1850 3173 2124 3249 civitati,

35 3244 38 3315 3³
157 3264 361 3330 huius
411 3285 615 3348 opera
671 3264 901 3328 turbas
954 3284 1094 3325 esse
1149 3261 1485 3326 excitatas.
1506 3262 1562 3335 2)
1651 3258 1879 3325 Sensit
1931 3257 2126 3323 letale

158 3351 409 3417 vulnus
453 3358 649 3433 atque
705 3350 852 3415 ideo
907 3349 1072 3412 furit
1117 3357 1250 3411 tam
1286 3346 1704 3428 impatienter
1747 3352 1815 3410 et
1858 3354 1995 3409 tam
2031 3345 2126 3409 in·

156 3436 513 3515 domitum,
559 3433 677 3501 sed
719 3437 980 3500 frustra.
1070 3433 1335 3498 Interea
1391 3442 1617 3496 tamen
1675 3452 1809 3495 non
1853 3430 2124 3510 desinet,

155 3523 483 3604 quamdiu
521 3521 626 3588 vel
659 3523 910 3606 spirare
952 3518 1233 3597 dabitur,
1270 3517 1459 3583 nobis
1495 3517 1918 3599 gravissimos
1952 3516 2126 3582 ciere

151 3618 381 3675 motus
432 3616 503 3674 et
546 3607 940 3692 gravissima
983 3625 1315 3671 accersere
1372 3603 1693 3686 pericula,
1758 3603 1862 3670 vel
1917 3623 2126 3685 usque

151 3696 233 3759 ad
276 3704 670 3760 extremum
711 3692 938 3758 foetidi
982 3701 1050 3756 et
1084 3690 1384 3773 sacrilegi
1431 3689 1564 3753 oris
1600 3688 1899 3754 halitum.
1987 3689 2125 3753 Vix

151 3800 389 3847 omnes
439 3782 585 3845 eius
629 3799 884 3862 ungues
925 3777 1287 3860 poterimus
1322 3776 1631 3859 effugere,
1678 3773 1794 3840 sed
1836 3795 1971 3839 non
2013 3773 2124 3840 de-

149 3867 401 3949 glutiet
447 3866 660 3940 vivOS‚
705 3871 1018 3947 quotquot
1061 3862 1169 3927 vel
1225 3860 1556 3926 tantillum
1600 3859 1936 3944 unguibus
1991 3860 2125 3924 lae-

148 3954 342 4031 serit,
420 3971 590 4036 quos
654 3950 852 4015 habet
921 3947 1269 4013 admodum
1336 3968 1611 4031 magnos
1678 3956 1746 4010 et
1810 3943 2122 4012 crudeles.

148 4036 350 4118 Quod
400 4037 493 4103 ad
537 4043 1005 4122 argumentum
1047 4034 1284 4098 attinet
1319 4032 1471 4098 libri
1506 4042 1573 4097 et
1606 4031 1689 4097 ad
1730 4053 1956 4097 rerum
1993 4031 2126 4096 dis-

146 4124 554 4205 positionem
613 4134 682 4188 et
739 4121 1068 4199 ordinem,
1123 4120 1357 4203 placet.
1447 4117 1626 4184 Sunt
1681 4116 1999 4200 quaedam
2044 4117 2127 4182 de

145 4210 398 4292 quibus
447 4209 804 4276 scriberem
849 4206 1044 4292 paulo
1090 4206 1442 4288 copiosius,
1497 4213 1847 4287 postquam
1900 4223 2126 4268 meum

145 4298 445 4379 requiris
504 4292 852 4374 iudicium,
907 4294 966 4359 si
1021 4292 1251 4359 liceret
1302 4312 1423 4375 per
1477 4291 1706 4354 otium.
1796 4287 2124 4370 Quamvis

145 4403 284 4447 non
357 4383 505 4448 sint
582 4380 935 4445 admodum
1002 4378 1211 4443 multa
1284 4399 1407 4441 nec
1485 4376 1707 4458 magni
1788 4375 2122 4438 momenti.

146 4467 391 4533 Unum
453 4478 555 4533 est
611 4467 788 4530 inter
844 4465 1097 4547 reliqua
1152 4462 1324 4547 quod
1381 4460 1546 4526 mihi
1601 4460 1865 4543 dignius
1907 4460 2125 4524 visum

146 4562 250 4618 est
294 4554 500 4619 cuius
543 4562 610 4617 te
646 4551 1083 4628 admonerem,
1129 4548 1302 4632 quod
1338 4545 1567 4613 scribis
1601 4546 1850 4611 scilicet
1893 4545 1973 4609 de
2006 4545 2125 4608 tri-

148 4637 275 4704 bus
322 4639 474 4704 illis
517 4637 826 4703 cornibus
871 4657 1036 4720 quae
1079 4635 1296 4717 prima
1332 4631 1780 4699 Antichristus
1824 4630 2125 4696 decussit.

172 4896 324 4951 882.
371 4896 436 4964 1)
480 4895 644 4951 Lwri
711 4893 985 4947 ermanice
1020 4907 1054 4944 a
1095 4890 1242 4945 Rod.
1270 4888 1533 4942 Gualtero
1569 4888 1765 4956 scripti
1796 4888 1988 4941 timus
2021 4893 2130 4939 est.-

147 4968 262 5021 Der
283 4966 639 5020 Endtchrist.
732 4970 884 5015 urtze
924 4962 1079 5014 klare
1106 4959 1215 5012 und
1252 4958 1530 5026 einfaltige
1569 4958 1830 5024 bewysun
1904 4956 1958 5008 in
1995 4956 2136 5008 ffinff

149 5036 446 5106 Predigen
482 5033 744 5103 begriffen
780 5032 906 5083 dass
925 5031 1024 5083 der
1047 5029 1218 5097 Papst
1252 5044 1318 5079 zu
1353 5027 1494 5079 Rom
1530 5027 1629 5079 dor
1663 5025 1842 5079 Endtc
1880 5025 1980 5076 rist
2013 5041 2127 5094 sye.

147 5106 356 5160 Zfirich
397 5100 558 5157 1546.
595 5101 646 5155 8.
719 5101 932 5155 Latina
983 5099 1159 5152 versio
1204 5096 1281 5149 ad
1325 5111 1525 5148 manus
1559 5111 1671 5147 non
1704 5101 1798 5148 est.
1871 5093 2128 5161 Epistola

146 5172 583 5242 nuncupatoria
617 5170 694 5224 ad
727 5169 1148 5236 Lamias-avium
1185 5166 1318 5219 data
1352 5164 1467 5230 fuit
1499 5163 1551 5216 d.
1588 5162 1636 5216 8.
1673 5164 1816 5231 Any.

367 5242 436 5308 2)
482 5240 826 5294 Ferebantm·
855 5237 1130 5305 pontificii
1150 5234 1340 5289 autori
1352 5232 1594 5287 insidias
1617 5234 1901 5299 struxisse,
1937 5246 1974 5283 a
2082 5231 2126 5283 i-

148 5314 250 5368 bus
289 5310 633 5365 meraculo-⁴³0
667 5324 771 5376 per
819 5307 1067 5376 anqelum
1114 5306 1350 5357 monitus
1400 5308 1649 5356 servatus
1692 5302 1878 5366 fuerit.
2010 5300 2130 5353 abet

147 5381 380 5450 aliquid
419 5380 587 5432 huius
620 5377 860 5431 rumoris
900 5375 1257 5441 Hottinyerus
1293 5371 1423 5425 KG.
1461 5371 1560 5424 111.
1598 5368 1716 5423 770.

1948 451 2111 511 1547
2149 445 2435 513 MART.

4077 454 4206 515 494

2247 633 2424 698 Nam
2467 632 2689 698 nescio
2732 631 3052 715 quomodo
3097 633 3257 698 satis
3298 633 3565 701 firmum
3611 637 3762 716 erit,
3817 641 4206 721 praesertim

2248 718 2426 801 quod
2469 718 2551 783 de
2592 716 2706 783 illo
2751 717 3099 785 Gallorum
3154 740 3308 804 rege
3365 722 3715 804 scripsisti,
3770 723 3842 787 in
3886 726 4071 791 cuius
4113 727 4207 792 lo-

2247 826 2397 871 cum
2444 804 2728 887 Pipinus
2771 805 3087 870 suffectus
3131 814 3249 870 est.
3316 806 3489 872 Nam
3536 807 3883 874 Gallorum
3924 831 4202 895 regnum

2245 911 2376 955 non
2422 890 2568 955 ideo
2613 888 2936 955 deiectum
2986 899 3090 956 est
3130 911 3253 956 nec
3303 892 3431 957 alio
3464 894 3881 973 translatum,
3928 898 3984 962 si
4028 919 4202 962 unus

2244 997 2364 1041 rex
2410 976 2701 1042 deiectus
2745 986 2847 1041 est
2889 983 2957 1041 et
2999 977 3187 1054 alius,
3245 977 3429 1061 isque
3472 978 3711 1046 Gallus
3754 989 3822 1045 et
3860 983 4090 1065 magni
4131 984 4202 1048 in

2245 1062 2398 1126 aula
2439 1063 2754 1136 nominis,
2812 1062 2874 1127 ei
2924 1071 3025 1127 est
3068 1063 3474 1147 subrogatus.
3560 1065 3735 1131 Nam
3792 1066 3906 1132 illa
3959 1088 4204 1133 cornua

2244 1169 2378 1212 non
2415 1148 2688 1231 'singula
2730 1168 2935 1212 unum
2979 1148 3262 1231 aliquem
3308 1171 3561 1234 regem,
3622 1159 3699 1216 ut
3752 1153 3951 1234 probe
4005 1155 4199 1232 nosti,

2243 1235 2532 1298 innuunt
2550 1285 2564 1311 ,
2627 1233 2739 1298 sed
2797 1241 2940 1298 tota
2991 1254 3199 1318 regna
3256 1245 3324 1299 et
3379 1256 3607 1301 eorum
3653 1239 4091 1304 successiones
4135 1251 4203 1304 et

2243 1339 2599 1385 successus.
2687 1319 2859 1384 Nam
2905 1319 3145 1402 alioqui
3189 1322 3363 1386 inter
3407 1343 3711 1388 romanos
3770 1325 4200 1407 imperatores

2245 1405 2440 1469 multi
2485 1415 2645 1469 sunt
2686 1404 2920 1471 deiecti
2964 1415 3033 1469 et
3075 1405 3462 1484 obtruncati,
3521 1417 3588 1472 et
3632 1409 3744 1473 alii
3788 1432 4014 1475 eorum
4060 1413 4199 1477 vioe

2243 1490 2605 1566 substituti,
2653 1491 2836 1556 stetit
2879 1501 3101 1556 tamen
3145 1492 3513 1576 imperium.
3602 1495 3788 1562 Haec
3846 1496 4057 1562 obiter
4099 1505 4198 1562 at-

2242 1576 2502 1660 tingere
2545 1575 2752 1653 volui,
2812 1597 2948 1640 non
2993 1576 3165 1660 quod
3205 1578 3509 1644 damnem
3554 1587 3732 1644 tuam
3782 1584 4195 1660 sententiam,

2240 1662 2356 1728 sed
2400 1673 2466 1726 te
2510 1661 2685 1727 volui
2733 1662 2926 1729 huius
2985 1661 3392 1729 admonitum
3448 1675 3523 1730 ut
3575 1687 3715 1730 rem
3771 1669 4039 1751 propius
4082 1689 4197 1733 ex—

2237 1748 2562 1832 penderes
2607 1760 2671 1811 et
2714 1748 2880 1813 mihi
2915 1756 3098 1814 tuam
3137 1749 3260 1816 hac
3304 1750 3385 1815 de
3428 1772 3502 1816 re
3546 1753 3943 1817 sententiam
3986 1755 4196 1820 fusius

2241 1834 2620 1917 explicares.
2710 1834 2882 1898 Nam
2920 1843 3097 1901 certo
3150 1836 3285 1902 scio
3341 1836 3512 1903 hanc
3565 1857 3777 1902 meam
3823 1837 4198 1905 libertatem

2239 1918 2361 1983 tibi
2403 1940 2537 1983 non
2594 1920 2935 1984 molestam
2996 1922 3304 1987 futuram.
3394 1923 3552 1987 Pari
3611 1924 3787 1989 enim
3842 1932 4021 2002 utor,
4079 1933 4197 1991 tuo

2238 2014 2491 2089 rogatu,
2536 2014 2752 2071 tecum
2796 2006 2938 2071 iure
2983 2028 3110 2088 quo
3154 2015 3220 2071 te
3263 2027 3518 2074 mecum
3562 2010 3665 2074 uti
3702 2011 3919 2076 velim.
3992 2011 4196 2076 Porro

2239 2090 2414 2173 quod
2460 2092 2691 2156 scribis
2736 2091 2815 2156 de
2862 2093 3378 2158 transfundendo
3433 2096 3502 2158 in
3561 2095 3861 2179 linguam
3906 2107 4199 2163 nostram

2237 2197 2371 2241 non
2418 2175 2735 2261 displicet,
2778 2194 2989 2259 neque
3036 2176 3261 2243 dubito
3305 2181 3464 2261 quin
3498 2181 3689 2245 lectio
3725 2181 3925 2247 libelli
3972 2183 4199 2250 multis

2239 2263 2618 2345 gratissima
2672 2273 2739 2326 et
2795 2264 3150 2329 utilissima
3211 2265 3433 2329 futura
3480 2266 3584 2331 sit.
3686 2265 3822 2332 Sed
3878 2289 3916 2332 a
3972 2269 4197 2335 multis

2239 2350 2370 2411 iam
2430 2349 2769 2414 mensibus
2830 2351 3049 2414 omnia
3108 2350 3281 2433 apud
3349 2372 3467 2416 nos
3532 2352 3716 2434 prela
3786 2374 3918 2417 non
3983 2354 4196 2419 solum

2238 2434 2565 2517 languent
2621 2434 2734 2498 sed
2794 2438 3054 2518 penitus
3114 2444 3389 2501 cessant.
3489 2437 3753 2503 Scribes
3811 2438 3894 2502 ad
3952 2460 4057 2503 me
4114 2440 4195 2506 de

2236 2520 2421 2583 exitu
2468 2520 2841 2603 tragoediae
2896 2521 3016 2585 tibi
3071 2531 3137 2586 et
3189 2531 3450 2587 vestrae
3508 2523 3815 2588 ecclesiae
3870 2527 4193 2592 excitatae

2235 2605 2435 2670 huius
2474 2606 2697 2685 libelli,
2739 2612 2816 2671 ut
2859 2607 3071 2684 audio,
3115 2628 3326 2672 causa.
3412 2608 3671 2673 Deinde
3713 2610 4036 2676 maturius
4081 2611 4192 2677 de-

2235 2690 2622 2756 liberabitur
2676 2690 2757 2756 de
2819 2693 3131 2757 versione.
3233 2693 3497 2758 Interea
3551 2694 3736 2777 prela
3797 2696 4194 2762 reviviscent

2234 2798 2398 2859 quae
2443 2786 2742 2843 emortua
2785 2777 3114 2857 videntur,
3161 2786 3228 2842 et
3270 2780 3419 2861 plus
3463 2779 3546 2844 ad
3591 2781 3987 2846 vertendum
4034 2804 4190 2866 sup-

2233 2871 2430 2944 petet.
2500 2862 2576 2928 Si
2620 2862 2688 2927 id
2733 2884 2853 2946 ego
2888 2873 3224 2947 praestare
3268 2885 3385 2946 per
3429 2867 3690 2949 negotia
3726 2889 3859 2932 non
3903 2889 4188 2952 possum,

2233 2950 2640 3014 committam
2684 2948 2814 3013 fido
2860 2950 3051 3015 alicui
3106 2951 3454 3033 interpreti
3497 2961 3563 3014 et
3604 2951 3872 3036 ling-uae
3917 2953 4190 3037 gallicae

2232 3035 2531 3117 peritiori
2573 3056 2770 3119 quam
2809 3056 2930 3120 ego
2948 3087 2962 3114 ,
3020 3038 3131 3120 qui
3190 3035 3259 3100 id
3301 3036 3554 3102 felicius
3599 3047 3666 3103 et
3709 3039 3963 3105 facilius
4006 3060 4192 3123 prae·

2231 3122 2447 3186 stabit.
2516 3123 2661 3205 Ego
2696 3141 2852 3188 vero
2895 3124 3147 3188 interea
3192 3121 3273 3187 de
3316 3123 3691 3206 interpretis
3735 3125 3864 3190 fide
3909 3147 4019 3190 ero
4059 3126 4190 3192 sol-

2229 3207 2464 3273 licitus.
2557 3206 2871 3273 Salutant
2915 3215 2982 3272 te
3025 3210 3231 3274 nostri
3266 3229 3510 3273 omnes.
3602 3209 3839 3275 Saluta
3880 3232 4027 3276 meo
4071 3233 4189 3278 no-

2228 3295 2406 3358 mine
2461 3292 2546 3359 D.
2604 3293 3049 3377 Bullinqerum
3065 3346 3080 3375 ,
3144 3296 3227 3360 D.
3291 3294 3686 3360 Pellicamcm
3704 3348 3719 3377 ,
3764 3297 3848 3361 D.
3896 3296 4189 3362 Biblian-

2228 3379 2415 3444 dmum
2459 3388 2527 3444 et
2561 3378 2646 3444 D.
2700 3380 3063 3445 Gesnerum.
3155 3381 3285 3446 Hic
3329 3379 3711 3446 tabellarius
3755 3382 4005 3463 aliquot
4049 3383 4186 3448 die-

2226 3464 2348 3529 bus
2393 3464 2503 3529 hic
2547 3465 2888 3531 nobiscum
2932 3468 3086 3550 egit,
3133 3489 3171 3532 a
3205 3487 3334 3549 quo
3370 3467 3562 3548 plura
3606 3467 3686 3530 de
3728 3475 3904 3531 statu
3939 3476 4183 3547 nostro,

2228 3552 2283 3616 si
2329 3551 2510 3617 voles
2528 3602 2543 3627 ,
2603 3549 2832 3616 audire
2875 3551 3114 3617 licebit.
3219 3551 3408 3616 Nihil
3452 3559 3554 3617 est
3597 3574 3917 3618 novarum
3963 3573 4185 3618 rerum

2228 3636 2584 3718 scriptione
2666 3637 2958 3721 dignum.
3067 3636 3256 3702 Vale.
3368 3638 3766 3703 Lausannae
3839 3645 3889 3703 Ι.
3956 3639 4187 3704 Martii

3166 3809 3391 3874 ·'I'uus
3434 3811 3679 3875 Petrus
3724 3810 4014 3876 Viretus.

3002 4102 3412 4111 Ἣ

3134 4320 3288 4391 883.

2625 4476 2979 4541 OALVIN
3020 4479 3086 4544 A
3129 4475 3222 4541 M.
3268 4475 3395 4540 DE
3440 4474 3805 4540 FALAIS.

2402 4646 2507 4714 De
2550 4646 2615 4712 za
2647 4647 3035 4730 publication
3076 4652 3133 4712 et
3152 4646 3227 4711 oze
3248 4647 3313 4711 za
3334 4647 3685 4713 traduction
3726 4646 3802 4711 de
3822 4644 4183 4729 &Apologia

2236 4820 2409 4890 (θείς.
2448 4819 2799 4889 autographa.
2855 4818 2998 4870 Bim.
3034 4817 3101 4870 de
3139 4817 3373 4871 seneve.
3428 4817 3554 4871 vol.
3579 4815 3692 4880 194,
3730 4815 3819 4868 σοι.
3856 4814 3940 4868 51.
3979 4845 4045 4854 -
4084 4802 4185 4868 Ed.

2300 4888 2527 4942 d’Amst.
2567 4906 2616 4957 p.
2656 4885 2773 4940 101.
2846 4874 2949 4940 Ε’ᾱ.
2988 4887 3202 4940 Bonnet
3235 4888 3277 4941 1.
3316 4886 3431 4939 191.
3503 4886 3660 4938 Trad.
3700 4885 3840 4953 angl.
3875 4885 3947 4938 11.
3984 4882 4097 4951 86.)

2233 5043 2294 5107 A
2333 5043 2803 5128 Monseigneur
2837 5042 3179 5107 Monsieur
3222 5040 3302 5105 de
3343 5039 3569 5104 Fallez
3614 5061 3653 5104 a
3695 5039 3893 5104 Basle
3935 5060 4086 5121 pres
4121 5039 4187 5103 la

2963 5127 3167 5193 Oauff
3200 5126 3443 5191 Houss.

2404 5266 2906 5349 Monseigneur,
2978 5264 3186 5331 iavois
3242 5262 3457 5327 oublie
3527 5283 3610 5326 en
3664 5283 3803 5326 mes
3855 5261 4187 5327 dernieres

2232 5350 2459 5416 lettres
2504 5350 2754 5415 larticle
2809 5349 2889 5415 de
2943 5349 3283 5433 lapologie‚
3329 5359 3396 5412 et
3438 5370 3523 5414 ne
3566 5369 3721 5432 scay
3765 5360 4093 5413 comment
4136 5349 4185 5411 il
