4825 6175
224 423 325 489 3⁷3

220 627 339 677 esse
388 607 456 671 in
514 607 819 675 manibus
869 609 1140 678 Ioannis
1203 610 1481 678 oio-arai
1533 611 1899 695 praestabit
1953 619 2139 679 ante-

217 714 384 781 quam
424 692 744 761 excudere
784 695 1086 780 incipiat,
1132 704 1208 763 ut
1261 717 1383 781 pro
1438 695 1892 783 magnitudine
1949 697 2138 764 ohar-

213 790 330 847 tam
383 779 596 864 eligat.
698 780 1092 865 Quanquam
1153 783 1319 848 duos
1374 784 1766 867 posteriores
1821 790 2140 850 tractatus

219 867 423 934 breves
475 865 613 931 fore
669 868 987 934 existimo.
1013 873 1064 945 1)
1161 868 1528 953 Epistolam
1585 869 2139 954 nuncupatoriam

214 952 364 1018 malo
402 952 422 1015 i
573 961 690 1017 tuo
721 950 1044 1019 arbitratu
1087 974 1456 1038 componas.
1521 953 1608 1021 Si
1634 954 1791 1039 quid
1827 957 1897 1022 in
1932 956 2140 1021 forma

213 1045 270 1103 et
305 1037 350 1102 ti
449 1038 470 1052 ‘'
668 1048 887 1105 catum
928 1040 1129 1106 fuerit
1172 1059 1303 1107 non
1341 1060 1584 1125 magno
1631 1041 1891 1127 negotio
1933 1041 2140 1107 corri-

252 1127 396 1189 etur.
565 1126 854 1200 aarum)
900 1125 1230 1192 Dominus
1265 1125 1536 1192 filiolam
1579 1126 1849 1193 abstulit
1890 1148 1975 1193 ex
2009 1148 2139 1211 quo

254 1210 490 1276 ‘scessit
530 1219 866 1294 cognatus.
955 1211 1187 1296 Itaque
1235 1220 1610 1280 nostrorum
1668 1213 1981 1280 conviciis
2023 1233 2138 1279 ex-

214 1302 438 1361 tractus
481 1295 608 1360 fuit
647 1297 722 1362 in
766 1317 998 1383 agrum
1016 1349 1031 1376 ‚
1090 1299 1352 1381 quando
1410 1297 1712 1383 precibus
1770 1299 1960 1365 educi
2004 1319 2139 1364 non

209 1387 459 1462 poterat.
548 1383 874 1448 Amanter
932 1390 1001 1448 et
1058 1383 1331 1449 honeste
1375 1391 1716 1452 tractatur.
1805 1385 2139 1450 Iacturam

214 1485 429 1551 magno
471 1468 695 1533 animo
739 1469 896 1547 fert,
955 1470 1048 1534 ita
1101 1475 1181 1534 ut
1225 1470 1519 1537 vulneris
1563 1477 1788 1536 tamen
1831 1471 2141 1537 acerbita-

211 1559 327 1617 tsm
390 1553 648 1620 sentiat.
754 1554 919 1621 Vale
1024 1555 1234 1623 frater
1297 1563 1365 1622 et
1427 1555 1634 1622 amice
1698 1556 2137 1641 integerrime.

209 1637 376 1705 Uxor
415 1659 564 1705 mea
605 1638 725 1705 tibi
769 1639 1120 1724 plurimam
1165 1641 1446 1707 salutem
1491 1642 1665 1709 dicit.
1735 1640 1975 1709 Saluta
2006 1642 2141 1708 fra-

212 1733 325 1791 tres
368 1746 513 1791 meo
558 1728 837 1793 nomine.
926 1727 1247 1795 Genevae
1293 1731 1392 1794 23.
1442 1737 1610 1813 Aug.
1663 1731 1846 1794 1546.

1112 1864 1397 1932 Ioannes
1441 1864 1762 1936 Calvinus
1804 1873 1974 1934 tuus.

1092 2378 1240 2450 821.

722 2533 1141 2604 CALVINU
1143 2533 1194 2602 S
1238 2533 1610 2604 VIRE'I'O.

357 2706 829 2774 Amanuensem
870 2708 1184 2790 quendam
1225 2708 1284 2774 ei
1325 2708 1720 2774 commendat.

203 2876 304 2944 (Ex
338 2877 683 2948 autographo
720 2877 847 2932 eod.
869 2875 1073 2933 Gener.
1098 2877 1210 2945 106,
1246 2879 1338 2934 fol.
1379 2876 1495 2931 172.
1554 2879 1799 2943 Quatuor
1833 2878 2147 3001 “minima

203 2945 324 3000 locis
369 2947 589 3017 saepius
639 2946 873 3002 laudatis
909 2947 1040 3003 Cod.
1079 2946 1246 3013 111⁸,
1295 2947 1387 3001 fol.
1435 2946 1486 3012 8,
1538 2946 1669 3001 Ood.
1721 2946 1839 3013 111,
1883 2947 1938 3002 fo
1968 2988 1980 3002 .
2060 2944 2143 3012 4⁵1,

620 3017 786 3069 Bern.
825 3015 952 3070 VII.
992 3014 1109 3069 774.
1182 3016 1400 3070 simleri
1438 3016 1566 3069 Vol.
1602 3014 1713 3084 61.)

197 3169 455 3236 Eximio
494 3171 764 3237 Domini
807 3172 1011 3238 nostri
1055 3171 1208 3237 Iesu
1253 3172 1506 3237 Christi
1550 3192 1742 3238 servo
1784 3172 1987 3237 Petro
2023 3173 2143 3236 Vi-

197 3268 327 3322 reto
370 3258 873 3323 Lausanneusis
916 3258 1230 3357 ecclesiae
1271 3258 1403 3324 fido
1450 3260 1694 3342 pastori
1737 3259 1930 3322 fratri
1975 3259 2141 3324 inte-

1010 3364 1314 3428 geri-une.

354 3479 425 3547 S.
479 3480 704 3562 Quum
750 3480 1123 3546 admonitus
1170 3502 1379 3547 essem
1435 3482 1516 3546 ab
1561 3481 1811 3546 Ioanne
1863 3481 2141 3547 Girardo

196 3571 252 3628 te
283 3564 623 3632 hominem
659 3576 880 3649 petere
917 3579 982 3631 et
1009 3572 1056 3643 ¹)
1097 3567 1214 3631 tibi
1249 3580 1317 3633 et
1350 3569 1650 3632 minister
1687 3579 1752 3631 et
1788 3588 2140 3632 amanuen-

195 3650 277 3714 sis
318 3651 512 3731 foret,
558 3655 735 3717 hunc
780 3653 862 3718 ad
898 3661 962 3718 te
998 3653 1395 3718 mittendum
1430 3654 1673 3731 censui,
1719 3652 1873 3735 quia
1915 3663 1983 3718 et
2010 3652 2140 3718 ele-

191 3738 571 3817 gantissime
611 3738 839 3804 scribit
881 3745 947 3804 et
976 3738 1141 3804 mihi
1179 3738 1359 3805 visus
1403 3748 1504 3805 est
1545 3737 1837 3804 moribus
1880 3759 2139 3822 compo·

194 3820 341 3889 sitis.
432 3823 696 3891 Poteris
739 3824 984 3908 aliquot
1028 3822 1256 3891 diebus
1313 3826 1526 3891 facere
1570 3823 1934 3908 periculum
1978 3846 2140 3891 num

196 3905 305 3975 tibi
357 3910 447 3977 sit
503 3907 793 3976 idoneus.
890 3910 1037 3997 Ego
1096 3909 1222 3979 nisi
1288 3910 1358 3975 id
1417 3931 1745 3994 sperarem
1800 3918 1986 3976 autor
2042 3909 2141 3976 illi

193 4013 525 4079 nunquam
581 3996 855 4065 fuissem
919 3997 1004 4063 ad
1062 4004 1126 4062 te
1177 3995 1651 4082 proficiscendi.
1756 3993 1891 4063 Sed
1950 4004 2139 4063 tuum

191 4077 305 4145 erit
346 4081 657 4151 iudicare.
747 4082 935 4149 Vale.
1025 4089 1126 4147 24.
1171 4083 1340 4167 Aug.
1393 4085 1573 4149 1546.

1106 4217 1390 4284 Ioannes
1434 4216 1753 4284 Calvinus
1798 4224 1971 4284 tuus.

212 4505 352 4564 820.
395 4509 453 4578 1)
491 4527 543 4565 υ.
578 4508 657 4566 N.
693 4507 811 4579 816,
848 4516 957 4566 not.
993 4510 1043 4564 3.
1172 4525 1274 4565 uae
1306 4509 1395 4565 hic
1429 4510 1495 4565 de
1535 4509 1763 4578 epistola
1797 4517 2133 4579 nuncupato-

189 4577 274 4630 νέα
306 4579 478 4649 deque
506 4580 692 4646 forma
726 4585 777 4635 et
822 4576 999 4635 tinais
1033 4578 1193 4647 dicut,
1233 4579 1403 4647 paulo
1447 4579 1733 4635 obscurius
1777 4578 1926 4635 dicia
1971 4592 2136 4649 quam

192 4650 249 4699 ut
277 4661 340 4702 aa
375 4649 676 4718 explanare
709 4663 977 4713 conmur,
1005 4649 1334 4717 praesertim
1378 4663 1546 4717 quum
1589 4663 1658 4702 ne
1703 4647 1770 4703 de
1815 4649 1938 4717 ipso
1974 4664 2135 4717 opere

190 4716 392 4782 quidem
427 4719 587 4774 nobis
623 4719 758 4773 satis
791 4723 1007 4773 consid.

381 4785 445 4852 2)
488 4786 741 4842 Laureae
774 4785 1031 4856 Didima,
1071 4801 1117 4841 v.
1157 4784 1233 4840 N.
1273 4783 1390 4851 ⁷41,
1425 4790 1537 4840 not.
1575 4783 1626 4839 2.

190 4850 368 4989 ἅμα
389 4855 449 4922 1)
485 4858 567 4911 sic
601 4861 813 4924 autom.
856 4854 1070 4911 Castori
1101 4868 1285 4910 omnes
1321 4852 1645 4909 mendant.-
1679 4855 1787 4923 qui.
1873 4854 2138 4912 Εονεαεεο

369 4940 485 4980 um:
522 4930 599 4979 ut.

1895 427 2058 490 1546
2100 421 2495 496 AUGUST-

4068 440 4199 505 374

3148 616 3305 692 882.

2727 770 3229 844 PARELLUS
3276 771 3711 842 CALVINO.

2414 939 2621 1008 Mittit
2662 940 2723 1006 oi
2774 940 3103 1024 epistolam
3149 941 3421 1010 Per-rino
3474 945 3881 1028 destinatam,
3939 970 4197 1035 eumque

2241 1027 2471 1096 invitat
2505 1027 2592 1094 ad
2623 1028 2992 1110 proximum
3031 1028 3257 1095 classis
3291 1034 3663 1097 conventum.

2247 1197 2360 1264 (Ex
2403 1196 2741 1268 autographo
2777 1196 3151 1252 Bibliothecae
3201 1204 3479 1269 pastorum
3515 1201 3984 1262 Neocomensium.
4054 1207 4196 1279 Epp.

2822 1267 3024 1321 Far-elli
3058 1266 3237 1322 tucio.
3273 1267 3373 1323 111.
3410 1269 3478 1322 N.
3517 1268 3627 1339 1¹1.)

2418 1453 2677 1539 Insigni
2748 1475 2940 1521 servo
3010 1454 3262 1522 Christi
3316 1456 3554 1522 Ioanni
3614 1457 3889 1528 Calvino
3952 1466 4200 1546 pastori

2246 1540 2558 1608 ecclesiae
2599 1540 3015 1610 Genevensis
3061 1540 3433 1610 doctissimo
3476 1553 3545 1608 et
3585 1543 4090 1699 adffedlizmagiio

2419 1761 2492 1829 S.
2573 1762 2827 1829 Virdus
2879 1763 3139 1847 scripsit
3189 1763 3441 1846 priores
3495 1764 3618 1830 tibi
3683 1788 3815 1832 non
3880 1767 4203 1852 placuisse

2244 1847 2503 1928 literas,
2564 1869 2640 1915 ac
2697 1868 2860 1914 sane
2913 1848 3122 1914 multo
3164 1849 3386 1915 minus
3429 1849 3550 1915 tibi
3591 1851 3946 1934 placebunt
3988 1867 4202 1938 poste-

2246 1934 2475 2000 riores.
2563 1934 2736 1999 Nam
2781 1935 2938 2000 satis
2997 1955 3130 2001 non
3176 1944 3564 2018 assequutus
3609 1957 3757 2003 sum
3802 1940 3961 2023 quid
4006 1942 4209 2008 vellet

2246 2019 2458 2086 literis
2501 2019 2638 2086 suis
2681 2020 2918 2104 quibus
2974 2041 3080 2086 me
3140 2020 3442 2085 hortatus
3497 2030 3597 2087 est
3650 2031 3726 2088 ut
3772 2046 3998 2093 rursus
4043 2029 4204 2093 scri-

2247 2104 2490 2171 berem.
2589 2105 2803 2172 Malui
2868 2113 3093 2171 tamen
3150 2112 3404 2172 tentare
3476 2107 3725 2193 aliquid
3779 2129 3978 2193 quam
4034 2113 4205 2179 nihil

2248 2212 2467 2276 agere.
2559 2188 2638 2257 Si
2681 2189 2990 2275 prodesse
3024 2191 3231 2274 possit
3280 2201 3345 2258 et
3401 2199 3475 2258 tu
3533 2194 3630 2259 ita
3684 2193 3933 2264 iudices
3948 2250 3965 2277 ,
4027 2199 4203 2282 quod

2247 2275 2483 2361 scripsi
2515 2276 2617 2343 fac
2662 2284 2737 2342 ut
2777 2275 3124 2344 reddatur:
3169 2277 3273 2342 sin
3318 2278 3562 2359 minus,
3608 2290 3852 2365 pereat.
3938 2285 4085 2369 Age
4128 2295 4203 2352 ut

2245 2384 2365 2447 pro
2410 2371 2526 2428 tua
2568 2361 2916 2446 prudentia
2956 2363 3234 2430 noveris.
3271 2364 3320 2441 ¹)

2422 2448 2694 2514 Lutetia
2749 2448 2966 2531 pergit
3028 2455 3105 2512 ut
3157 2469 3535 2515 mensuram
3577 2450 3850 2535 impleat
3891 2453 4207 2538 iniquita-

2249 2534 2355 2600 tis.
2375 2535 2435 2617 ²)
2525 2532 2797 2615 Quanta
2849 2547 2951 2599 est
3000 2532 3377 2600 immanitas
3430 2536 3897 2604 sceleratorum
3937 2539 4012 2604 in
4056 2562 4209 2608 ver-

2247 2619 2410 2688 bum
2456 2629 2522 2686 et
2580 2640 2690 2687 eos
2735 2618 2845 2704 qui
2892 2617 3142 2702 aliquid
3188 2618 3368 2684 verbi
3413 2623 3649 2687 sectari
3689 2622 4064 2704 videantur,
4136 2637 4216 2693 ut

2248 2705 2273 2769 i
2368 2714 2632 2772 orantes
2707 2724 2961 2788 quoque
3038 2702 3350 2788 perdant!
3464 2707 3812 2791 Rependat
3875 2707 4217 2779 Dominus

2250 2727 2541 2858 gailanae
2607 2799 2674 2857 et
2717 2790 3129 2856 Antichristo
3199 2789 3466 2875 dignam
3525 2793 3888 2860 mercedem
3944 2818 4064 2881 pro
4128 2798 4216 2866 iis

2250 2897 2418 2960 quae
2464 2885 2599 2942 tam
2635 2877 2955 2961 flagitiose
2999 2876 3170 2942 facit.

2424 2961 2850 3046 Cuperemus,
2888 2963 2947 3029 si
2968 2962 3115 3028 fieri
3137 2970 3377 3045 posset,
3401 2967 3477 3027 ut
3501 2962 3606 3028 die
3628 2963 3806 3032 Iovis
3827 2968 4129 3048 proxima
4148 2970 4207 3055 ⁸)

2250 3047 2529 3130 adesseS,
2574 3047 2633 3116 si
2677 3048 2830 3131 quid
2871 3048 3013 3114 fieri
3056 3055 3305 3133 posset:
3365 3046 3538 3131 quod
3598 3049 3709 3115 vix
3754 3071 4016 3134 sperare
4105 3075 4211 3122 os-

2249 3158 2430 3213 sum,
2497 3133 2815 3219 siquidem
2870 3134 3151 3219 insignis
3206 3134 3457 3201 Christi
3514 3135 3725 3200 hostis
3783 3159 3857 3203 ac
3915 3159 4031 3220 pro
4085 3140 4211 3206 'tor

2250 3221 2418 3286 nihil
2463 3242 2599 3285 non
2657 3221 2797 3304 agit
2839 3230 3237 3299 veteratorie,
3261 3225 3317 3299 ⁴)
3375 3229 3440 3283 et
3501 3220 3617 3286 vix
3673 3221 3864 3288 video
3923 3223 4207 3307 aliquem

2249 3308 2359 3390 qui
2420 3328 2683 3374 causam
2748 3306 3017 3371 Domini
3080 3306 3177 3372 ita
3235 3314 3472 3371 tractet
3527 3316 3598 3371 ut
3654 3316 3921 3390 oportet.
4030 3308 4212 3391 Quid

2249 3393 2493 3459 faciant
2549 3392 2620 3458 hi
2680 3402 2815 3457 tam
2858 3392 3100 3458 intenti
3147 3393 3587 3475 unusquisque
3633 3414 3857 3457 eorum
3904 3415 4022 3479 pro
4070 3397 4206 3476 riis,

2247 3501 2450 3563 quum
2506 3479 2745 3544 fratres
2801 3480 2929 3543 mei
2988 3478 3061 3541 in
3106 3485 3287 3542 tanto
3342 3477 3631 3561 periculo
3678 3480 3893 3545 securi
3940 3482 4003 3545 vi
4055 3503 4211 3549 can-

2246 3574 2358 3630 tur
2401 3565 2675 3629 haerere
2718 3563 2891 3646 apud
2935 3584 3045 3629 eos
3094 3566 3205 3647 qui
3257 3562 3433 3627 aliud
3482 3584 3674 3646 quam
3725 3565 4015 3648 ipsorum
4061 3588 4211 3651 per-

2244 3653 2486 3716 niciem
2529 3671 2662 3715 non
2708 3658 2951 3733 optant.
3041 3648 3155 3715 Me
3212 3649 3463 3714 frustra
3522 3650 3921 3716 reclamante
3982 3662 4051 3718 et
4101 3653 4209 3719 in-

2244 3745 2518 3803 cusante
2570 3755 2821 3800 moram
2878 3734 3181 3801 existimo
3237 3742 3301 3799 te
3356 3743 3506 3800 tuas
3557 3743 3781 3819 partes
3828 3737 4203 3819 absolvisse,

2244 3831 2312 3886 at
2355 3822 2573 3888 surdis
2616 3822 2928 3887 canimus,

2418 3906 2806 3992 Aegei-rime
2861 3906 2982 3971 tuli
3037 3903 3208 3988 quod
3266 3905 3627 3988 acceperim
3686 3912 3753 3970 te
3796 3906 3894 3972 ita
3950 3906 4204 3976 dedisse

2246 4001 2437 4060 notas
2479 4004 2625 4059 tuas
2683 3992 2754 4058 in
2811 3991 3084 4058 alteram
3141 3990 3225 4057 ad
3271 3988 3648 4057 Corinthios
3708 4000 3781 4057 ut
3839 3994 4205 4075 periculum

2242 4079 2330 4144 sit
2373 4100 2460 4145 ne
2503 4078 2835 4163 perierint.
2926 4076 3004 4144 si
3045 4086 3289 4142 matres
3336 4098 3487 4142 suos
3530 4078 3744 4143 foetus
3789 4086 4026 4147 curant
4066 4101 4201 4146 non

2242 4164 2674 4251 negligenter,
2722 4163 2922 4230 talem
2957 4164 3029 4229 in
3064 4159 3353 4227 Domino
3397 4162 3643 4228 foetum
3690 4162 3969 4230 debebas
4005 4166 4202 4251 paulo

2242 4251 2778 4335 circumspectius
2843 4249 3122 4314 mittere.
3238 4250 3334 4313 At
3409 4269 3597 4331 spero
3673 4249 4039 4316 Dominum
4104 4253 4200 4317 ita

2241 4338 2584 4404 nobiscum
2633 4344 2936 4404 acturum
2979 4343 3057 4401 ut
3099 4354 3231 4399 non
3276 4334 3605 4417 perierint.
3672 4330 3844 4400 Vale
3888 4358 4037 4402 cum
4083 4345 4200 4403 tua

2245 4423 2537 4507 coniuge.
2628 4421 2905 4489 Utinam
2945 4441 3170 4506 parem
3233 4419 3441 4486 Vireto
3483 4420 3812 4487 Dominus
3857 4420 3984 4489 det.
4073 4421 4198 4489 Sa-

2239 4509 2379 4574 luta
2437 4529 2665 4575 omnes
2708 4507 3038 4592 collegas,
3097 4516 3160 4571 te
3218 4526 3338 4590 per
3381 4505 3742 4573 Dominum
3792 4526 4059 4590 quaese,
4122 4528 4197 4575 ac

2238 4596 2532 4661 omnium
2576 4594 2878 4678 precibus
2924 4614 3041 4659 nos
3083 4589 3482 4658 commenda.
3549 4591 3859 4659 Neocomi
3905 4597 4004 4658 25.
4053 4593 4194 4659 Au-

2236 4681 2419 4766 gusti
2470 4684 2652 4746 1546.

3251 4764 3434 4829 Tuus
3475 4768 3653 4828 totus
3695 4761 4018 4830 Farellus.

2272 4938 2419 4993 822.
2456 4937 2512 5007 1)
2554 4937 2648 4991 Ex
2668 4936 2744 4992 N.
2779 4934 2883 4990 824
2916 4935 3117 5002 efficies
3150 4935 3239 4991 hic
3272 4935 3371 5006 aqi
3403 4934 3469 4989 de
3502 4932 3678 4987 literis
3713 4931 3930 4989 Farelli
3959 4934 4038 4990 ad
4062 4934 4191 4991 Per-

2236 5008 2987 5133 aemaei‘wffa?
3029 5002 3312 5129 qam
3343 5003 3677 5125 mmm
3710 5002 3895 5056 '‘⁶⁶'‘
3926 5006 4079 5074 ⁶⁸¹⁰*
4082 5006 4190 5073 ''⁰‘’

2445 5145 2501 5211 2)
2537 5144 2755 5201 Auadit
2786 5143 2864 5200 ad
2896 5157 3036 5212 supp
3059 5142 3226 5198 icium
3248 5141 3407 5197 Petu-⁸·
3613 5144 3638 5194 t
3668 5137 3773 5206 (N.
3793 5138 3915 5207 817,
3947 5147 4058 5197 not.
4085 5142 4187 5210 11).

2444 5214 2502 5281 3)
2538 5215 2577 5268 i.
2625 5229 2668 5268 e.
2714 5211 2766 5267 2.
2819 5211 2962 5282 Sept.
3056 5211 3208 5266 Nam
3257 5208 3324 5265 de
3383 5206 3466 5262 26.
3565 5224 3653 5278 αις.
3707 5208 3939 5276 coyitari
3986 5215 4185 5281 neqm't.

2245 5281 2368 5355 Qua
2401 5298 2531 5340 vero
2563 5282 2630 5338 de
2662 5297 2848 5349 causa,
2882 5296 2996 5338 non
3028 5279 3207 5351 liquet.

2440 5351 2503 5420 4)
2536 5353 2653 5408 sic!
2683 5349 3035 5419 (veteratorie
3048 5352 3103 5417 Ῡ)

3670 5429 3769 5484 24¹·
