4825 6175
183 428 278 491 145

175 612 327 679 enim
378 613 676 680 referunt
739 635 858 681 cur
918 634 1115 699 aegre
1177 621 1245 681 te
1312 614 1684 693 dimittant,
1747 621 1817 680 et
1870 622 2096 681 tamen

173 699 336 765 aiunt
373 698 550 764 tanti
592 720 663 765 se
705 700 918 766 facere
959 708 1217 767 nesta-as
1270 722 1526 784 preces,
1589 708 1666 766 ut
1720 721 1855 766 non
1897 702 2098 767 susti-

171 791 350 851 noant
380 804 705 865 recusare,
751 786 810 852 si
842 785 1035 852 modo
1068 787 1380 852 ecclesiae
1413 793 1838 870 prospectum
1881 786 2098 867 fuerit,

170 871 272 936 hoc
314 879 431 948 est,
478 869 536 936 si
577 870 918 955 impetrari
960 872 1169 956 possit
1212 881 1290 938 ιιι
1342 873 1666 939 Tne-sanus
1711 872 1834 937 tibi
1877 893 2099 939 succe-

169 954 275 1021 dat.
362 956 427 1021 N
428 975 518 1021 on
552 964 696 1022 erat
738 977 950 1036 causa,
996 978 1142 1023 meo
1185 958 1445 1038 iudicio,
1490 977 1610 1023 cur
1652 958 1895 1023 iterum
1938 959 2101 1024 scri-

166 1040 467 1122 beremus,
512 1042 639 1107 nisi
684 1042 841 1126 quid
884 1045 1040 1110 novi
1085 1041 1442 1110 accidisset.
1511 1044 1744 1128 Itaque
1785 1043 2096 1110 abstinui.

319 1126 760 1210 Raymondum
776 1131 830 1208 ⁸)
864 1128 936 1194 in
963 1129 1324 1196 Genistonis
1362 1129 1577 1195 locum
1622 1130 2097 1214 cooptavimus,

162 1211 257 1280 sed
305 1212 711 1280 destinamus
767 1235 946 1300 agro.
1041 1213 1511 1297 champerezlus
1564 1222 1957 1299 conquestus
2000 1223 2103 1281 est

162 1299 228 1365 de
261 1299 456 1365 uobis
499 1300 571 1364 in
612 1310 864 1379 senatu,
911 1300 1083 1384 quod
1126 1300 1548 1367 Drallianum
1593 1299 2027 1385 ablegaretur.
2041 1303 2099 1379 ⁴)

157 1384 328 1451 Nihil
383 1395 607 1451 tamen
670 1386 963 1469 profecit.
1066 1386 1654 1468 Commentarium,
1671 1390 1731 1463 ὅ)
1798 1406 1993 1470 quem
2061 1407 2102 1452 a

161 1491 249 1536 me
283 1470 573 1536 latinum
618 1472 764 1537 fieri
805 1472 1100 1550 volebas,
1161 1492 1309 1537 cum
1368 1472 1634 1555 reliquis
1689 1472 1937 1538 chartis
1980 1469 2100 1537 tibi

160 1557 428 1622 remitto.
515 1556 745 1641 Neque
787 1558 967 1623 enim
1026 1578 1341 1642 magnum
1396 1578 1636 1642 operae
1692 1558 1978 1641 pretium
2027 1558 2100 1622 in

160 1642 347 1708 latina
392 1643 694 1709 versione
735 1644 877 1709 fore
918 1642 1254 1728 putabam.
1343 1645 1435 1709 Et
1472 1644 1580 1709 hio
1614 1664 1806 1709 nemo
1848 1653 1953 1709 est
1985 1643 2099 1726 qui

157 1727 519 1812 germanice
574 1729 754 1794 sciat.
859 1728 1075 1796 Filius
1144 1731 1323 1795 enim
1374 1729 1661 1796 consulis
1718 1729 2022 1813 Tigurini
2041 1730 2100 1812 ⁶)

159 1814 409 1879 domum
468 1835 540 1880 se
593 1814 858 1898 recepit.
959 1817 1053 1881 Et
1107 1825 1182 1879 tu
1238 1816 1481 1881 nuncio
1534 1814 1970 1881 mandaveras
2024 1823 2103 1879 ut

159 1899 259 1965 tibi
296 1899 598 1966 referret.
666 1900 999 1967 Sulnerum
1040 1902 1282 1966 iterum
1328 1901 1632 1967 hortatus
1675 1921 1824 1965 sum
1865 1921 2098 1983 nuper.

158 1984 224 2052 Si
262 2005 383 2051 vos
427 1985 716 2053 secundo
736 1989 796 2069 ⁷)
837 1994 1215 2071 praesentes
1258 1986 1572 2052 curabitis
1612 1987 1973 2071 negotium,
2018 1986 2101 2049 li-

159 2080 315 2137 terae
372 2092 563 2137 meae
633 2092 768 2137 non
824 2092 1272 2157 supervacuae
1328 2079 1594 2138 tantum
1657 2071 1772 2139 sed
1837 2072 2101 2155 ineptae

159 2177 401 2241 quoque
444 2158 680 2223 forent.

308 2242 514 2324 Quod
555 2243 904 2309 diaconum
957 2242 1143 2308 vobis
1197 2241 1338 2308 dari
1395 2243 1676 2327 petiistis
1691 2295 1707 2323 ‚
1770 2242 1924 2327 quia
1965 2243 2101 2308 sin·

154 2328 366 2413 gulare
416 2337 518 2395 est
562 2328 807 2394 donum
850 2328 1145 2412 deposito
1200 2331 1433 2396 mortis
1488 2338 1738 2394 terrore
1781 2350 1853 2394 se
1897 2350 2099 2412 expo-

155 2434 295 2479 nere
337 2426 479 2479 tam
524 2415 853 2498 praesenti
898 2415 1211 2498 periculo,
1257 2415 1478 2500 vulgo,
1525 2425 1601 2480 ut
1643 2414 1772 2481 scis
1815 2435 1949 2479 non
1994 2434 2099 2479 re-

152 2501 493 2582 periuntur
532 2500 616 2565 ad
659 2500 830 2566 hanc
872 2500 1283 2583 provinciam
1327 2502 1483 2583 apti.
1570 2501 1762 2567 Unus
1805 2511 1948 2565 erat
1990 2499 2100 2566 hic

156 2584 593 2668 Ludwious,⁸)
636 2585 719 2652 de
745 2607 876 2670 quo
902 2605 1277 2669 possemuss
1303 2607 1552 2670 perare.
1627 2586 1720 2651 Et
1746 2586 1935 2651 nobis
1960 2605 2100 2651 me-

154 2669 447 2737 diocriter
492 2671 575 2737 ad
619 2691 767 2738 eam
819 2693 959 2738 rem
1016 2674 1354 2756 appositus
1395 2670 1759 2737 videbatur.
1847 2669 2099 2752 Quam-

155 2754 255 2822 diu
298 2759 481 2823 enim
536 2759 713 2841 apud
767 2779 892 2824 nos
943 2759 1099 2836 fuit,
1158 2759 1454 2825 exercuit
1508 2780 1580 2824 se
1634 2757 1987 2842 diligenter
2028 2758 2099 2821 in

151 2863 476 2909 sacrarum
511 2844 855 2910 literarum
884 2845 1189 2911 lectione:
1235 2845 1654 2911 concionibus
1695 2853 1765 2909 et
1805 2843 2099 2908 lectioni-

151 2927 262 2993 bus
302 2930 623 3009 interfuit,
667 2931 882 2995 multa
922 2930 1117 3014 legit,
1173 2930 1387 2995 multa
1430 2929 1703 2995 audivit.
1794 2928 2099 3012 Denique

148 3015 314 3095 satis,
357 3034 398 3079 o
448 3015 673 3082 inione
715 3025 958 3097 nostra,
1004 3016 1336 3082 doctrinae
1379 3014 1593 3081 habet.
1679 3014 1961 3100 Ingenio
1995 3022 2098 3080 est

148 3103 398 3186 tranqu‘
433 3102 500 3167 lo
541 3110 610 3170 et
650 3102 964 3169 modesto.
1068 3102 1278 3167 Cuius
1322 3102 1419 3167 rei
1462 3101 1590 3168 hoc
1631 3103 1719 3167 sit
1760 3100 1946 3166 vobis
1991 3122 2095 3165 ar-

147 3195 549 3271 gumentum,
593 3187 768 3273 quod
810 3209 1005 3254 nemo
1057 3208 1348 3271 unquam
1392 3187 1473 3253 de
1517 3189 1658 3270 ipso
1701 3195 2096 3269 conquestus

148 3279 268 3338 est:
332 3272 527 3339 litem
589 3295 742 3339 cum
798 3275 981 3339 nullo
1046 3273 1350 3356 suscepit.
1450 3273 1851 3338 Patientiam
1907 3292 2095 3338 suam

187 3358 444 3425 robavit
510 3360 736 3426 multis
789 3360 1271 3443 experimentis.
1373 3359 1595 3425 Unum
1653 3357 1865 3436 deest,
1923 3356 2096 3441 quod

167 3444 367 3529 iugua
410 3446 635 3512 minus
687 3457 789 3511 est
830 3456 1200 3531 promptus,
1258 3443 1372 3510 sed
1426 3444 1696 3527 reliquis
1738 3442 2095 3510 virtutibus

149 3527 263 3595 hoc
303 3531 549 3596 vitium
592 3531 1013 3599 condonetur.
1103 3529 1306 3612 Quan
1348 3551 1502 3595 uam
1560 3550 1772 3614 neque
1811 3529 2096 3614 elinguis

147 3624 263 3693 est,
316 3638 540 3701 neque
594 3618 787 3684 valde
852 3617 1219 3701 impeditus.
1378 3620 1404 3681 i
1461 3616 1645 3683 vobis
1702 3623 1896 3699 aptus
1950 3616 2094 3695 erit,

146 3700 600 3784 gaudebimus:
657 3705 763 3769 sin
806 3704 1047 3781 minus,
1093 3702 1431 3769 remittite.
1516 3703 1703 3781 Vale,
1748 3704 1954 3767 frater
1994 3702 2097 3766 in-

145 3789 512 3870 tegerrime.
602 3787 839 3856 Saluta
882 3796 1286 3874 symmystas
1330 3808 1561 3853 omnes
1611 3788 1984 3872 diligenter,
2028 3793 2098 3851 et

148 3876 320 3937 tuam
387 3873 732 3940 familiam.
852 3873 1183 3940 Dominus
1258 3895 1373 3939 vos
1447 3894 1676 3939 omnes
1742 3881 2097 3940 conservet.

148 3958 373 4024 Amen.
470 3960 791 4026 Genevae
835 3964 935 4025 24.
981 3961 1156 4045 Aug.
1212 3964 1390 4024 1545.

1053 4096 1340 4161 Ioannes
1384 4094 1708 4162 Calvinus
1752 4105 1923 4163 tuus.

333 4387 400 4471 β)
449 4388 530 4442 R.
569 4387 824 4469 aquam,
865 4392 1032 4440 autea
1063 4387 1434 4454 Arqmoraii,
1483 4391 1533 4438 et
1564 4384 1922 4452 probabiliter
1954 4385 2100 4440 ι’ἀαη

141 4452 1185 4594 ewrewfflr..
1208 4453 1293 4579 ὃ...
1314 4454 1391 4604 {-
1421 4452 1693 4576 few
1727 4451 1763 4507 ⁵
1795 4459 1847 4508 ..
1882 4453 1958 4508 N·
1978 4452 2098 4605 5⁵⁹2

336 4593 401 4663 4)
446 4593 528 4650 N.
563 4592 680 4648 661.
755 4593 941 4648 Multa
988 4593 1055 4646 de
1098 4591 1281 4647 eodem
1329 4609 1392 4646 m
1437 4591 1806 4661 sequentibus,
1860 4606 2099 4646 maxeme

142 4659 197 4714 in
228 4661 337 4733 Ep.
376 4665 763 4717 ministrorum
802 4660 1196 4716 Genevensium
1229 4660 1308 4715 ad
1344 4660 1633 4728 Getieum-⁹,
1671 4658 1756 4713 13.
1782 4658 1916 4716 Dee.
1947 4658 2096 4714 1545.

181 4799 191 4810 ²
333 4730 398 4799 5)
441 4731 845 4794 Narrationes·
874 4730 1070 4800 quados
1113 4731 1475 4798 &ascriptam
1522 4729 1590 4783 de
1634 4728 1797 4784 caede
1842 4728 2097 4784 Walam-

142 4810 287 4869 ······³
320 4801 398 4934 ις
421 4797 985 4935 aenaea,

335 4937 393 5003 7)
429 4941 569 5007 post
594 4938 834 5006 priunum
866 4937 1184 5006 legationem
1224 4934 1296 4989 N.
1333 4933 1453 5004 677,
1487 4939 1599 4991 not.
1642 4936 1685 4987 l.

331 5006 395 5075 8)
429 5006 542 5077 qus·
576 5021 776 5060 munus
806 5005 948 5061 alud
979 5006 1140 5061 etiam
1174 5003 1406 5072 adeptus
1440 5009 1535 5058 est.

322 5431 561 5490 GM
592 5447 793 5503 opera.
870 5430 989 5489 Vol.
1026 5430 1177 5486 XII.

1852 430 1879 491 1
1892 430 1967 491 54
1979 425 2015 492 5
2061 426 2458 499 AUGUST.

4053 451 4178 514 146

3110 626 3268 702 ⁶84.

2720 760 3130 833 VIRETUS
3175 765 3640 839 FARELLO.

2380 928 2850 999 Praeeedentem
2909 933 3163 1004 Calvisi
3223 941 3595 1007 tramittit
3644 963 3863 1027 pauca
3925 947 4170 1016 uadem

2204 1013 2282 1078 de
2324 1013 2624 1084 Cor-derio
2666 1018 3087 1089 Lausannam
3128 1028 3510 1093 accersendo.

2205 1185 2435 1269 (Exstat
2469 1188 2538 1241 ad
2574 1190 2774 1272 calcem
2810 1192 3076 1260 epistolae
3123 1196 3501 1264 praecedentis
3547 1203 3660 1252 tam
3714 1200 3772 1254 iu
3821 1204 4162 1274 autographo

2244 1271 2366 1308 uam
2404 1273 2462 1309 m
2497 1264 2727 1312 caeteris
2763 1262 3166 1331 exemplaribus
3201 1267 3469 1320 omuibus.
3545 1267 3808 1322 Simlerus
3842 1271 4163 1343 adscripsit:

2261 1324 2435 1378 iretus
2469 1324 2605 1380 haec
2638 1329 2903 1409 epistolae
2932 1331 3143 1385 Calviui
3177 1334 3246 1387 ad
3282 1335 3556 1389 Fax-ellum
3590 1337 3884 1393 subiecisse
3920 1342 4166 1399 videtur:

2202 1390 2386 1447 forsan
2437 1392 2572 1448 baec
2618 1397 2727 1450 alio
2771 1405 2901 1451 suut
2935 1400 3236 1456 referenda.
3309 1405 3440 1458 Alia
3483 1422 3676 1459 manus
3725 1408 3962 1463 addiditt
4010 1411 4164 1466 Haeo

2202 1460 2308 1514 huo
2354 1462 2640 1543 referenda
2694 1466 2963 1520 videntur.
3036 1469 3139 1523 Oui
3188 1478 3248 1524 et
3296 1489 3398 1526 nos
3444 1475 3857 1544 adstipulamur.
3930 1478 4163 1536 Simlero

2295 1529 2522 1584 dubium
2556 1533 2790 1589 suboriri
2825 1536 3007 1604 potuit
3041 1537 3188 1608 quod
3222 1542 3596 1612 autographon
3633 1561 3741 1599 nou
3775 1545 4063 1618 inspexit.)

2376 1683 2449 1752 S.
2496 1685 2673 1788 Quia
2714 1709 2833 1771 per
2865 1691 3071 1757 otium
3113 1701 3182 1759 et
3216 1695 3632 1779 repentinum
3671 1697 3993 1766 tabellarii
4029 1702 4163 1770 dis-

2201 1789 2461 1870 cessum
2504 1773 2789 1840 scribere
2830 1797 2966 1842 non
3007 1776 3178 1860 licet,
3224 1781 3349 1848 hoc
3392 1782 3626 1849 solum.
3648 1785 3751 1850 his
3793 1784 4004 1854 literis
4045 1789 4163 1856 ad-

2202 1876 2387 1935 nexo,
2455 1865 2532 1923 ut
2585 1859 2831 1926 salutes
2883 1883 3031 1930 meo
3085 1874 3153 1930 et
3205 1867 3484 1933 fratrum
3537 1871 3827 1936 omnium
3894 1876 4161 1942 nomine

2209 1939 2595 2041 (Jorderium,
2641 1945 2941 2047 detisque
2996 1971 3260 2034 operam
3315 1963 3393 2019 ut
3445 1976 3642 2038 quam
3694 1955 3918 2024 licebit
3972 1981 4160 2045 ocys-

2204 2048 2370 2094 sime
2413 2029 2675 2095 scholae
2717 2036 3172 2118 prosplciatur‚
3218 2047 3285 2103 et
3320 2049 3546 2106 nostro
3581 2052 3921 2125 cooptetur
3964 2046 4160 2112 colle-

2204 2113 2752 2284 ἒέᾱιιοῗῗοῇω
2791 2121 3417 2275 ἒῗῗξιὲοοῖἓῗείηᾷὶθ
3475 2149 3602 2211 ‘¹¹²⁰
3659 2128 4165 2282 ¹²³¹¹ta3²1ff¹i⁸⁰³ssvsiit

2694 2254 2706 2267 .
3331 2232 3440 2277 um
3481 2234 3598 2278 exs
3646 2236 3718 2281 ec
3858 2238 3955 2283 us.
4103 2241 4160 2284 12

2205 2284 2352 2351 dete
2394 2287 2604 2371 igitur
2660 2310 2746 2354 ne
2800 2292 2944 2358 sitis
2998 2292 3187 2362 nobis
3249 2297 3317 2361 in
3370 2319 3555 2364 mora
3601 2236 3676 2365 gt
3729 2322 3814 2366 ne
3868 2311 4164 2372 nostram

2201 2370 2447 2471 fallatis
2490 2378 3065 2458 exspectationem.
3133 2379 3470 2466 Quidquid
3515 2406 3553 2449 a
3596 2385 3786 2451 nobis
3832 2387 4163 2457 desidera-

2202 2456 2361 2522 b1t1s
2386 2468 2696 2559 ‘speratez
2754 2483 2875 2529 nos
2929 2486 3085 2530 vero
3129 2467 3357 2534 sedulo
3401 2471 3805 2552 curabimus,
3868 2475 3927 2540 si
3984 2477 4162 2542 volet

2203 2542 2552 2610 Dominus.
2599 2632 2612 2645 ⁸
2655 2544 2732 2612 Si
2791 2548 2978 2615 vobis
3035 2572 3200 2634 opus
3256 2563 3357 2619 est
3413 2555 3630 2640 aliquo
3687 2559 3875 2624 docto
3931 2570 4000 2627 et
4055 2563 4162 2646 pio

2201 2628 2424 2726 tlt-atre,
2463 2632 2653 2697 nobis
2696 2646 2854 2698 sunt
2888 2635 3134 2718 aliquot
3190 2638 3260 2704 in
3316 2662 3552 2721 manu,
3612 2646 3724 2726 qui
3781 2645 3968 2712 vobis
4025 2670 4164 2713 non

2202 2715 2767 2799 improbabuntur.
2856 2719 3100 2788 Valete.

3570 2865 3646 2931 P.
3694 2867 3984 2936 Viretus.

2977 3085 3387 3099 Q

3103 3304 3261 3378 685.

2736 3440 3208 3512 OALVINUS
3253 3444 3627 3515 VIRETO.

2374 3612 2630 3679 Literae
2673 3613 2760 3679 ad
2807 3611 3137 3680 Sulzemm
3178 3637 3378 3698 nuper
3407 3619 3802 3687 desideratae
3845 3623 3978 3688 iam
4010 3632 4164 3691 sunt

2200 3703 2496 3780 repertae.
2569 3700 2736 3780 Quid
2778 3700 2852 3763 in
2894 3720 3091 3766 causa
3142 3701 3574 3770 Waldensium
3606 3728 3805 3788 porro
3849 3710 4164 3792 ayendum

2201 3783 2689 3850 omittendumve.
2780 3785 3107 3851 Iudicium
3157 3788 3236 3853 de
3285 3790 3492 3856 variis
3542 3793 3976 3859 ministrorum
4016 3796 4165 3863 elee—

2200 3869 2473 3936 tiom'bus
2514 3872 2585 3934 in
2628 3891 2779 3956 ayro
2835 3870 3112 3938 Vadensi
3145 3874 3246 3939 vel
3284 3875 3474 3954 factis
3513 3878 3608 3942 vel
3646 3877 3975 3960 faciendis.

2205 4042 2313 4107 (Ex
2367 4043 2705 4112 autographo
2758 4041 2887 4095 Cod.
2929 4042 3134 4097 Gener.
3172 4042 3290 4109 106,
3326 4044 3422 4098 fol.
3453 4045 3569 4099 138.
3640 4046 3851 4101 Collata
3873 4055 4001 4104 sunt
4035 4068 4164 4108 exx.

2203 4111 2491 4166 Iouvillaei
2527 4109 2657 4164 Ood.
2694 4109 2836 4163 111³,
2885 4110 2977 4164 sol.
3015 4110 3085 4165 33
3119 4129 3187 4177 v„
3227 4113 3505 4167 Turretiui
3541 4114 3813 4184 Ood.111,
3850 4118 3941 4171 fol.
3965 4118 4068 4174 123
4087 4139 4160 4189 ιη,

2430 4181 2710 4233 Beruense
2745 4181 2884 4248 Epp.
2923 4179 3054 4234 VH.
3092 4197 3148 4250 p.
3184 4179 3289 4235 695
3324 4188 3383 4236 et
3417 4183 3631 4237 simleri
3669 4184 3796 4241 Vol.
3832 4184 3949 4254 57.)

2202 4368 2624 4434 Fidelissimo
2688 4367 3188 4435 Lausaunensis
3263 4369 3574 4436 ecclesiae
3648 4373 3893 4455 pastori
3958 4375 4163 4442 Petro

2202 4455 2438 4520 Vireto
2480 4455 2669 4520 fratri
2713 4463 2780 4520 et
2824 4461 3282 4626 symmygsiilaaeri
3277 4456 3613 4522 carissimo
3665 4466 3733 4523 et
3775 4459 3983 4526 amico
4026 4463 4161 4527 sin-

2374 4676 2449 4745 S.
2511 4677 2769 4744 Sulzero
2822 4699 3035 4761 nuper
3087 4679 3335 4762 scripsi,
3393 4677 3723 4743 oblivione
3777 4679 3980 4746 fuisse
4022 4683 4162 4748 fac-

2202 4771 2347 4829 tum
2391 4785 2542 4829 mea
2584 4765 2932 4848 quominus
2974 4764 3200 4829 literas
3251 4785 3433 4831 meas
3476 4764 3592 4829 abs
3638 4772 3704 4830 te
3746 4766 4080 4849 reciperet.
4109 4769 4163 4854 ¹)

2201 4850 2377 4916 Nam
2432 4871 2639 4933 quum
2691 4850 2982 4934 quinque
3034 4850 3294 4916 circiter
3357 4849 3540 4915 horis
3598 4857 3750 4934 post
3804 4849 4164 4919 discessum

2203 4937 2432 5003 nuncii
2486 4935 2665 5002 aliud
2719 4955 3123 5019 quaererem,
3176 4934 3378 5002 incidi
3437 4937 3603 5001 forte
3656 4937 3728 4999 in
3771 4935 3920 5001 illas
3962 4939 4161 5023 ipsas.

2201 5021 2348 5087 Iam
2387 5044 2473 5088 ne
2507 5023 2601 5088 sis
2635 5021 2967 5089 sollicitus.
3037 5021 3340 5089 Far-ellus
3384 5042 3502 5087 suo
3546 5042 3748 5102 more,
3794 5021 3952 5088 dum
3993 5025 4163 5090 nihil

2227 5276 2370 5333 685.
2407 5277 2470 5345 1)
2507 5277 2596 5334 De
2627 5278 2716 5333 his
2749 5295 2793 5334 e.
2831 5279 2905 5333 N.
2941 5275 3063 5345 677,
3109 5281 3221 5332 not.
3254 5275 3306 5330 5.
3394 5276 3680 5333 Caeterum
3724 5277 3829 5335 luae
3873 5294 3996 5348 epp.
4035 5277 4176 5335 Gal·

2202 5349 2326 5403 viai
2355 5346 2435 5401 ad
2471 5345 2774 5403 Sumen-um
2807 5363 2922 5403 non
2956 5351 3190 5402 exstant.
3685 5429 3753 5484 1⁰
