4825 6175
606 406 737 473 585

1509 588 1659 662 ⁹15.

996 728 1352 797 GALVIN
1394 727 1460 794 A
1506 727 1598 792 M.
1643 724 1773 791 DE
1818 723 2181 793 FALAIS.

785 898 1374 968 Reoommamdation
1417 897 1493 964 de
1537 895 1697 963 Iean
1731 894 1937 962 Busw.
2002 895 2175 962 Rien
2215 896 2290 963 do
2329 897 2564 964 certain

602 987 1053 1072 d'Allomayne.

608 1157 736 1225 (ori
775 1195 788 1209 .
826 1162 1052 1227 autogr-a
1089 1156 1176 1210 he.
1221 1155 1363 1209 Bibl.
1401 1155 1471 1208 80
1506 1152 1741 1209 aenove.
1789 1154 1917 1208 vol.
1958 1151 2071 1220 184,
2105 1153 2200 1207 fol.
2236 1151 2320 1206 58.
2358 1180 2424 1192 -
2461 1136 2563 1208 1⁶38.

668 1175 889 1281 d’ffmst.
926 1242 979 1294 p.
1017 1174 1133 1279 11³9.
1203 1211 1306 1279 Ed.
1341 1224 1557 1278 Bonnet
1592 1223 1636 1278 1.
1673 1220 1794 1277 202.
1865 1221 2027 1276 Trad.
2064 1222 2211 1292 angl.
2242 1222 2315 1276 11.
2352 1222 2380 1275 1
2460 1225 2503 1289 .)

901 1398 966 1462 A
1009 1396 1480 1481 Monsoignour
1525 1394 1866 1460 Monsieur
1910 1393 1990 1458 de
2033 1392 2276 1458 Fallez.

778 1533 1279 1617 Monseigneur,
1334 1532 1397 1597 ie
1450 1552 1578 1616 nay
1622 1531 1764 1596 rien
1812 1552 1853 1596 a
1894 1551 2059 1596 vous
2114 1531 2353 1596 escriro
2396 1549 2564 1613 pour

606 1621 671 1687 16
714 1627 998 1703 present,
1044 1617 1236 1683 sinon
1281 1638 1408 1700 que
1450 1618 1512 1683 le
1555 1625 1825 1699 porteur
1868 1625 1968 1681 est
2010 1616 2128 1681 lun
2172 1615 2288 1682 (166
2330 1615 2437 1681 fils
2481 1614 2563 1681 de

606 1705 717 1772 feu
761 1705 1105 1772 Monsieur
1148 1702 1354 1769 Bude.
1383 1704 1433 1782 ¹)
1523 1701 1754 1783 Quant
1789 1723 1950 1768 vous
1983 1701 2206 1766 lauroz
2242 1722 2559 1786 66636611,

550 1823 561 1833 ·
607 1813 774 1858 vous
843 1791 906 1854 le
969 1799 1308 1854 trouverez
1384 1788 1465 1853 de
1532 1790 1587 1854 si
1654 1789 1872 1854 bonno
1940 1796 2143 1868 sorte,
2209 1809 2335 1871 quo
2397 1808 2561 1854 vous

605 1877 974 1943 lestimoroz
1039 1874 1233 1958 digne
1308 1874 1526 1939 dostre
1593 1895 1786 1958 aymo
1853 1873 1933 1938 de
1997 1883 2148 1938 tous
2213 1894 2383 1939 ceux
2448 1872 2563 2022 361

607 1975 879 2047 ayment
922 1962 1122 2037 Dieu,
1184 1979 1378 2025 66661·
1420 1960 1556 2041 quil
1610 1969 1808 2024 noust
1849 1959 2026 2023 66116
2070 1979 2443 2024 1666161686
2491 1979 2562 2023 8-

605 2051 744 2113 tion
802 2045 883 2111 do
933 2046 1000 2110 la
1052 2047 1362 2111 memoire
1420 2045 1501 2111 de
1557 2066 1677 2109 son
1735 2066 1907 2127 pore.
1999 2043 2057 2109 11
2107 2054 2256 2111 nest
2302 2066 2422 2127 pas
2481 2041 2562 2109 do

604 2155 777 2200 ceux
820 2133 930 2215 qui
973 2132 1114 2196 font
1156 2141 1350 2215 grant
1394 2140 1682 2195 monstro
1740 2153 1821 2196 ne
1880 2131 2140 2213 parade.
2241 2130 2334 2196 Et
2374 2129 2561 2195 daul-

605 2230 754 2284 tant
795 2231 896 2283 est
949 2218 996 2281 il
1053 2216 1204 2299 plus
1254 2217 1428 2299 prise
1485 2216 1565 2281 (16
1609 2239 1796 2301 moy,
1855 2226 1923 2280 et
1980 2217 2040 2280 ie
2094 2237 2248 2300 scay
2293 2216 2563 2298 (16811661

605 2327 754 2372 sera
772 2304 820 2368 il
844 2325 1080 2368 envers
1105 2324 1285 2367 vous.
1334 2301 1473 2368 Son
1497 2304 1818 2367 intention
1844 2311 1946 2367 est
1968 2301 2176 2366 daller
2197 2303 2340 2366 voir
2361 2300 2564 2366 Basle

605 2400 675 2456 ot
715 2389 1147 2471 Strasbourg‚
1208 2389 1354 2470 puis
1401 2397 1698 2452 retorner
1742 2408 1893 2452 sans
1938 2388 2099 2451 faire
2145 2387 2302 2470 1663
2345 2388 2563 2452 661661·

647 2497 721 2541 81·
766 2475 929 2539 (1618.
950 2479 1006 2553 2)
1095 2474 1527 2539 Neantmoins
1584 2475 1647 2538 ie
1702 2473 1818 2557 luy
1876 2494 1958 2555 ay
2019 2473 2327 2538 conseille
2367 2472 2448 2536 (16
2491 2493 2563 2538 66

647 2565 753 2626 166
810 2561 1119 2642 enquorir
1171 2559 1227 2624 61
1287 2559 1380 2624 166
1438 2558 1733 2624 66616166
1792 2567 2020 2623 soront
2074 2579 2259 2623 seurs
2318 2555 2562 2622 devant

601 2668 732 2731 quo
775 2666 1001 2728 passer
1044 2645 1252 2709 cultro
1266 2669 1281 2724 ;
1329 2657 1394 2709 et
1435 2645 1480 2708 il
1528 2664 1637 2708 ma
1679 2644 1923 2727 promis
1959 2642 2039 2708 (16
2082 2644 2143 2708 16
2178 2644 2356 2708 faire.
2427 2645 2560 2708 (381·

600 2753 753 2798 6866
799 2733 1116 2797 necessito
1160 2731 1208 2794 11
1256 2753 1348 2814 ny
1393 2730 1609 2795 auroit
1650 2748 1889 2812 propos
1934 2729 2014 2794 (16
2068 2750 2139 2796 66
2183 2741 2432 2795 mectre
2476 2750 2559 2793 en

598 2818 848 2883 1188811..
938 2817 1012 2882 16
1055 2837 1212 2899 croy
1273 2838 1397 2899 quo
1457 2814 1701 2879 devant
1753 2816 1889 2897 quil
1941 2815 2159 2881 arrive
2216 2837 2337 2898 par
2392 2814 2558 2892 (1618,

598 2923 767 2969 vous
811 2924 896 2967 ne
940 2923 1119 2967 seroz
1179 2902 1328 2984 6166
1388 2923 1474 2965 66
1533 2900 1957 2967 deliberation
2004 2911 2209 2983 quant
2250 2922 2336 2965 86
2378 2901 2561 2966 61661·

601 2987 683 3054 (16
753 2987 993 3070 Paray.
1093 2987 1226 3053 081·
1289 2987 1575 3068 18116636
1639 2986 1774 3069 (1611
1842 2984 2162 3052 domando
2229 2995 2379 3051 nest
2440 3007 2559 3068 pas

597 3096 768 3159 pour
803 3073 1199 3140 sentrotonir
1241 3095 1324 3138 on
1368 3071 1619 3157 grande
1663 3072 1953 3139 formeto.
2044 3073 2135 3138 Et
2179 3069 2261 3138 do
2302 3071 2463 3138 faict
2496 3072 2558 3136 ie

600 3161 974 3227 coniecture
1016 3180 1143 3243 que
1186 3158 1325 3225 6618
1368 3181 1407 3224 8
1461 3166 1600 3224 esto
1642 3160 1795 3224 faict
1855 3181 1895 3223 8
1945 3157 2224 3225 68666116
2280 3179 2403 3242 681·
2458 3157 2557 3225 166

600 3248 796 3323 61666,
841 3255 1126 3328 pensant
1158 3252 1433 3328 quentro
1467 3266 1548 3329 cy
1585 3251 1653 3309 et
1686 3244 1750 3309 18
1784 3245 1833 3308 11
1870 3244 2257 3327 6686361611.
2290 3245 2372 3309 (16
2405 3265 2557 3327 pro-

599 3353 752 3482 666,
835 3331 1108 3396 attendu
1172 3352 1246 3397 66
1324 3330 1493 3414 (16118
1559 3331 2024 3415 congnoissent
2100 3327 2181 3394 do
2246 3350 2318 3394 68
2380 3351 2557 3396 com-

671 3418 884 3483 611166.
904 3418 961 3493 ⁸)

598 3439 643 3501 p
774 3502 960 3568 Nous
1037 3521 1319 3567 sommes
1395 3500 1545 3566 bion
1610 3501 1872 3567 osbahis
1935 3500 2014 3566 do
2079 3499 2311 3565 navoir
2374 3501 2560 3567 66116

602 3586 925 3655 certitudo
991 3587 1073 3652 do
1136 3587 1488 3653 nouvelles,
1591 3585 1702 3652 On
1766 3586 1950 3670 peult
2013 3588 2432 3669 apporcovoir
2495 3585 2559 3651 lo

605 3672 915 3740 desordre
969 3674 1080 3756 qui
1137 3682 1236 3737 est
1292 3694 1376 3737 66
1423 3671 1837 3756 Α11611181366
1896 3682 1963 3736 et
2004 3671 2071 3737 18
2111 3692 2359 3755 paovre
2401 3694 2558 3738 con-

605 3759 838 3825 duicto.
909 3758 1011 3824 Sil
1034 3781 1076 3843 y
1102 3758 1280 3824 avoit
1316 3779 1407 3822 66
1443 3756 1585 3822 6661
1627 3759 1820 3840 grain
1857 3757 1937 3822 do
1971 3758 2085 3838 661,
2128 3757 2213 3822 118
2258 3758 2561 3824 auroient

602 3865 851 3928 proven
911 3865 951 3909 8
1006 3844 1186 3910 leurs
1260 3844 1521 3908 affairos
1588 3841 1835 3908 devant
1896 3843 2069 3925 quilz
2121 3843 2432 3909 scachont
2485 3863 2559 3909 66

603 3932 716 4013 (161
761 3929 983 3995 devoit
1024 3939 1198 3994 ostro
1242 3950 1391 3994 6666
1435 3929 1593 3994 trois
1628 3930 1805 3995 iours
1851 3950 2059 4012 apros.
2127 3929 2300 3995 Mais
2335 3927 2555 4013 quoy?

609 4017 758 4082 Non
800 4021 888 4081 est
930 4015 1295 4090 consilium,
1352 4036 1476 4079 non
1527 4020 1617 4079 est
1655 4015 1962 4094 fortitudo
2017 4014 2247 4097 absque
2289 4016 2555 4080 domino.

606 4100 706 4167 Or
747 4102 832 4165 ilz
877 4113 1030 4166 sont
1072 4099 1474 4182 desprovouz
1512 4099 1592 4163 do
1637 4120 1760 4165 666
1805 4112 1996 4165 coste.

778 4187 1035 4270 Iospore
1081 4185 1161 4249 de
1206 4184 1459 4250 scavoir
1494 4206 1613 4268 par
1647 4188 1708 4250 16
1744 4186 2043 4270 premier,
2088 4206 2215 4268 que
2257 4193 2396 4252 cest
2430 4206 2556 4269 (166

606 4294 768 4339 vous
811 4293 1009 4338 aurez
1054 4281 1304 4335 arresto
1347 4291 1506 4336 avoc
1550 4280 1776 4337 nostre
1824 4272 2164 4354 capitaino.
2185 4274 2246 4347 ⁴)

776 4359 958 4423 Pour
991 4357 1152 4421 faire
1186 4358 1298 4433 fin,
1344 4356 1701 4435 Monsieur,
1748 4379 1939 4441 apres
1973 4366 2215 4422 mestre
2255 4356 2556 4422 humble-

602 4452 792 4509 mont
833 4440 1289 4509 recommendo
1333 4464 1373 4508 8
1415 4450 1638 4507 vostre
1681 4442 1895 4508 bonno
1939 4462 2132 4527 grace
2174 4450 2243 4508 et
2284 4440 2366 4508 de
2409 4443 2557 4509 Ma-

605 4528 1001 4607 damoisello‚
1049 4549 1211 4594 vous
1246 4528 1435 4593 avoir
1479 4537 1779 4611 presente
1821 4528 1920 4593 166
1962 4528 2265 4613 paroillos
2307 4550 2556 4595 recom-

606 4614 1017 4679 mandations
1042 4613 1123 4678 de
1146 4635 1252 4678 ma
1287 4614 1527 4678 femme
1557 4627 1625 4678 ot
1657 4613 1772 4680 (166
1798 4614 2061 4692 sulti-os,
2098 4616 2161 4680 ie
2182 4615 2558 4699 supplieray

604 4708 826 4766 nostre
891 4699 1018 4765 bon
1083 4701 1256 4764 Dieu
1324 4697 1405 4763 do
1469 4720 1632 4764 vous
1695 4700 1881 4765 avoir
1944 4701 2271 4768 tousiours
2335 4721 2421 4766 en
2487 4720 2561 4767 68

640 4972 774 5028 815.
811 4972 872 5037 1)
908 4971 1057 5026 Jeau
1090 4970 1268 5033 Bude',
1305 4974 1454 5025 siem
1486 4971 1554 5026 de
1599 4970 1817 5029 Ve'race.
1883 4970 2048 5029 Bude'
2077 4973 2156 5043 fit,
2189 4990 2258 5029 en
2292 4971 2430 5029 154⁷
2480 4989 2560 5029 un

607 5044 843 5111 premier
867 5057 1074 5166 οοὲαρε
1104 5043 1142 5095 ὰ
1158 5040 1397 5122 Genitos
1452 5041 1512 5096 Il
1545 5040 1628 5111 ey
1664 5038 1849 5125 e'tabfit
1872 5040 2291 5110 de'finittvement
2313 5060 2381 5098 en
2408 5015 2558 5099 1¹549.

809 5108 871 5177 2)
975 5116 1052 5164 est
1083 5111 1165 5163 lm
1199 5126 1294 5180 qm
1328 5117 1595 5179 rapporta
1640 5110 1696 5164 la
1738 5126 1966 5181 repense
2015 5112 2082 5167 de
2119 5111 2201 5169 ΔΙ.
2238 5113 2306 5168 de
2340 5111 2560 5179 Falooe,

601 5195 722 5234 Μ’
759 5175 1209 5318 Ν6191ν2οὖἒ3915
1219 5246 1469 5303 amem
1500 5246 1652 5302 zeum
1686 5248 1726 5304 a
1763 5246 1846 5302 M.
1884 5249 1950 5304 αα
1985 5248 2199 5304 Fatue.

808 5315 873 5385 4)
908 5315 1004 5372 Au
1035 5315 1176 5385 cajet
1211 5316 1278 5371 de
1310 5316 1367 5371 la
1398 5317 1630 5371 naiton.

2176 399 2705 470 EPIS'POLAE
2747 401 3087 468 915-917

4482 398 4586 466 m

2668 585 2896 739 m
2927 606 3092 739 {0⁰3
3123 607 3479 738 ffidales
3532 606 3654 737 {tr
3664 592 4104 750 ὢῗῐιίὶέἔῖι,
4111 585 4594 769 61οξ16ἰ1118616-

2666 766 2855 825 ment
2895 765 3077 826 toute
3119 767 3342 826 vostro
3383 757 3657 826 maison.
3722 757 3977 824 Pource
4011 777 4138 840 que
4172 757 4235 823 io
4268 775 4396 843 nay
4436 754 4595 823 161611·

2669 843 2955 916 (16661116
3021 865 3152 910 aux
3218 842 3683 921 Damoisellos,
3760 844 3825 908 ie
3890 842 4103 910 desire
4180 862 4257 909 co
4332 842 4600 926 pendant

2669 929 2887 996 dostre
2928 930 3080 996 bien
3139 930 3728 996 affectueusoment
3792 926 4249 995 recommendo
4305 950 4344 994 8
4406 937 4597 995 tontes

2669 1016 2846 1082 trois.
2936 1016 3042 1082 Do
3085 1014 3402 1095 Genofvo,
3448 1035 3522 1082 ce
3566 1022 3623 1080 4.
3673 1014 3753 1080 (16
3796 1014 3985 1099 16163
4030 1016 4288 1094 15416)

2840 1154 3085 1220 Vestro
3128 1155 3452 1220 sorvitour
3496 1161 3564 1218 et
3608 1151 3875 1217 humble
3918 1151 4109 1227 frere,

3897 1269 4107 1337 Iehan
4153 1269 4413 1337 Calvin.

3440 1567 3845 1576 ...Ἣ

3562 1801 3712 1873 916.

3194 1957 3666 2026 CALVINUS
3712 1957 4083 2025 VIRETO.

2841 2126 3215 2194 Neodunum
3258 2129 3658 2210 profecturus
3671 2179 3687 2209 ,
3757 2129 3865 2195 ubo·
3927 2129 4381 2196 Genevensium
4437 2130 4609 2215 loyati

2664 2233 2804 2279 oum
2849 2212 3278 2279 Romen-sibus
3335 2214 3409 2279 de
3461 2216 3695 2298 noyotio
3744 2215 4013 2281 Gaiensi
4058 2222 4269 2300 ayent,
4341 2216 4608 2282 Virdum

2666 2304 2842 2382 φοραί
2882 2303 2952 2364 ut
2987 2301 3123 2379 ipse
3165 2298 3255 2364 ibi
3298 2301 3469 2366 adsit
3509 2306 3565 2366 et
3597 2305 3815 2382 postea
3864 2300 4176 2367 Genevam
4213 2302 4518 2368 concodat.

2668 2469 3082 2539 (Autographon
3131 2487 3238 2523 non
3283 2477 3479 2524 exstat.
3568 2471 3799 2525 Caetera
3847 2479 4105 2527 consueta
4156 2474 4494 2543 exemplaria
4525 2473 4609 2527 ad·

2666 2544 2808 2605 sunt,
2847 2538 2963 2591 scil.
3003 2539 3283 2592 lenvillaei
3321 2539 3449 2593 Cod.
3487 2539 3690 2594 Genev.
3731 2538 3900 2606 111⁸,
3934 2541 4027 2595 fol.
4052 2541 4118 2594 12
4171 2541 4453 2596 Turretini
4488 2543 4608 2597 Cod.

2668 2605 2785 2668 111,
2822 2606 2913 2660 foi.
2953 2606 3068 2672 168,
3125 2609 3401 2662 semensa
3435 2607 3575 2678 Epp.
3618 2608 3730 2661 vu.
3767 2626 3818 2678 p.
3854 2607 3958 2662 825
4005 2617 4063 2663 et
4095 2585 4312 2665 simxeri
4349 2611 4470 2666 Vol.
4505 2610 4608 2678 84.)

2664 2794 2933 2879 Optimo
2991 2804 3058 2859 et
3127 2795 3504 2863 fidelissimo
3560 2798 3828 2863 Domini
3896 2799 4104 2865 nostri
4163 2800 4318 2866 Iesu
4365 2800 4613 2866 Christi

2834 2900 3026 2947 servo
3065 2881 3267 2948 Potro
3302 2882 3537 2947 Vireto
3574 2883 4070 2950 Lausannonsis
4114 2885 4428 2952 ecclesiae
4472 2907 4612 2970 pas-

2835 2967 2962 3031 tori
3005 2967 3197 3031 fratri
3239 2967 3403 3032 mihi
3448 2969 3803 3035 carissimo,

2833 3101 3231 3185 statuimus,
3291 3103 3419 3171 nisi
3478 3104 3634 3188 quid
3685 3107 4028 3190 impediat,
4087 3108 4315 3174 venire
4358 3108 4430 3174 N
4430 3108 4610 3175 eodu-

2662 3211 2824 3255 num
2882 3210 2960 3255 us
3005 3210 3088 3254 uo
3140 3190 3401 3256 obviam
3460 3191 3693 3275 legatis
3712 3243 3728 3270 ‚
3783 3202 3856 3258 ut
3915 3201 4416 3260 antevertamus
4470 3215 4612 3262 con-

2663 3283 2935 3342 ventum
3070 3276 3336 3342 iensom.
3402 3276 3550 3342 11116
3585 3279 3830 3344 orimus
3873 3279 4188 3345 Mercurii
4214 3283 4263 3356 ¹)
4309 3280 4385 3344 16
4420 3300 4612 3363 pran-

2664 3360 2790 3427 dio,
2878 3360 3143 3427 Mecum
3201 3363 3470 3428 venient
3512 3362 3676 3429 Abel
3730 3372 3799 3429 ot
3840 3364 4237 3431 Bernardus.
4326 3364 4610 3432 Omnino

2663 3447 2862 3512 velim
2919 3454 2984 3511 to
3050 3444 3291 3512 adesso.
3399 3448 3533 3513 Ubi
3596 3449 3927 3532 perfuncti
3990 3451 4305 3517 fuerimus
4373 3451 4610 3518 nostris

2661 3531 2988 3597 mandatis
3032 3533 3260 3598 venies
3300 3534 3659 3614 nobiscum,
3695 3542 3763 3599 et
3797 3536 3993 3601 simul
4037 3536 4146 3603 hic
4188 3538 4609 3604 tractabimus

2663 3617 2746 3683 do
2788 3618 3015 3683 multis
3049 3618 3262 3685 robus.
3352 3619 3523 3684 Nam
3568 3630 3968 3687 conventum
4014 3622 4373 3689 Gaiensem
4422 3632 4611 3709 agent

2660 3703 2861 3783 Iovis,
2908 3710 2975 3769 et
3015 3713 3332 3787 quantum
3392 3706 3684 3789 suspicor
3742 3714 4077 3791 peragent.
4182 3708 4452 3775 Ourabo
4495 3709 4607 3793 131·

2659 3798 2771 3854 tur
2836 3796 2914 3854 ut
2965 3787 3246 3856 Veneris
3318 3789 3536 3857 adsint
3590 3791 3823 3858 saltem
3882 3794 4054 3859 6668
4106 3814 4260 3877 pars
4314 3795 4606 3861 stan-um.

2660 3874 2839 3940 Male
2881 3896 2988 3940 me
3030 3875 3296 3942 habebit
3336 3878 3395 3942 si
3437 3898 3572 3943 non
3607 3879 3854 3944 venias.
3922 3878 4247 3958 Proderit,
4292 3888 4607 3964 quantum

2659 3960 2946 4027 iudicare
2988 3982 3274 4044 possum.
3363 3960 3724 4030 Successus
3779 3963 4043 4048 quidem
4099 3967 4227 4031 erit
4282 3966 4355 4031 111
4413 3985 4605 4031 manu

2659 4047 2931 4111 Domini
2949 4097 2965 4127 ‚
3023 4046 3139 4112 66(1
3196 4047 3462 4113 interim
3518 4048 3806 4115 officium
3864 4060 4051 4116 tuum
4095 4052 4346 4119 feceris.
4438 4051 4605 4128 Vale,

2656 4132 2862 4197 frater
2896 4140 2962 4198 ot
3001 4133 3207 4200 amico
3248 4133 3602 4200 carissime.
3672 4134 4000 4201 Dominus
4036 4136 4155 4202 tibi
4198 4158 4460 4221 sempor
4503 4136 4608 4203 ad-

2659 4218 2763 4283 sit.
2855 4218 3205 4284 Fratribus
3270 4220 3573 4286 omnibus
3638 4220 3990 4303 plurimam
4053 4223 4352 4290 salutem.
4464 4223 4608 4289 Alis

2660 4304 3012 4370 scriberem
3055 4305 3136 4369 do
3180 4311 3360 4373 statu
3403 4307 3589 4372 urbis
3632 4316 3898 4373 nostrae
3937 4308 4367 4393 μυστηκιῦτερα
4382 4312 4439 4385 ²)
4486 4308 4604 4374 nisi

2658 4409 2992 4473 sperarem
3028 4398 3093 4455 to
3138 4400 3510 4470 venturum,
3556 4392 3689 4457 imo
3711 4393 3838 4459 nisi
3909 4394 4058 4460 lano
4101 4414 4313 4460 essem
4354 4412 4605 4478 persua-

2660 4496 2791 4541 sus.
2881 4475 3136 4541 Itorum
3180 4475 3346 4556 vale,
3392 4498 3597 4561 usquo
3636 4478 3718 4542 ad
3759 4480 3846 4543 tri
3893 4500 4066 4548 uum.
4142 4486 4198 4546 6.
4226 4480 4400 4546 Iunii
4432 4483 4601 4545 1547.

3586 4615 3868 4682 Ioannes
3911 4616 4233 4685 Calvinus
4275 4627 4445 4685 tuus.

2868 4871 2930 4937 5)
2967 4871 3147 4926 Recou
3180 4872 3234 4926 16
3269 4870 3317 4927 ’1.
3354 4871 3423 4925 de
3457 4871 3579 4926 Iuin
3652 4869 3805 4925 1547.
3854 4871 4165 4943 Respondu.

2696 4938 2831 4993 818.
2870 4939 2930 5003 1)
2968 4940 3021 4995 d.
3055 4938 3107 4994 8.
3145 4940 3317 4995 Iunii.
3390 4939 3479 4995 De
3512 4889 3674 4996 regu
3713 4940 4044 4996 &aiensibus
4076 4957 4126 4996 v.
4165 4941 4238 4997 N.
4276 4941 4394 4996 914.

2867 5007 2931 5077 2)
2962 5010 3060 5065 sic.
3138 5008 3314 5065 Vin-eti
3346 5010 3716 5078 praesentim
3767 5007 4016 5065 Gmevae
4060 5026 4172 5066 non
4214 5012 4454 5067 inat-'lm
4482 5010 4598 5079 fon

2662 5076 2932 5146 sperabat.
3012 5077 4598 5149 loia-immendieomaqiaeinandpfflpoouaaae

2657 5147 3083 5270 magnac-que
3112 5147 3447 5217 tmporoad
3474 5146 4007 5217 publiano-aliqum
4041 5149 4329 5205 tumultun
4362 5148 4597 5206 doceam
