4825 6175
192 473 294 536 369

185 657 389 726 maiori
422 678 619 723 curae
652 678 852 741 quam
886 661 1028 725 eius
1064 658 1343 728 salutem
1380 657 1846 743 commodaque
1867 658 2106 738 omnia,

187 767 249 812 ao
294 742 546 809 tametsi
601 743 860 810 videam
891 765 1066 832 eum
1121 745 1555 812 nebulonibus
1619 766 1691 811 se
1748 744 2109 830 adiungere

183 851 291 915 quo
331 828 737 896 stomachum
777 831 943 896 mibi
987 839 1277 910 moveat,
1335 853 1440 897 me
1483 839 1706 897 tamen
1749 830 1961 916 magis
2005 851 2108 896 re-

182 915 410 984 cordari
467 916 876 999 superiorum
927 924 1316 1002 temporum.
1409 916 1706 983 Tandem
1752 923 2110 1000 sequentur

179 1001 662 1068 exhortationes.
761 1002 844 1067 In
899 1014 1032 1068 tem
1121 1024 1192 1069 re
1252 1002 1467 1069 adhuc
1535 1002 1758 1070 veniet
1813 1002 2104 1086 epistola.

178 1088 381 1171 Neque
446 1088 621 1152 enim
697 1088 1220 1172 magnitudinem
1296 1110 1482 1155 suam
1548 1089 1830 1153 retinere
1893 1095 2110 1172 potest

177 1175 312 1257 quin
353 1172 570 1238 foveat
607 1194 847 1258 magna
892 1174 1218 1241 scandala.
1309 1174 1538 1260 Neque
1574 1173 1748 1240 ullus
1793 1183 1893 1239 est
1935 1173 2104 1239 finis.

173 1260 416 1324 Interea
459 1279 563 1325 me
605 1261 801 1346 fugit:
858 1260 990 1326 nisi
1045 1260 1215 1344 quod
1268 1260 1469 1327 semel
1529 1279 1569 1324 a
1627 1279 1832 1326 coena
1873 1258 1954 1324 ad
2000 1277 2108 1324 me

176 1346 352 1410 venit.
419 1342 639 1429 Cogor
672 1353 913 1426 autem,
958 1345 1160 1413 velim
1195 1345 1418 1426 nolim,
1463 1346 1674 1411 multa
1708 1365 1904 1430 agere
1940 1365 2108 1428 quae

170 1433 370 1515 ipsum
411 1438 731 1515 pungant.

325 1514 554 1599 Nuper
568 1520 622 1595 ⁴)
669 1537 702 1581 s
751 1517 934 1584 urius
989 1539 1072 1583 ex
1127 1515 1317 1583 domo
1363 1513 1723 1584 Fabrorum
1738 1516 1797 1601 ὅ)
1843 1515 1950 1581 cui
1988 1534 2104 1580 no-

170 1621 307 1666 men
349 1609 450 1668 est
494 1600 575 1667 ab
619 1600 720 1667 Or
764 1623 804 1667 a
856 1624 1131 1669 uxorem
1187 1601 1378 1669 duxit
1431 1604 1722 1686 spuriam
1766 1599 2104 1666 cuiusdam

168 1686 521 1753 Nantuatis.
612 1687 917 1773 Triginta
960 1697 1075 1755 aut
1116 1689 1375 1757 circiter
1418 1687 1805 1774 prodierunt
1847 1686 2105 1753 obviam

165 1792 440 1856 sponsae.
532 1773 739 1839 Vides
782 1796 978 1859 quam
1025 1773 1301 1840 ridicula
1341 1775 1543 1840 fuerit
1575 1792 1832 1857 pompa.
1914 1771 2106 1838 Nosti

167 1858 328 1923 enim
369 1858 719 1941 maritum,
780 1860 1118 1925 hominem
1176 1859 1370 1925 nihili
1413 1868 1482 1927 et
1524 1859 1773 1925 nullius
1816 1858 2102 1924 honoris.

164 1944 245 2008 Et
284 1952 508 2010 tamen
552 1945 867 2031 strepitus
910 1945 1300 2013 audiebatur
1341 1953 1480 2012 tota
1522 1946 1685 2012 urbe
1729 1943 1870 2010 eius
1911 1964 2111 2011 causa

166 2029 345 2097 valde
388 2031 912 2114 intempestivus.
991 2033 1265 2117 Egressi
1310 2041 1469 2098 sunt
1512 2052 1713 2116 quum
1760 2030 2112 2096 haberetur

166 2116 364 2197 prima
408 2118 653 2183 concio.
741 2118 931 2184 Inter
970 2118 1330 2186 secundam
1372 2119 1751 2186 concionem
1794 2123 1952 2183 sunt
2005 2135 2110 2181 re-

167 2202 344 2268 versi.
440 2201 621 2283 Quid
665 2212 1017 2288 sequutum
1062 2204 1206 2272 est?
1296 2203 1630 2270 Dominus
1674 2211 1962 2270 stercore
2007 2221 2111 2267 as·

166 2287 360 2368 persit
404 2296 613 2354 totam
656 2288 839 2354 illam
883 2310 1210 2376 pompam.
1301 2291 1463 2357 Abel
1506 2290 1804 2374 coniugio
1846 2284 2111 2354 benedi-

163 2374 356 2440 cebat.
432 2372 662 2454 Quum
701 2375 1129 2459 stipularetur
1162 2376 1360 2443 fidem
1398 2373 1827 2460 coniugalem,
1872 2372 2111 2438 nebulo

163 2458 307 2524 alibi
350 2459 643 2526 habebat
685 2462 995 2526 animum.
1085 2463 1291 2528 Iussit
1347 2468 1423 2526 ut
1476 2461 1712 2527 saltem
1770 2465 2109 2526 annueret.

163 2543 370 2629 Caput
403 2547 755 2612 concussit.
823 2548 1072 2631 Magna
1105 2547 1333 2632 populi
1358 2545 1893 2613 obmurmuratio.
1953 2543 2114 2610 Abel

160 2632 464 2712 perrexit,
505 2651 705 2714 quum
744 2631 1008 2698 deberet
1040 2634 1357 2700 actionem
1397 2632 1802 2717 abrumpere.
1856 2631 2111 2696 Verum

161 2737 222 2782 se
261 2737 682 2801 nequaquam
743 2718 1290 2786 animadvertisse
1344 2717 1609 2787 deierat
1701 2716 1896 2799 Quod
1936 2714 2111 2782 ride-

162 2803 263 2867 bat
304 2811 540 2870 noster
582 2824 808 2870 severe
853 2807 1156 2887 punitum
1197 2806 1326 2871 fuit
1360 2826 1401 2871 a
1433 2813 1687 2871 senatu.
1750 2804 1922 2869 Nam
1958 2823 2111 2868 con-

160 2896 440 2972 temptor
486 2889 599 2954 ille
657 2910 775 2972 per
829 2890 966 2956 dies
1023 2899 1170 2957 octo
1227 2892 1297 2956 in
1342 2898 1594 2957 arctum
1638 2909 1963 2956 carcerem
2009 2889 2109 2952 in-

27 3015 30 3058 ÷
162 2972 370 3042 clusus
409 2974 610 3041 hodie
653 2995 876 3043 coram
921 2976 1192 3043 ecclesia
1247 2977 1502 3059 culpam
1563 2976 1945 3059 deprecatus
1989 2982 2106 3039 est.

27 3063 30 3135 ζ
156 3059 444 3129 Patruus
510 3062 734 3128 uxoris
780 3061 1054 3129 Ioannes
1109 3084 1287 3130 nunc
1343 3070 1443 3128 est
1495 3062 1566 3127 in
1621 3081 1897 3128 carcere.
1988 3057 2107 3126 Se-

27 3140 30 3189 ¹.
160 3168 305 3213 vere
351 3147 763 3231 prohibitum
786 3150 1100 3216 insulario
1145 3149 1408 3232 nequid
1454 3158 1713 3230 praeter
1758 3167 1994 3230 aquam
2041 3154 2110 3210 et

158 3253 386 3313 panem
433 3234 538 3298 illi
584 3234 709 3299 det.
802 3235 1032 3318 Neque
1089 3236 1390 3299 exiturus
1446 3243 1544 3299 est
1597 3234 1726 3298 nisi
1782 3254 1932 3298 cum
1988 3253 2107 3313 pu-

29 3376 32 3395 ,
159 3318 315 3384 blica
357 3320 745 3404 ignominia.
813 3321 986 3386 Nam
1022 3342 1221 3403 quum
1248 3321 1465 3385 Deum
1503 3320 1717 3402 palam
1754 3319 2112 3400 abnegaret

29 3406 30 3445 ³
157 3414 342 3487 atque
388 3428 432 3472 a
479 3406 686 3471 fratre
742 3418 967 3472 nostro
1013 3406 1453 3489 Raymondov)
1499 3403 2111 3488 reprehenderetur,

159 3492 435 3572 repetita
497 3493 887 3557 exsecrabili
921 3492 1051 3557 Dei
1093 3492 1455 3558 eiuratione
1504 3490 1674 3556 dixit
1722 3490 1845 3555 sibi
1893 3487 2111 3554 dolere

161 3576 322 3656 quod
346 3599 490 3643 non
515 3587 781 3661 arrepta
803 3579 1004 3644 barba
1034 3599 1186 3643 eum
1211 3579 1280 3642 in
1304 3588 1544 3642 terram
1569 3577 1813 3641 illisum
1839 3573 2111 3657 pedibus

156 3662 487 3730 calcasset.
563 3662 952 3746 Proserpina
971 3669 1028 3741 ⁷)
1074 3664 1293 3742 etiam,
1339 3662 1548 3746 pridie
1582 3682 1778 3746 quam
1807 3679 2111 3744 sponsam

159 3748 536 3832 exciperent
577 3757 712 3815 tam
758 3749 1137 3829 honorifice,
1184 3769 1442 3816 socrum
1484 3749 1579 3813 ita
1621 3747 1998 3813 vulneravit
2040 3751 2116 3811 ut

156 3831 373 3918 largus
421 3835 525 3900 ini
569 3837 839 3922 sanguis
883 3858 967 3902 ex
1010 3835 1309 3919 occipitio
1351 3836 1604 3914 flueret,
1649 3834 1848 3899 facies
1891 3840 2112 3897 autem

159 3917 553 3987 laceratione
601 3920 859 3988 foedata
907 3931 1096 4001 esset,
1148 3928 1359 3986 totum
1410 3940 1645 4004 corpus
1695 3918 1835 3983 luto
1871 3927 1939 3982 et
1971 3916 2115 4000 pul-

155 4025 300 4071 vere
347 4029 806 4091 conspersum.
896 4009 1085 4074 Nosti
1129 4007 1340 4092 qualis
1385 4007 1475 4072 sit
1517 4005 1866 4088 temperies
1924 4013 2113 4069 vetu-

157 4088 262 4155 lae.
355 4093 780 4160 Audiebatur
836 4102 970 4160 toto
1016 4094 1160 4161 vico
1216 4093 1582 4159 inclamans
1621 4089 1752 4156 Dei
1795 4097 1862 4155 et
1904 4089 2114 4154 homi-

152 4196 308 4242 num
353 4178 588 4245 fidem.
684 4179 1133 4261 Proserpinam
1192 4179 1274 4246 ad
1335 4178 1797 4244 consistorium
1853 4175 2114 4241 vocavi-

152 4280 311 4329 mus.
406 4263 553 4333 Sed
600 4265 682 4332 ad
725 4284 1013 4332 sororem
1059 4265 1447 4333 evolaverat.
1516 4264 1834 4329 Proxime
1875 4262 2115 4326 iterum

151 4351 521 4417 vocabitur.
634 4350 811 4434 Quid
875 4353 1157 4418 facerem
1172 4351 1206 4415 ⁴?
1305 4349 1674 4418 Silentione
1722 4346 2116 4413 redimerem

150 4434 341 4502 unius
377 4436 679 4505 hominis
715 4440 1016 4524 gratiam,
1060 4446 1137 4505 ut
1172 4459 1211 4503 a
1246 4444 1385 4504 tota
1419 4436 1692 4504 ecclesia
1725 4432 2115 4518 proditionis

152 4515 475 4589 damner?
543 4523 734 4592 Dabo
777 4532 1000 4591 tamen
1037 4544 1303 4608 operam
1342 4544 1427 4588 ne
1469 4523 1617 4588 iure
1662 4519 2110 4588 excandescat.

351 4712 418 4779 4)
461 4713 622 4769 Hinc
656 4715 931 4781 incipiunt
964 4713 1087 4769 edd.

352 4780 417 4848 5)
477 4783 616 4837 Vide
650 4783 870 4838 omnino
904 4782 981 4839 N.
1019 4781 1137 4835 791.
1175 4780 1293 4836 792.
1343 4780 1426 4835 Le
1461 4777 1664 4835 ὁὰτανᾶ
1683 4776 1903 4845 d’Orbe‚
1943 4774 2118 4845 Roget

343 4919 416 5069 ‘633
457 4919 833 5072 gloguam
965 4991 977 5004 “
1049 4995 1177 5045 atur
1193 4992 1367 5069 nmer-
1384 4986 1588 5069 Penwp
1587 4985 1626 5052 i,
1648 4984 1898 5040 Persem
1918 4982 2117 5064 ᾶταοιζ,

158 5049 374 5111 OEcudn
413 5057 649 5140 Peru-uu
683 5057 871 5113 adua.
1018 5100 1029 5113 .
1070 5057 1290 5127 Galsffe,
1324 5055 1458 5138 Not.
1488 5071 1613 5126 qen.
1647 5053 1744 5108 111.
1779 5051 1882 5108 379
1942 5052 2114 5106 Bom-

154 5123 306 5192 vara,
336 5127 531 5195 1001·oe
564 5128 632 5181 ae
669 5126 966 5209 amoq.
1002 5125 1089 5197 55,
1140 5125 1331 5194 Rom,
1377 5125 1500 5180 mat.
1538 5124 1605 5180 aa
1644 5123 1855 5207 qoam
1889 5093 1944 5176 i1

158 5186 397 5318 ¹⁰⁰”12⁸
427 5195 771 5335 3502...pr
807 5213 904 5321 {¹22⁸
936 5211 1110 5321 ‘³²5⁰
1129 5194 1790 5336 mmmi'ffa‘ussssssmfffl
1816 5197 2117 5327 ⁰⁰52&AE

153 5272 326 5394 {rm
371 5332 632 5416 studem-
676 5334 868 5402 affinis
912 5282 1308 5417 :rpatuqquippe
1353 5335 1512 5392 cuius
1556 5346 1700 5387 mor
1746 5280 1903 5388 sogor
1947 5330 2117 5397 ficet-it

153 5410 356 5465 vnvm
389 5400 629 5459 Amede·
665 5403 893 5460 Pers-ini
917 5419 1132 5461 uxores.

291 5489 526 5548 Gabino·
553 5506 735 5563 opera.
783 5492 897 5549 Vol.
934 5489 1034 5546 XI
1034 5489 1081 5545 1.

1870 475 2031 535 1546
2077 468 2471 539 AUGUS'P.

4040 483 4168 546 370

2216 656 2607 725 Penthesilea
2620 657 2682 743 ⁰)
2749 666 2925 728 certe
2997 659 3185 728 brevi
3262 659 3447 730 nobis
3516 659 3943 749 ‘reprimenda
4020 668 4165 734 erit.

2212 742 2384 808 Nam
2429 742 2640 810 malas
2674 764 2901 812 omnes
2945 766 3171 813 causas
3225 749 3502 834 suscipit
3544 759 3613 816 et
3654 749 3898 819 furiose
3941 750 4167 819 defen·

2213 827 2327 895 dit.
2394 828 2703 913 Denique
2742 830 2954 898 fronte
2998 834 3369 901 meretricia
3412 836 3554 922 agit
3590 836 3813 903 omnia
3853 843 3921 904 et
3959 839 4171 922 loqui-

2211 921 2340 980 tur.
2361 917 2420 993 ⁹)
2478 914 2697 981 Hodie
2727 924 3058 982 venerunt
3092 939 3133 983 a
3155 917 3474 987 Frellonio
3500 924 3580 986 ¹⁰)
3615 921 3867 1008 literae,
3906 922 4169 991 Peuma

2210 999 2553 1067 librarium
2583 1001 2665 1084 ¹¹)
2730 1001 2932 1067 fuisse
3001 1012 3325 1070 exustum.
3439 1006 3646 1074 Ouius
3714 1019 3781 1075 te
3844 1011 4171 1076 monitum

2211 1085 2395 1152 volui
2437 1096 2516 1152 ut
2560 1086 2640 1152 de
2683 1087 2903 1171 puella
2941 1088 3203 1175 cogites,
3251 1091 3510 1172 quando
3554 1094 3837 1178 eligendi
3881 1095 4172 1179 spatium

2211 1170 2541 1238 Dominus
2584 1171 2773 1237 nobis
2816 1175 3155 1240 concessit.
3245 1175 3505 1243 Vellem
3552 1187 3770 1245 tamen
3817 1180 4169 1266 diligenter

3314 1398 3328 1412 .
3575 1372 3620 1417 u
3764 1372 3796 1418 s
3913 1373 3980 1418 m
4029 1375 4061 1421 s

2212 1449 2441 1496 omnes
2485 1426 2853 1515 diligenter.
2951 1367 3382 1518 llgeAugusti
3432 1440 3613 1501 1546.
3797 1374 3912 1438 ym
3981 1376 4026 1439 y

3137 1567 3418 1637 Ioannes
3460 1570 3781 1640 Oalvinus
3823 1580 3993 1642 tuus.

3114 2097 3268 2169 818.

2739 2252 3147 2320 VIRETUS
3193 2253 3631 2322 OALVINO.

2215 2509 2350 2606 ias·
2389 2509 2528 2591 ipse
2570 2508 2896 2590 deperdita
2936 2510 3147 2608 eredit.
3186 2597 3199 2610 υ
3228 2511 3543 2579 Libellum
3582 2532 3771 2578 suum
3802 2514 4167 2613 propediem

2214 2598 2453 2745 Mt.
2510 2591 2612 2660 De
2644 2613 2797 2659 novo
2837 2598 3233 2662 mammonae
3258 2618 3383 2678 pro
3420 2603 3687 2680 tempore
3725 2600 4006 2681 anoplms
4044 2619 4167 2665 non

2215 2850 2326 2916 (Ex
2373 2848 2709 2920 autographo
2759 2847 2887 2904 Cod.
2937 2850 3143 2932 Qenev.
3190 2849 3360 2931 '51¹⁸’
3414 2852 3509 2905 fol.
3560 2850 3663 2906 156
3714 2854 3772 2907 in
3821 2871 3929 2925 quo
3980 2864 4162 2911 tamen

2596 2917 2788 2972 charta
2820 2935 3025 2989 passim
3058 2918 3257 2987 deficit,
3293 2920 3514 2975 madore
3548 2922 3777 2986 deleta.)

2387 3108 2774 3175 Clarissimo
2845 3111 2988 3175 viro
3056 3111 3142 3175 D.
3199 3109 3438 3175 Ioanni
3504 3110 3783 3177 Calvino
3848 3112 4036 3176 fratri
4099 3123 4168 3179 et

2216 3202 2621 3280 symmystae
2662 3193 3023 3276 plurimum
3068 3194 3477 3261 observando

3664 3280 3997 3347 Genevae.

2389 3416 2461 3482 S.
2508 3414 2761 3500 Scripsi
2805 3415 2889 3482 ad
2927 3416 3253 3483 Farellum
3295 3418 3483 3482 iuxta
3526 3424 3709 3481 tuam
3751 3418 4163 3483 sententiam.

2215 3503 2387 3567 Mihi
2446 3504 2620 3568 dolet
2673 3502 2787 3568 tibi
2844 3512 2980 3567 tam
3045 3502 3315 3586 longum
3380 3524 3522 3568 esse
3581 3522 3691 3568 cer
3724 3501 3954 3590 tamen]
4015 3524 4166 3569 cum

2217 3589 2531 3671 monstris
2594 3590 2754 3654 istis.
2788 3592 2837 3665 ¹)
2937 3587 3154 3669 Quam
3211 3598 3433 3652 metuo
3488 3607 3574 3652 ne
3628 3590 3705 3652 br
3741 3587 3865 3676 evi]
3925 3610 4165 3674 magno

2217 3694 2366 3739 cum
2411 3672 2593 3740 luctu
2635 3673 2978 3739 videamus
3026 3671 3267 3761 [eorum
3354 3674 3610 3738 ruinam
3667 3695 3830 3756 quos
3872 3683 4166 3744 servatos

2218 3760 2536 3843 cupimus.
2625 3760 2726 3824 'ru
2767 3767 2882 3825 tuo
2925 3761 3186 3824 muneri
3234 3757 3264 3845 [
3306 3756 3504 3908 eeqse
3563 3780 3698 3825 non
3738 3767 3938 3843 potes.
4027 3761 4164 3827 Do·

2217 3847 2439 3912 minus
2481 3845 2602 3911 tibi
2640 3856 2954 3929 perpetuo
3003 3842 3230 3932 [adsit]
3275 3853 3344 3910 et
3382 3846 3406 3908 i
3435 3845 3531 3910 los
3565 3853 3831 3910 revocet
3864 3846 3947 3911 ad
3984 3866 4169 3911 men-

2219 3940 2354 3998 tem
2398 3930 2750 3997 meliorem.
2840 3929 2918 3997 Si
2960 3938 3082 3996 tua
3122 3930 3193 3995 in
3229 3929 3514 3995 Paulum
3555 3930 3918 3998 lucubratio
3958 3933 4168 4015 perie-

2218 4019 2324 4097 rit,
2370 4037 2479 4082 me
2538 4016 2895 4099 plurimum
2954 4037 3033 4082 ea
3086 4017 3342 4082 iactura
3397 4015 3738 4094 cruciabit,
3793 4036 3995 4099 quum
4050 4025 4167 4082 tuo

2219 4111 2362 4168 tum
2422 4102 2839 4187 potissimum
2896 4101 3207 4169 ecclesiae
3259 4102 3540 4166 nomine.
3642 4102 3855 4167 Miror
3954 4120 4038 4167 uo
4096 4122 4169 4168 se

2219 4185 2724 4275 proripuer[int]
2770 4188 2868 4254 illi
2912 4188 3269 4255 nebulones
3326 4186 3437 4271 qui
3492 4193 3677 4252 tanta
3729 4184 4001 4269 perfidla
4051 4209 4168 4253 no-

2221 4276 2475 4342 biscum
2519 4282 2818 4358 egerunt.
2907 4274 2987 4340 Si
3029 4282 3183 4339 tuae
3227 4273 3483 4354 literae,
3539 4272 3774 4357 quibus
3820 4271 4171 4339 Fallesium

2221 4358 2472 4448 s[uper]
2533 4380 2679 4426 meo
2735 4360 2995 4445 negotio
3059 4357 3442 4426 consulebas
3455 4409 3473 4438 ,
3565 4379 3697 4425 non
3750 4359 4092 4443 perverint
4111 4360 4172 4444 ²)

2219 4448 2290 4512 in
2328 4466 2567 4512 manus
2609 4445 2817 4526 illius,
2875 4445 3002 4511 nisi
3046 4453 3122 4512 tu
3166 4444 3472 4529 deinceps
3527 4444 3883 4528 scripseris,
3950 4441 4063 4509 diu
4107 4452 4173 4509 et

2425 4703 2486 4771 8)
2531 4703 2838 4759 Franeieoa
2876 4700 3089 4770 Fuere,
3136 4701 3366 4756 Penius·
3404 4713 3549 4755 anor
3612 4696 3679 4751 de
3854 4711 4030 4765 supra
4066 4697 4099 4752 l.
4137 4697 4169 4752 l.

2220 4772 2312 4829 De
2343 4788 2457 4844 qua
2488 4772 2613 4828 vide
2645 4773 2806 4827 cuam
2847 4769 3077 4826 Gaberel
3148 4767 3297 4824 ,384
3354 4740 3660 4848 Βορειρἳβ.
3705 4712 3922 4821 meva
3954 4765 4172 4848 tamdem

2217 4842 2409 4899 relicta
2443 4842 2505 4895 in
2537 4842 2715 4896 viem
2749 4839 2973 4910 Preqny
3006 4840 3068 4893 in
3101 4785 3306 4895 {aione
3338 4837 3701 4893 Ber-sensnum
3734 4848 3791 4889 se
3819 4839 4034 4906 recepti.

2428 4909 2486 4978 9)
2522 4909 2637 4965 Hie
2667 4909 2971 4965 subsistunt
3003 4906 3123 4962 edd.

2391 4979 2489 5113 ff),
2528 4975 2756 5102 ἔστιξε.
2796 5045 3007 5114 Ghopot
3066 5041 3408 5125 Delphines,
3441 5042 3614 5123 ’olim‘
3659 5039 3907 5121 Genevqe
3959 5039 4172 5111 ἄφευε,

2291 5123 2407 5173 elea
2445 5117 2687 5171 Paffsiis
2721 5116 2788 5172 ob
2821 5113 3152 5183 exemplans
3191 5110 3246 5166 S.
3287 5108 3341 5164 8.
3389 5108 3670 5165 &vendam
3714 5114 3766 5163 et
3808 5108 4100 5165 doeuwbtoea
4133 5126 4171 5165 a

2213 5133 2305 5242 ²1³3.
2343 5183 2539 5241 Andre
2572 5184 2865 5254 bibliopola
2898 5183 3087 5238 Liseto
3120 5179 3371 5249 praesidi
3396 5178 3731 5247 parlamenti
3761 5182 3812 5233 et
3835 5175 4175 5235 Serbonistis

2219 5255 2584 5311 denunciatus
2658 5255 2782 5309 eriit
2819 5252 2991 5318 (Hier.
3027 5249 3121 5306 des
3160 5248 3412 5319 Mai-tyrs
3441 5263 3496 5315 p.
3539 5244 3677 5312 190).

2253 5324 2389 5380 818.
2424 5324 2488 5461 ‘P'
2520 5323 2604 5449 fn
2678 5339 2835 5379 orum
2869 5326 3039 5389 qanto.
