4825 6175
641 383 768 446 223
817 434 837 458 ,

637 567 1057 634 Fidelissimo
1104 564 1358 632 Christi
1415 566 1718 631 ministro
1760 566 1961 632 Petro
2004 566 2238 632 Vireto
2295 566 2594 632 Lausan-

638 654 861 720 nensis
915 651 1225 719 ecclesiae
1293 652 1538 735 pastori
1605 652 1989 736 dignissimo
2041 653 2233 718 fratri
2289 658 2359 716 et
2412 672 2594 736 sym-

1290 746 1548 823 mystae
1591 739 1942 804 carissimo,

809 878 915 943 De
969 876 1181 941 literis
1239 875 1476 940 Bucari
1504 878 1552 959 ¹)
1623 886 1800 941 recte
1856 873 2123 940 iudicas.
2238 872 2441 939 Solus
2493 880 2597 938 est

636 962 867 1029 multis
910 970 1252 1045 suspectus
1296 961 1507 1026 nostri
1560 961 1828 1026 ordinis.
1917 959 2162 1026 Statim
2207 959 2594 1026 acclamabi-

637 1058 767 1128 tur,
812 1048 1060 1115 scilicet
1102 1069 1303 1131 quum
1349 1048 1733 1129 rogaverint
1778 1068 2023 1126 omnes,
2067 1067 2241 1111 nnus
2283 1046 2595 1110 inventus

636 1144 740 1199 est
786 1134 900 1218 qui
942 1134 1079 1200 illis
1125 1131 1581 1199 subscriberet.
1670 1132 1962 1198 Deinde:
2031 1153 2266 1214 nempe
2324 1132 2450 1197 hoc
2493 1138 2595 1195 est

638 1218 814 1304 quod
869 1242 908 1285 a
960 1219 1188 1285 multis
1245 1218 1675 1301 prudentibus
1716 1218 2249 1284 animadversum
2287 1226 2404 1295 est,
2450 1216 2594 1281 Bu-

636 1326 848 1372 cerum
892 1326 1133 1371 novam
1177 1303 1608 1369 hierarchiam
1656 1304 1892 1369 moliri.
1981 1305 2359 1369 Postremo:
2406 1302 2595 1385 quasi

632 1413 769 1457 non
812 1398 1016 1475 agant
1058 1411 1253 1456 suum
1296 1391 1632 1473 negotium
1674 1390 1982 1468 ministri,
2026 1410 2228 1473 quum
2277 1387 2358 1452 de
2402 1389 2594 1453 bonis

635 1477 1093 1544 ecclesiasticis
1137 1476 1416 1560 litigant.
1506 1476 1615 1540 Ita
1656 1497 1891 1541 vereor
1934 1497 2019 1541 ne
2060 1476 2321 1558 pariant
2365 1473 2593 1538 literae

634 1584 947 1648 magnam
989 1560 1312 1628 invidiam
1357 1561 1672 1627 fratribus
1716 1562 1897 1626 nullo
1940 1561 2176 1627 fructu.
2267 1558 2445 1640 Quia
2492 1561 2593 1623 ni-

636 1649 735 1714 hil
777 1648 1227 1732 profecturum
1272 1668 1379 1712 me
1422 1648 1782 1730 sperabam,
1829 1647 2146 1712 hactenus
2189 1645 2434 1710 distuli.
2516 1644 2593 1710 Si

634 1743 861 1800 tamen
905 1742 1133 1798 manet
1178 1732 1477 1798 Farellus
1535 1734 1604 1797 in
1659 1734 2013 1811 sententia,
2071 1752 2449 1815 pareamus,
2506 1750 2592 1794 ne

635 1821 759 1887 sibi
805 1841 1073 1905 oporam
1117 1828 1415 1883 nostram
1474 1818 1757 1884 defuisse
1810 1828 2012 1901 putet.
2114 1818 2388 1884 Utinam
2436 1836 2591 1881 vero

635 1914 858 1989 posset
899 1904 1071 1989 quod
1118 1926 1378 1988 semper
1424 1905 1646 1987 optavi
1690 1903 2000 1981 obtineri,
2059 1912 2133 1968 ut
2175 1923 2402 1967 omnes
2450 1923 2591 1967 sus-

635 1991 1002 2075 ciperemus
1065 1991 1237 2056 hanc
1302 2010 1566 2056 causam
1632 2011 1715 2055 ex
1779 1991 2014 2054 animo.
2122 1988 2204 2053 In
2270 2008 2594 2054 consensu

637 2088 861 2143 nostro
914 2078 1074 2142 satis
1130 2097 1455 2159 superque
1498 2084 1670 2141 esset
1725 2075 2113 2141 autoritatis.
2218 2072 2355 2140 Sed
2408 2073 2594 2138 vides

636 2171 952 2247 tempora.
1041 2161 1119 2227 Si
1162 2160 1319 2245 quid
1365 2162 1676 2240 scribam,
1733 2162 1945 2227 sciens
2002 2168 2177 2226 certe
2235 2181 2311 2225 ac
2365 2159 2594 2224 volens

635 2250 710 2315 in
767 2248 1017 2313 Farelli
1076 2248 1386 2330 gratiam,
1457 2268 1563 2312 me
1622 2246 1976 2331 literasque
2029 2267 2210 2311 meas
2268 2265 2593 2327 exponam

634 2332 935 2401 ludibrio,
1037 2332 1216 2414 Quid
1270 2353 1425 2417 ergo
1482 2334 1798 2398 fratribus
1851 2333 2094 2397 nostris
2154 2331 2386 2397 damus
2439 2351 2593 2397 con-

636 2420 815 2485 silii?
864 2419 1134 2501 inquies.
1204 2418 1496 2485 Tametsi
1533 2418 1642 2483 hic
1677 2418 2043 2483 timendum
2088 2426 2190 2484 est
2234 2439 2317 2482 ne
2361 2426 2593 2483 venter

635 2526 772 2571 non
816 2504 1057 2571 habeat
1098 2525 1309 2583 aures,
1365 2504 1608 2570 suadeo
1652 2514 1879 2569 tamen
1921 2513 1999 2569 ut
2040 2511 2342 2569 senatum
2387 2504 2592 2567 maio-

635 2611 781 2657 rem
838 2590 1078 2656 adeant
1098 2612 1112 2655 :
1132 2591 1190 2673 ²)
1260 2589 1509 2671 dicant,
1580 2611 1652 2655 se
1707 2611 1840 2655 non
1894 2589 2174 2655 libenter
2225 2584 2591 2666 voeiferari,

635 2675 835 2742 malle
878 2675 1100 2759 aliqua
1143 2676 1478 2741 moderata
1520 2676 1777 2763 ratione
1820 2676 2036 2741 curari
2081 2675 2242 2741 vitia
2258 2726 2274 2753 ,
2333 2673 2451 2739 sed
2494 2675 2592 2739 vi-

636 2762 856 2829 cissim
903 2769 1126 2846 partes
1170 2769 1438 2827 senatus
1474 2782 1635 2840 esse,
1680 2782 1813 2827 non
1858 2761 2270 2825 committere
2314 2782 2436 2826 sua
2475 2780 2590 2823 ne-

635 2848 958 2934 gligentia
1014 2856 1092 2912 ut
1145 2848 1466 2912 ministris
1522 2848 1921 2913 occasionem
1992 2845 2348 2930 praebeant
2402 2865 2593 2911 secus

635 2955 834 3019 quam
867 2932 1075 3000 velint
1110 2932 1375 3016 agendi:
1421 2953 1615 3015 porro
1649 2931 1966 3000 eiusmodi
2000 2939 2412 3016 praesentem
2448 2951 2593 2996 esse

635 3040 919 3100 causam,
965 3025 1042 3085 ut
1084 3026 1308 3084 tacere
1366 3020 1455 3083 sit
1497 3018 1697 3100 nefas,
1760 3016 1964 3084 donec
2017 3016 2285 3083 videant
2338 3016 2591 3106 adhibi-

635 3114 782 3172 tum
834 3103 1203 3172 remedium
1217 3156 1233 3185 ,
1289 3126 1375 3170 ne
1431 3113 1680 3184 temere
1736 3106 1808 3171 in
1866 3127 1939 3170 re
1994 3103 2191 3170 dubia
2245 3102 2595 3171 videantur

636 3214 778 3259 esse
844 3192 1357 3275 praefractiores.
1446 3190 1729 3257 Senatui
1783 3190 2082 3257 deferant
2140 3190 2312 3256 hanc
2369 3189 2592 3255 condi-

635 3280 888 3344 tionem
905 3330 922 3358 ,
987 3285 1064 3344 ut
1130 3276 1482 3343 consilium
1543 3284 1808 3360 petatur
1876 3298 1916 3343 a
1982 3275 2215 3343 vicinis
2280 3275 2592 3355 ecclesiis,

632 3385 873 3448 nempe
935 3362 1313 3440 Helvetiae,
1396 3363 1865 3446 Argentinensi
1881 3412 1898 3443 ,
1963 3361 2457 3428 constantiensi
2527 3367 2596 3425 et

635 3458 884 3515 nostra.
904 3451 962 3534 Β)
1049 3447 1349 3532 Urgeant
1403 3455 1708 3514 senatum
1762 3447 2142 3514 vehementi
2198 3446 2314 3513 sed
2369 3455 2591 3512 tamen

635 3534 899 3619 placida
940 3541 1007 3599 et
1056 3533 1265 3600 solida
1312 3533 1765 3600 obtestatione.
1857 3532 1934 3599 Si
1978 3534 2358 3617 permiserit
2399 3554 2592 3598 sena-

637 3628 746 3686 tus
789 3628 868 3685 ut
908 3620 1216 3687 ecclesiae
1259 3618 1708 3700 consulantur,
1767 3618 2043 3686 victoria
2083 3620 2209 3685 erit
2250 3620 2323 3684 in
2365 3640 2588 3684 manu.

637 3705 763 3774 Sin
809 3707 1231 3784 recusaverit,
1278 3705 1662 3789 dispicietur
1697 3725 1874 3771 nova
1917 3707 2102 3771 ratio.
2171 3704 2307 3771 Sed
2342 3704 2591 3789 aliquid

635 3794 807 3859 forte
849 3792 1086 3858 melius
1131 3790 1247 3856 abs
1292 3799 1357 3858 te
1401 3790 1690 3870 audient,
1749 3790 1925 3875 quod
1970 3812 2090 3876 ego
2132 3801 2281 3874 opto
2325 3802 2393 3855 et
2437 3812 2592 3857 con·

634 3877 786 3945 fido.
858 3876 1055 3959 Quod
1088 3878 1330 3942 iterum
1370 3875 1784 3961 colloquendi
1817 3877 2189 3942 facultatem
2223 3877 2411 3943 nobis
2449 3875 2594 3941 dari

637 3964 847 4047 cupis,
901 3964 958 4029 si
1018 3963 1140 4029 tibi
1182 3985 1314 4029 non
1361 3972 1534 4030 esset
1588 3962 2112 4043 incommodum,
2167 3982 2289 4047 ego
2348 3983 2592 4046 equum

636 4050 755 4115 tibi
799 4049 1059 4115 curabo.
1151 4047 1474 4132 Sumptus
1517 4071 1652 4113 non
1700 4068 1983 4133 magnus
2033 4048 2176 4113 erit.
2267 4047 2448 4113 Nihil
2496 4049 2592 4113 vi-

638 4135 760 4201 deo
804 4134 1063 4202 obstare
1107 4143 1367 4218 praeter
1410 4139 1638 4200 uxoris
1681 4136 1999 4200 morbum.
2069 4133 2206 4201 Sed
2250 4135 2404 4218 quia
2434 4134 2593 4199 Tex-

636 4226 829 4287 torem
874 4241 1085 4303 nuper
1125 4221 1426 4287 hortatus
1471 4242 1620 4286 sum
1666 4219 1750 4286 ad
1793 4221 2073 4286 celerem
2115 4220 2422 4305 reditum,
2486 4221 2593 4286 hic

638 4328 809 4386 eum,
856 4306 1117 4389 opinor,
1172 4307 1501 4372 invenires
1520 4358 1536 4385 ,
1609 4329 1684 4372 ac
1742 4304 2205 4371 deliberatione
2257 4309 2433 4371 inter
2477 4327 2594 4372 vos

637 4392 866 4459 habita
920 4391 1029 4457 vel
1085 4413 1236 4457 eum
1303 4391 1658 4458 abduceres
1715 4399 1936 4457 tecum
2002 4391 2085 4456 ad
2140 4391 2325 4457 illam
2385 4394 2595 4458 visen-

637 4477 810 4555 dam,
854 4476 964 4545 vel
1005 4476 1240 4543 saltem
1280 4478 1606 4561 pacatiore
1639 4498 1816 4544 esses
1848 4478 2085 4542 animo.
2151 4478 2333 4562 Ergo
2366 4479 2425 4544 si
2459 4499 2593 4543 non

639 4563 995 4630 abhorreas
1037 4563 1118 4628 ab
1163 4562 1286 4629 hac
1330 4564 1674 4643 sententia,
1721 4562 1918 4630 verbo
1958 4571 2220 4628 tantum
2262 4586 2393 4631 uno
2428 4565 2595 4628 mihi

638 4649 976 4716 indicabis.
1077 4647 1155 4714 Si
1211 4649 1398 4715 nobis
1441 4649 1626 4715 Deus
1676 4649 2027 4715 Erasmum
2083 4649 2369 4729 dederit,
2429 4650 2595 4716 bene

640 4745 772 4801 est:
843 4734 1037 4800 modo
1091 4756 1175 4800 nc
1231 4734 1343 4799 diu
1397 4756 1517 4800 nos
1571 4742 1878 4800 moretur.
1971 4733 2164 4815 Quod
2224 4736 2343 4801 tibi
2398 4758 2594 4802 curae

642 4842 782 4886 esse
837 4820 1054 4886 velim.
1155 4821 1218 4884 N
1220 4822 1698 4886 eocomensium
1765 4821 1940 4886 enim
2003 4821 2282 4886 fratrum
2342 4842 2594 4888 morem

841 4997 1040 5004 —a—*o-

667 5092 804 5148 ¹735.
843 5093 899 5159 1)
937 5094 1010 5148 N.
1049 5092 1166 5156 731,
1198 5099 1309 5147 not.
1345 5092 1395 5145 4„

853 5163 909 5226 2)
952 5163 1042 5215 An
1077 5161 1452 5216 Bormam?

850 5229 906 5296 3)
942 5247 1049 5300 quo
1275 5245 1542 5300 responsa
1573 5233 1832 5286 maiorem
1878 5231 2138 5286 habitura
2181 5239 2340 5288 erant
2383 5235 2591 5288 autori·

645 5305 810 5356 tatem
843 5315 1008 5369 quam
1043 5315 1094 5353 st
1123 5301 1385 5368 privatam
1420 5317 1457 5354 a
1496 5299 1718 5356 Fau-ello
1757 5301 1973 5369 passim
2005 5301 2311 5371 conquisita
2339 5303 2592 5368 fuissent.

2199 375 2727 446 EPISOEOLAE
2772 383 2808 441 7
2814 381 3024 444 35-7
3029 381 3110 444 37

4515 379 4611 444 224

2699 564 2893 632 nosti.
2959 564 3199 632 Bucari
3228 567 3546 651 scriptum
3580 566 3864 632 remitto.
3935 564 4072 633 Sed
4116 588 4238 633 cur
4281 586 4416 630 non
4449 566 4615 632 etiam

2699 651 3037 734 exemplar
3099 660 3365 718 nostrae
3428 652 3512 718 ad
3564 653 3886 719 Bernates
3951 652 4267 735 epistolae
4318 651 4615 717 remittis?

2698 737 2952 822 Pignus
3016 759 3089 803 er
3237 738 3483 803 retinui
3552 737 3893 804 historiam
3961 738 4273 811 victoriae
4335 736 4619 804 adversus

2698 822 3023 888 latronem
3213 826 3593 890 novicensem
3634 825 3825 891 nobis
3869 823 4079 889 datae.

2873 908 3361 993 Manapinsonus
3371 915 3431 986 ⁴)
3504 910 3587 974 ad
3653 930 3770 975 vos
3835 908 4146 975 concedit.
4257 907 4402 974 Tibi
4470 909 4623 992 cupit

2699 1015 2841 1060 esse
2884 995 3378 1061 commendatus
3433 1002 3500 1060 et
3558 994 3705 1061 aliis
3749 997 4088 1075 fratribus,
4147 1001 4216 1060 et
4257 1002 4437 1061 certe
4474 995 4623 1059 futu-

2698 1101 2845 1144 rum
2905 1102 3111 1164 sper0.
3212 1082 3383 1147 Nam
3440 1090 3505 1145 et
3562 1103 3683 1147 sua
3741 1080 4136 1147 dexteritate
4194 1080 4475 1164 gratiam
4525 1080 4624 1146 sibi

2697 1168 3102 1250 comparabit
3146 1174 3213 1231 et
3257 1167 3607 1233 habebitur
3648 1168 3883 1233 aetatis
3926 1169 4110 1232 rati0.
4202 1166 4279 1232 Si
4325 1165 4627 1232 Gaienses

2697 1253 2765 1315 in
2812 1273 2933 1318 sua
2976 1253 3292 1319 electione
3336 1255 3656 1334 steterint,
3711 1275 3843 1318 non
3888 1252 4115 1319 dubito
4159 1253 4319 1337 quin
4363 1250 4628 1317 reddatis

2696 1338 2792 1401 illi
2837 1338 3080 1403 bonum
3125 1339 3575 1404 testimonium
3597 1391 3612 1417 ,
3672 1339 3870 1404 simul
3927 1347 4122 1423 atque
4175 1338 4504 1422 specimen
4544 1339 4629 1402 sui

2696 1423 3085 1489 exhibuerit.
3186 1425 3479 1509 Rogavit
3550 1434 3887 1508 praeterea
3940 1433 4015 1490 ut
4067 1425 4189 1490 sibi
4258 1423 4435 1488 domi
4499 1432 4631 1488 tuae

2694 1509 3123 1592 impetrarem
3158 1511 3547 1594 hospitium:
3583 1509 3698 1576 sed
3733 1512 3886 1593 quia
3924 1509 4257 1577 decumbit
4291 1531 4480 1588 uxor,
4513 1529 4631 1574 non

2696 1595 2846 1677 plus
2889 1596 3156 1679 postulo
3197 1618 3393 1680 quam
3447 1597 3569 1662 tibi
3626 1597 3791 1661 citra
3843 1596 4212 1662 molestiam
4267 1594 4486 1661 liceat.
4567 1592 4632 1660 Si

2697 1680 2869 1764 apud
2915 1693 2979 1746 te
3034 1703 3166 1747 non
3222 1682 3493 1765 poteris,
3550 1680 3893 1747 collocabis
3938 1703 4088 1747 eum
4142 1681 4256 1747 ubi
4314 1678 4634 1746 commode

2696 1766 2965 1832 habitet.
3063 1767 3263 1845 Vale,
3324 1770 3527 1833 frater
3575 1776 3644 1832 et
3700 1768 3906 1833 amice
3959 1768 4312 1832 carissime.
4416 1764 4636 1832 Saluta

2698 1873 2843 1917 meo
2888 1863 2955 1917 et
2997 1854 3296 1918 omnium
3353 1860 3729 1919 nostrorum
3773 1853 4042 1918 nomine
4096 1854 4334 1918 fratres
4379 1865 4449 1917 et
4490 1850 4636 1916 ami-

2697 1958 2805 2004 cos
2847 1959 3104 2017 omnes,
3160 1961 3430 2005 uxorem
3491 1959 3745 2023 quoque
3802 1947 4017 2019 tuam,
4073 1960 4267 2023 quam
4326 1938 4638 2002 Dominus

2697 2023 2816 2088 tibi
2872 2034 3231 2091 conservet.
3336 2024 3441 2091 Ab
3495 2025 3628 2090 illis
3687 2026 3931 2091 morbis
3986 2046 4147 2109 quos
4200 2024 4445 2090 metuis
4490 2042 4637 2101 eam,

2698 2117 2774 2173 ut
2815 2131 3023 2193 spero,
3070 2112 3503 2194 temperantia
3544 2112 3616 2175 in
3652 2112 3830 2177 victu
3866 2120 3932 2176 et
3988 2118 4127 2176 tota
4162 2110 4419 2177 ratione
4456 2111 4638 2184 vitae,

2697 2196 2802 2261 oui
2845 2217 2916 2261 se
2959 2196 3239 2262 libenter
3280 2198 3566 2279 patietur
3625 2195 3966 2281 adstringi,
4012 2195 4395 2262 vindicabit.
4490 2193 4639 2259 Vale

2697 2282 2954 2346 iterum.
3046 2281 3122 2348 Si
3178 2282 3250 2345 in
3315 2283 3610 2347 animum
3663 2282 4005 2348 induxeris
4061 2283 4399 2366 hucusque
4458 2278 4639 2347 advo-

2696 2366 2866 2445 lare,
2935 2368 3251 2452 significa.
3362 2369 3594 2451 Equus
3660 2389 3920 2452 semper
3984 2370 4107 2435 tibi
4170 2375 4442 2452 paratus
4509 2365 4638 2432 erit

2698 2451 3016 2520 Genevae
3059 2461 3097 2517 4
3143 2474 3355 2521 nonas
3398 2453 3816 2520 Decembres.
3838 2456 3896 2533 5)

3618 2590 3902 2657 Ioannes
3944 2589 4266 2657 Calvinus
4307 2596 4479 2655 tuus.

3472 2869 3877 2877 ——-—————————

3604 3082 3758 3156 736.

3181 3238 3682 3307 POLLANUS
3729 3236 4165 3305 GALVINO.

2866 3413 3350 3497 Arqentoratum
3390 3411 3725 3478 relicturus
3764 3410 4001 3494 raptim
4041 3409 4347 3492 quaedam
4390 3408 4466 3475 de
4513 3405 4647 3473 Ευ-

2694 3498 2913 3564 stathii
2955 3498 3202 3580 sm,
3244 3497 3322 3563 de
3355 3498 3496 3563 suis
3531 3497 3821 3563 articulis
3854 3501 4070 3562 contra
4093 3494 4536 3574 Lovam‘euses,
4578 3495 4650 3561 de

2698 3584 2965 3684 Bucen*-
2996 3584 3081 3651 ad
3120 3582 3507 3735 ⁴§collegiatam
3553 3582 3999 3649 Ratisbonense
4043 3581 4423 3665 profectione
4466 3586 4527 3647 at
4577 3580 4647 3648 de

3005 3840 3118 3905 (Ex
3155 3839 3493 3911 autographo
3529 3838 3661 3894 Ood.
3696 3838 3902 3895 Genev.
3938 3835 4057 3908 112,
4092 3837 4183 3894 fol.
4216 3835 4362 3906 213.)

2699 4011 3085 4078 Clarissimo
3130 4010 3433 4097 theologo
3467 4009 3792 4095 evangelii
3828 4007 4080 4077 Christi
4117 4010 4425 4076 assertori
4457 4029 4642 4094 prae·

2696 4098 2891 4249 sspiffi)
2923 4097 3764 4250 Iecclesizeal(-ernevensisti
3789 4097 4096 4196 episcopo·
4137 4095 4642 4247 {rigam-,issima

2768 4235 2782 4249 .
2885 4233 2900 4249 .
2964 4204 3161 4249 oanm
3309 4202 4137 4336 vigilpseparffdisgicmgnagls
4167 4202 4241 4247 ro
4284 4204 4359 4248 m
4382 4181 4644 4250 Ohmto

2871 4405 2941 4473 S.
2985 4407 3062 4474 P.
3150 4404 3474 4486 Quamvis
3542 4415 3690 4489 post
3745 4406 4079 4488 proximas
4104 4410 4153 4484 ¹)
4209 4403 4294 4472 ad
4361 4413 4426 4471 te
4474 4400 4645 4468 nihil

2695 4490 3002 4559 inciderit
3043 4491 3217 4576 quod
3250 4513 3646 4576 magnopere
3679 4498 3906 4575 putem
3939 4492 4183 4557 referre
4217 4489 4303 4557 ad
4345 4498 4410 4556 te
4431 4488 4642 4567 scribi,

2901 4749 2965 4817 4)
3011 4749 3121 4818 Qui
3161 4751 3273 4803 iam
3318 4749 3540 4818 saepius
3584 4748 3845 4804 laudatus
3893 4747 4039 4815 (703.
4078 4746 4200 4803 704.
4236 4747 4365 4817 706)
4405 4748 4642 4815 fortune

2704 4819 2900 4875 Gallus
2970 4819 3176 4889 aliqui-9
3253 4824 3375 4873 erat
3447 4818 3809 4872 conditionem
3878 4819 4295 4874 ecclesiasticam

2704 4888 2970 4943 Gaienses
3001 4887 3156 4957 apud
3198 4902 3334 4958 quos
3378 4888 3740 4942 ministerium
3783 4887 4050 4943 ambiebat
4089 4886 4507 4955 Choaspen-ellum
4543 4882 4639 4938 ele-

2692 4964 2963 5108 emntb)
2997 5025 3222 5107 Quum
3254 5025 3366 5079 iam
3411 5023 3737 5105 Tur-retinas
3756 5039 3847 5104 ‘ex
3891 5025 4158 5079 mentione
4200 5024 4481 5102 Hieran-aq
4522 5019 4638 5073 Bu·

2698 5097 2814 5151 ceri
2855 5096 3051 5150 elwutt.
3146 5095 3340 5147 Verum
3383 5093 3552 5161 plura
3605 5093 3694 5148 huc
3738 5110 3803 5147 m
3846 5092 4072 5147 eundem
4337 5093 4636 5148 coum

2703 5164 2982 5219 Caeterum
3017 5179 3052 5216 a
3189 5163 3340 5231 epha
3371 5162 3636 5232 quaedam
3671 5162 3812 5215 male
3844 5160 4064 5217 habent:
4139 5201 4152 5214 .
4188 5161 4320 5217 Dec.

2717 5232 2977 5358 m
2998 5179 3551 5365 ῆσέἳθῂαέὴεεὲαω
3595 5231 3663 5286 de
3698 5231 3996 5286 Eustatluo’
4003 5270 4021 5299 ,
4065 5236 4119 5285 et
4149 5230 4413 5286 Are-aclas·
4377 5230 4388 5242 ⁰
4449 5226 4632 5282 Loua-

2692 5318 2733 5357 η
2978 5342 2990 5353 .
3134 5341 3148 5354 .
3249 5340 3264 5355 .
