4825 6175
220 425 338 491 613

218 613 326 699 qui
371 611 699 680 Linchand
740 612 1036 691 Iacobus,
1062 612 1112 697 ¹)
1157 613 1230 678 ni
1279 612 1500 689 fallor,
1561 612 1818 692 dicitur,
1878 633 2042 698 quas
2085 613 2168 678 ab

218 721 291 766 eo
332 720 735 783 exceperam.
808 697 945 766 Sed
988 719 1220 766 vercor
1263 697 1434 765 fidus
1478 699 1637 763 satis
1679 720 1764 764 ne
1808 698 1915 777 sit,
1961 719 2167 781 quum

231 783 559 869 Verqoriae
603 786 819 851 virum
862 804 1083 851 secum
1127 783 1382 849 habeat.
1469 783 1640 850 Vale
1677 805 1830 851 cum
1872 784 2169 868 coniuge,

219 891 409 955 quam
451 879 671 938 tecum
712 879 931 936 servet
963 869 1313 947 Dominus,
1358 868 1555 953 idque
1597 868 1876 935 feliciter
1919 876 1985 935 et
2027 867 2170 934 diu-

219 955 348 1021 tius
385 955 457 1020 in
500 977 696 1022 usum
753 955 1080 1022 ecclesiae.
1184 954 1421 1021 Saluta
1477 975 1707 1021 omnes
1765 955 2048 1039 collegas
2105 962 2172 1019 et

218 1061 409 1125 quem
453 1040 840 1108 commendo
895 1041 1014 1107 tibi
1060 1039 1464 1120 Henriohum,
1519 1039 1603 1105 ad
1648 1060 1845 1125 quem
1889 1037 2173 1106 scribere

219 1145 351 1193 non
391 1126 596 1193 licuit.
686 1126 996 1194 Neocomi
1042 1130 1098 1191 9.
1147 1126 1312 1192 NoV.
1365 1129 1549 1191 1547.

1591 1262 1911 1328 Farellus.

984 1524 1396 1533 -———-————-——-—-—

1121 1775 1277 1845 963.

672 1928 1217 1998 BALDUINUS
1263 1926 1702 1995 CALVINO.

390 2103 773 2188 Luqdumm
814 2102 1107 2168 advectus
1148 2101 1301 2184 quid
1351 2101 1635 2165 Genevae
1677 2098 1822 2163 novi
1862 2096 2174 2174 acciderit,

301 2191 373 2257 id
416 2210 493 2255 ea:
543 2188 893 2255 Germania
934 2186 1131 2268 fuerit
1172 2187 1459 2263 relatum,
1504 2185 1665 2251 scire
1698 2184 1887 2265 cupit.
1981 2182 2174 2249 Sado-

311 2275 326 2290 '
362 2279 617 2343 mortem
660 2275 915 2340 nunciat
956 2277 1011 2339 et
1051 2271 1361 2338 nonnulla
1402 2271 1478 2335 de
1532 2269 1674 2334 suis
1714 2269 1927 2349 ipsius
1969 2267 2174 2334 rebus.

222 2447 333 2513 (Ex
373 2447 585 2502 Calvini
619 2446 859 2501 editione
892 2444 961 2499 ad
1008 2442 1210 2498 calcem
1245 2442 1417 2496 libelli
1454 2439 1577 2496 adv.
1612 2439 1941 2495 Balduinum
1976 2456 2028 2508 p.
2062 2435 2176 2504 48.)

396 2617 468 2684 S.
558 2617 822 2683 Literas
865 2625 1048 2694 tuas,
1107 2615 1198 2679 mi
1245 2620 1467 2699 pater,
1524 2612 1596 2677 in
1639 2611 1837 2677 horas
1881 2609 2179 2693 singulas

217 2703 326 2771 hic
389 2703 492 2768 tui
548 2724 775 2770 omnes
831 2707 1241 2784 exspectant,
1313 2719 1479 2782 quae
1536 2719 1656 2763 nos
1713 2697 1793 2763 de
1851 2693 2177 2772 omnibus,

217 2811 392 2874 quae
436 2788 539 2855 vel
585 2788 732 2855 istic
777 2795 1099 2873 geruntur
1155 2784 1261 2850 vel
1314 2784 1386 2849 in
1431 2782 1813 2857 Germania,
1843 2780 1889 2857 ¹)
1934 2780 2181 2845 faciant

217 2877 555 2943 certiores.
649 2872 941 2940 Privatis
998 2871 1133 2937 tuis
1189 2868 1496 2954 periculis
1549 2868 1748 2933 multi
1800 2865 2002 2932 etiam
2062 2886 2179 2930 an-

265 3036 274 3041 „
311 2971 505 3039 ntur,
569 2979 942 3044 quanquam
996 2977 1130 3022 non
1183 2957 1510 3041 ignorant,
1552 2974 1688 3019 non
1731 2950 1923 3017 modo
1966 2949 2181 3016 excel-

215 2982 356 3113 ffilre
404 3050 467 3110 te
512 3046 636 3113 hoc
676 3065 917 3129 genere
950 3041 1238 3122 virtutis,
1283 3048 1359 3106 ut
1393 3060 1729 3124 nunquam
1768 3038 2180 3114 extimescas,

215 3129 1008 3281 nunquamhfferturberis
1028 3180 1043 3208 ‚
1103 3127 1218 3194 sed
1273 3148 1350 3193 ea
1392 3146 1650 3210 quoque
1691 3123 2047 3220 prudentia
2088 3129 2181 3200 ut,

260 3239 429 3284 uum
473 3217 544 3282 ni
687 3216 946 3292 metuis,
991 3214 1216 3279 omnia
1259 3221 1484 3278 tamen
1533 3230 1785 3289 caveas,
1829 3210 2097 3273 interim
2144 3229 2184 3271 a

286 3304 512 3370 omino
556 3309 733 3368 totus
777 3298 1080 3385 pendeas,
1148 3297 1327 3380 Quid
1373 3299 1454 3364 ab
1494 3292 2180 3381 Argentoratensibus‚

216 3389 375 3473 quid
439 3410 480 3454 a
531 3386 1014 3454 Basiliensibus
1070 3384 1432 3468 acceperis,
1492 3383 1658 3449 scire
1719 3379 2184 3457 desideramus,

217 3485 286 3540 et
352 3495 444 3539 an
509 3473 714 3557 (quod
774 3473 884 3538 hic
948 3472 1312 3547 affirmant)
1389 3470 1632 3535 reiecta
1696 3466 1783 3531 sit
1846 3463 2184 3550 religionis

217 3580 423 3626 causa
477 3557 562 3624 ad
616 3558 929 3625 subsellia
969 3557 1033 3622 N
1037 3555 1458 3641 eptuniorum
1517 3552 2100 3636 Amphictyonum.
2123 3551 2183 3634 2)

218 3644 423 3712 Certe
479 3644 562 3712 ad
620 3643 971 3710 umbratile
1029 3641 1386 3727 synedrion
1443 3639 1638 3704 multi
1693 3638 2025 3705 confluere
2084 3631 2184 3699 di-

218 3739 484 3797 cuntur.
550 3729 883 3795 Fortassis
925 3725 1277 3793 audierunt
1316 3732 1386 3791 te
1426 3725 1500 3791 in
1543 3744 1770 3791 eorum
1816 3731 2031 3788 castra
2066 3721 2185 3785 im-

214 3817 627 3900 pressionem
673 3816 1014 3881 facturum.
1104 3811 1457 3879 Sadoletus
1500 3809 1582 3876 ad
1617 3809 1971 3876 Plutonem
2006 3808 2184 3891 lega·

217 3910 328 3968 tus
394 3902 634 3968 missus
700 3908 830 3979 est,
853 3903 916 3975 ⁸)
975 3908 1050 3964 ut
1116 3898 1341 3981 Loysio
1398 3895 1844 3980 patrocinetur
1899 3893 2184 3959 disertus

216 3996 464 4066 orator,
509 3987 615 4052 vel
661 3988 802 4052 eius
845 3985 1060 4069 potius
1103 3983 1455 4061 &nominans
1497 3992 1704 4047 ornet.
1771 3979 1959 4045 Haec
2004 3978 2181 4043 enim

217 4094 258 4140 a
302 4083 493 4158 patre
538 4072 769 4138 habuit
811 4070 1140 4136 mandata.
1162 4072 1232 4151 ⁴).

397 4158 503 4223 De
563 4156 757 4226 rebus
823 4157 1126 4223 francicis
1180 4152 1406 4219 audies
1463 4176 1546 4219 ex
1615 4151 1843 4216 multis
1911 4149 1992 4214 ad
2064 4169 2182 4213 vos

218 4335 322 4342 -ος
393 4334 634 4340 *Μ*-

252 4449 402 4503 062.
436 4448 496 4512 1)
536 4446 730 4503 Iacobi
762 4446 1070 4513 Linckamp
1117 4444 1437 4512 bibliopolae
1481 4444 1804 4500 mentionem
1844 4442 2050 4507 fecerat
2102 4440 2203 4495 N.

219 4516 360 4600 3⁶⁷2
405 4517 636 4571 Miraris
669 4522 849 4570 tamen
884 4514 974 4568 hio
1007 4528 1127 4566 eum
1164 4511 1426 4567 deeodem
1451 4511 1632 4566 dicere
1664 4510 1830 4580 quasi
1862 4509 1928 4563 de
1961 4511 2181 4564 nomine

217 4585 496 4722 wi)
540 4652 612 4707 In
643 4651 877 4708 comitiis
910 4650 1254 4719 Augustanus
1298 4651 1410 4703 scil.
1456 4649 1555 4702 ubi
1593 4649 1738 4701 inter
1784 4648 1901 4702 alia
1934 4646 2179 4715 diqnitos

219 4723 526 4780 electoralis
562 4720 836 4776 Mouritio
870 4719 1065 4774 collato
1097 4718 1209 4784 fuit
1242 4733 1313 4770 m.
1354 4716 1679 4771 Februario.

430 4791 492 4859 2)
531 4791 618 4845 Im
657 4795 840 4845 orator
872 4788 1033 4841 smel
1063 4792 1227 4856 atque
1268 4787 1465 4841 iterum
1511 4785 1558 4838 le
1593 4790 1715 4839 atos
1749 4783 1828 4838 ad
1867 4782 2180 4850 Pontificem

220 4863 377 4916 misit
430 4861 530 4932 qui
580 4806 854 4938 efficere-nt
902 4862 964 4909 ut
1007 4854 1251 4927 synodus
1303 4854 1482 4909 denuo
1534 4800 1798 4907 gometio
1837 4850 2176 4933 ‘Tridentum

169 4938 173 4942 ⁴
220 4928 625 4994 transferretur
689 4940 934 4996 prunum
977 4924 1033 4979 d.
1067 4923 1117 4977 9.
1158 4923 1303 4978 Noo.
1348 4922 1513 4977 θανά.
1552 4921 1952 4988 Madv-uectum,
1983 4926 2175 4989 posteo

222 4999 279 5053 α.
321 4997 404 5052 16.
443 4997 571 5052 zan.
607 4967 747 5050 duos
779 4994 935 5061 auos,
969 4997 1065 5064 qm·
1098 4998 1278 5046 tamen
1311 4990 1452 5046 nina
1483 4991 1847 5072 obtin—uerunt.

430 5065 494 5188 Ξ)
509 5063 769 5216 ,seu
717 5056 1224 5212 ..⁵⁴
1251 5066 1813 5184 mm
1743 5057 2173 5208 Ἥ...

214 5218 448 5327 ”aaz
472 5198 1158 5350 fffsffmsffifflniss‘
1177 5196 1261 5321 ἐξ)
1265 5239 1275 5251 ·
1287 5193 2026 5335 ἐξὲὸὲἒῖἷνῖρῗὲἒῒέἑῖἶέ*
2031 5197 2173 5331 0351]

223 5342 374 5399 totae
405 5347 455 5395 te
488 5340 756 5410 ambigere
785 5340 1004 5393 mium
1036 5343 1231 5392 unm.
1304 5334 1418 5404 (Cf.
1454 5332 1579 5407 946,
1610 5340 1724 5390 not.
1760 5331 1839 5398 4.)

1910 388 2075 491 1547
2119 423 2536 492 NOVEMB.

4111 430 4245 494 614

2270 611 2569 700 epistolis
2611 632 2777 697 quas
2799 611 3076 679 Parisiis
3108 611 3343 679 allatas
3387 613 3591 678 mittit
3630 614 3940 681 Triarius,
4032 613 4249 697 Quin·-

2275 706 2412 763 tam
2458 698 2808 764 stationem
2854 698 3095 764 iterum
3140 697 3333 763 mitto
3356 697 3634 764 Parisiis
3669 698 3753 765 ad
3795 721 3904 765 me
3948 702 4237 766 missam.

2274 782 2498 865 Quam
2562 782 2759 868 longa
2819 784 3045 849 futura
3109 784 3198 850 sit
3242 784 3348 850 hic
3416 805 3562 849 mea
3626 784 3832 850 sessio
3903 785 4016 850 vix
4082 786 4234 852 scio.

2276 866 2619 950 Quaedam
2655 867 2833 934 enim
2880 891 2920 934 a
2959 869 3204 934 nostris
3240 876 3577 952 exspect0,
3630 890 3797 953 quos
3840 878 3915 935 ut
3959 870 4236 937 habeam

2273 952 2595 1038 propitios
2646 954 2757 1019 -vel
2814 955 2980 1020 meis
3033 954 3142 1019 vel
3197 953 3422 1020 fratris
3481 955 3760 1038 negotiis
3816 977 4078 1022 necesse
4135 969 4238 1023 est

2276 1048 2355 1104 ut
2426 1038 2730 1104 nonnihil
2805 1038 3238 1118 dissimulem,
3320 1047 3386 1105 et
3446 1046 3661 1124 tegam
3731 1062 3879 1106 mea
3941 1041 4232 1108 consilia.

2277 1123 2674 1208 Quanquam
2718 1125 2777 1191 si
2821 1127 3086 1190 omnino
3130 1125 3358 1190 iubeas
3394 1132 3460 1189 et
3492 1145 3655 1209 opus
3691 1127 3796 1205 sit,
3840 1128 4057 1209 potius
4094 1147 4234 1192 om-

2277 1212 2389 1274 nia
2455 1210 2756 1277 abiiciam
2814 1232 3011 1294 quam
3071 1210 3326 1276 meliori
3378 1209 3590 1277 officio
3648 1210 3934 1278 defuisse
3991 1211 4232 1278 videar.

2276 1293 2427 1359 Bur
2510 1296 2676 1363 ndns
2715 1295 3077 1379 plurimum
3122 1302 3190 1362 te
3232 1296 3490 1361 salutat.
3587 1294 3694 1360 De
3746 1297 3891 1363 eius
3945 1296 4237 1363 adventu

2279 1316 2608 1447 nihjllcl‘um
2667 1380 2862 1475 certi,
2918 1401 3295 1465 quanquam
3355 1381 3527 1447 bona
3581 1402 3731 1464 spes
3773 1383 3878 1448 sit.
3967 1381 4233 1449 Saluta-

2278 1466 2492 1531 tiones
2536 1486 2701 1549 quas
2734 1466 2905 1533 istuc
2939 1486 3085 1532 meo
3129 1466 3399 1532 nomine
3437 1466 3713 1550 perferri
3754 1468 3945 1551 cupio
3991 1465 4236 1534 adscri-

2279 1549 2521 1630 berem‚
2564 1550 2680 1618 sed
2722 1572 2958 1617 vereor
2994 1559 3059 1617 te
3102 1570 3409 1617 onerare:
3455 1564 3677 1617 essent
3722 1553 3899 1618 enim
3946 1553 4237 1635 permul-

2277 1644 2404 1701 tae.
2492 1635 2823 1704 Dominus
2878 1636 2995 1702 tibi
3054 1637 3312 1721 tuisque
3371 1658 3629 1722 semper
3686 1637 3874 1705 adsit.
3974 1639 4083 1703 Ex
4137 1638 4238 1702 in·

2279 1719 2426 1788 sula
2468 1721 2832 1787 Corinthia.
2921 1722 3406 1788 Martinalibus.
3427 1720 3483 1808 ι”)

3523 1859 3708 1924 Tuus
3751 1857 4062 1924 Rochius.

3100 2187 3509 2194 ⁶———-——-——-

3184 2435 3338 2506 964.

2827 2587 3299 2658 CALVINUS
3344 2589 3716 2656 VIRETO.

2464 2762 2913 2862 Zesti'monium
2976 2761 3303 2845 ambiyuae
3378 2760 3597 2827 laudis
3648 2782 3774 2844 pro
3838 2762 4041 2844 iqnoto
4120 2761 4244 2827 ali-

2283 2868 2405 2931 quo
2447 2868 2605 2913 mro.

2286 3018 2400 3085 (Ex
2437 3024 2667 3101 autogrn
2705 3018 2778 3071 ho
2812 3015 2943 3071 Cod.
2978 3016 3182 3072 Genev.
3221 3014 3338 3083 106,
3375 3016 3467 3071 fol.
3493 3015 3613 3070 201.
3668 3015 3921 3070 Vidimus
3956 2972 4247 3086 praeterea

2287 3102 2448 3142 exem
2485 3089 2624 3142 lana
2700 3086 2954 3142 onvillaei
3002 3085 3134 3141 Ood.
3190 3084 3359 3153 111⁸,
3408 3085 3499 3141 fol.
3559 3083 3628 3139 14
3671 3103 3740 3150 v.,
3790 3085 4067 3139 Turretini
4114 3084 4246 3140 Ood.

2288 3155 2407 3222 111,
2466 3157 2540 3210 ol.
2579 3154 2699 3223 179,
2734 3157 3014 3210 Beruense
3049 3156 3190 3225 Epp.
3230 3155 3356 3209 vn.
3384 3157 3451 3225 'p.
3487 3151 3589 3207 851
3626 3159 3685 3207 et
3720 3154 3937 3208 Simleri
3973 3155 4094 3210 Vol.
4131 3153 4246 3212 65.)

2288 3343 2555 3410 Eximio
2600 3345 2868 3410 Domini
2910 3342 3120 3410 nostri
3161 3341 3319 3409 Iesu
3363 3341 3614 3408 Christi
3658 3362 3849 3409 servo
3892 3342 4094 3408 Petro
4129 3341 4246 3406 Vi-

2289 3438 2433 3495 reto
2475 3430 2976 3497 Lausannensis
3020 3428 3332 3529 ecclesiae
3390 3427 3636 3513 pastori
3695 3427 3887 3493 fratri
3925 3426 4096 3493 mihi
4139 3448 4246 3492 ca-

3126 3534 3407 3581 neslm0.

2461 3650 2532 3718 S.
2612 3651 2809 3718 Mitto
2852 3648 2936 3715 ad
2976 3657 3043 3716 te
3086 3651 3537 3716 oestimonium
3581 3648 3755 3733 quod
3796 3648 3964 3715 mihi
4006 3648 4246 3714 obtulit

2289 3737 2397 3803 hic
2439 3738 2660 3802 frater.
2750 3736 3144 3820 Boryoinum
3187 3735 3269 3800 ad
3315 3757 3421 3800 me
3463 3737 3693 3801 vocavi
3738 3744 3812 3800 ut
3855 3734 4095 3800 scirem
4137 3755 4243 3800 ec-

2287 3822 2442 3906 quid
2487 3822 2761 3888 haberet
2800 3822 2872 3886 in
2916 3842 3069 3886 eum
3112 3823 3560 3887 accusationis.
3650 3820 3979 3899 Intellexi,
4040 3841 4244 3903 quum

2288 3909 2369 3975 ab
2414 3929 2492 3974 eo
2536 3914 2708 3974 esset
2749 3907 3055 3984 monitus,
3101 3927 3235 3971 non
3276 3906 3437 3973 satis
3482 3906 3773 3971 modeste
3817 3926 3940 3970 nee
3983 3906 4242 3987 patien-

2287 4001 2390 4059 ter
2432 3993 2693 4059 tulisse:
2795 3993 2911 4057 uin
2971 3993 3189 4076 potius
3232 3993 3434 4058 fuisse
3475 3992 3559 4056 ad
3601 3991 4097 4057 conviciandum
4140 3991 4242 4055 in-

2285 4082 2577 4146 citatum.
2644 4077 2696 4144 S
2821 4077 2985 4143 illud
3025 4079 3381 4159 praeteriit.
3448 4078 3550 4142 'l'u
3592 4077 3815 4159 itaque
3856 4097 3991 4141 uno
4034 4076 4243 4142 verbo

2284 4165 2604 4231 indicabis
2622 4215 2638 4242 ,
2696 4162 2868 4229 nihil
2930 4163 3193 4228 obstare
3248 4163 3598 4246 quominus
3654 4162 4016 4227 christiane
4068 4162 4244 4225 inter

2286 4250 2696 4317 Christianos
2738 4248 2945 4326 vivat.
3014 4247 3141 4313 Per
3165 4247 3554 4331 Gyprianmn
3594 4249 3737 4332 agri
3773 4246 4243 4312 Neocomensis

2284 4338 2663 4402 ministrum
2697 4355 2843 4401 cras
2887 4334 2968 4398 ad
3013 4341 3079 4399 te
3122 4334 3422 4400 scribam.
3497 4333 3683 4398 Vale.
3780 4336 3873 4396 12.
3921 4329 4239 4396 Novemb.

2291 4427 2474 4487 1547.

2325 4582 2693 4592 --——-·-—-—-

2490 4692 2552 4760 5)
2583 4694 2624 4747 i.
2659 4706 2702 4747 e.
2738 4690 3010 4761 Lupiam·
3046 4690 3128 4742 11.
3168 4691 3309 4747 Noe.
3347 4688 3500 4746 1547.

3723 5404 3827 5458 39*
