4825 6175
275 466 359 530 13
1985 469 2151 533 1545
2191 463 2575 535 IANUAR.
4223 474 4303 537 14

1171 652 1318 723 6⁰¹7.

321 790 797 859 CALVINUS
841 790 1326 860 MINIS'I'RIS
1372 790 2185 861 NEOCOMENSIBUS.

456 964 641 1030 Nova
684 967 740 1029 et
781 963 1192 1047 mcperoiliosa
1234 965 1527 1047 refutatio
1572 965 2073 1048 propositionum
2121 963 2239 1031 Ga-

258 1050 540 1132 ptmouli
579 1051 657 1117 de
704 1048 943 1116 Christi
984 1047 1285 1142 advovocq.

273 1222 481 1288 (Exem
521 1221 658 1275 laria
691 1220 1007 1274 authentica
1041 1227 1262 1276 exstant
1278 1222 1405 1291 duo,
1441 1220 1675 1274 alterum
1711 1221 2084 1291 autographon
2109 1221 2237 1276 Cod.

234 1319 255 1334 ·
276 1291 416 1346 Gen.
453 1238 700 1354 1881111
739 1286 864 1354 110,
908 1290 1093 1343 multis
1144 1291 1200 1344 in
1247 1291 1381 1345 locis
1428 1291 1497 1343 ab
1545 1296 1735 1343 autore
1771 1299 2074 1344 correctum
2114 1290 2237 1357 (G.)

276 1360 513 1414 alterum
548 1359 810 1414 Neocomi
848 1359 907 1410 in
943 1360 1084 1412 Bibl.
1131 1365 1410 1428 pastorum
1462 1358 1576 1426 (N.)
1626 1359 1681 1412 iu
1720 1376 1828 1428 quo
1864 1360 2147 1429 inscriptio
2183 1368 2240 1413 et

276 1429 611 1498 subscriptio
676 1427 956 1496 propriam
1011 1427 1220 1482 calvini
1281 1445 1497 1482 manum
1558 1427 1817 1481 referunt.
1929 1429 2238 1498 Utrobique

316 1505 568 1552 ractores
618 1504 911 1550 servantur
960 1497 1275 1566 apographa
1294 1541 1307 1566 ,
1376 1497 1749 1551 Neocomense
1806 1504 1861 1551 et
1917 1497 2239 1552 Genevense

272 1514 418 1620 god.
439 1565 556 1630 111,
592 1566 686 1619 fol.
710 1563 811 1618 104
924 1569 966 1624 .)
1003 1582 1072 1620 ex
1110 1583 1217 1635 quo
1253 1566 1449 1620 deiude
1486 1565 1761 1619 fluxerunt
1795 1567 2074 1622 Bel-nense
2097 1568 2239 1637 Epp.

599 1634 727 1689 VII.
765 1633 834 1687 60
902 1641 959 1686 et
996 1633 1288 1689 Turiceuse
1328 1635 1546 1690 Simleri
1583 1634 1710 1688 Vol.
1747 1632 1854 1694 56.)

274 1806 571 1890 Optimis
615 1815 682 1871 et
724 1806 1169 1892 integerrimis
1206 1806 1464 1873 Christi
1505 1807 1826 1872 ministris
1872 1808 2238 1891 pastoribus

274 1892 744 1959 Neocomensis
791 1892 1101 1957 ecclesiae
1150 1892 1222 1957 in
1270 1890 1431 1957 urbe
1467 1901 1532 1957 et
1566 1893 1638 1957 in
1681 1914 1857 1976 agro,
1902 1894 2235 1974 fratribus,

275 1979 653 2056 carissimis,
700 1986 971 2060 excepto
1015 1999 1150 2042 uno
1196 2000 1391 2061 quem
1454 1999 1575 2062 ego
1616 1978 1965 2063 indignum
2008 1981 2234 2046 minis·

410 2065 574 2130 terio
616 2063 833 2130 iudico
879 2072 946 2129 et
984 2062 1274 2128 ministri
1318 2064 1567 2129 honore
1609 2085 1684 2130 ac
1729 2065 2015 2131 nomine.
2047 2071 2096 2142 ¹)

455 2200 525 2267 S.
574 2199 856 2284 Scripsit
910 2201 989 2266 ad
1046 2223 1151 2266 me
1204 2222 1418 2285 nuper
1464 2199 1962 2282 Gapunozdus‚2)
2007 2203 2235 2269 mirari

275 2310 351 2354 se
397 2287 588 2371 quod,
633 2308 833 2370 quum
878 2287 1362 2352 observationes
1406 2286 1660 2370 aliquot
1702 2309 1786 2352 ex
1808 2288 2235 2356 Institutione

274 2395 432 2439 mea
471 2381 815 2456 excerptas
857 2374 1023 2438 mihi
1066 2371 1379 2450 dedisset,
1428 2393 1549 2456 ego
1601 2373 1811 2439 tribus
1868 2374 2085 2440 verbis
2129 2398 2232 2441 re-

275 2458 603 2545 spondere
624 2460 973 2525 maluerim
1009 2479 1203 2542 quam
1246 2457 1444 2542 longa
1478 2460 1775 2524 oratione
1820 2460 1900 2525 de
1942 2481 2233 2545 unoquo-

273 2569 405 2630 que
449 2544 797 2625 articulofl)
854 2544 1203 2627 disputare.
1306 2544 1515 2609 Addit
1574 2545 1697 2612 sibi
1764 2546 2005 2624 videri,
2077 2567 2231 2612 con-

273 2640 535 2714 temptu
581 2632 706 2698 hoc
742 2632 846 2696 sui
882 2632 1083 2696 fuisse
1119 2631 1378 2696 factum.
1448 2631 1532 2694 In
1574 2651 1650 2696 60
1686 2631 1948 2696 (1611111111
1985 2632 2232 2716 aliquid

273 2720 495 2802 ipsum
540 2737 769 2801 sapere
812 2716 1126 2801 intelligo,
1218 2713 1614 2800 Quanquam
1655 2727 1830 2783 certe
1872 2718 2227 2799 hominem,

271 2804 388 2871 vel
433 2804 556 2868 hac
596 2823 729 2868 una
772 2824 971 2871 causa
1027 2800 1200 2884 quod
1255 2802 1441 2868 verbi
1498 2804 1863 2869 ministerio
1906 2805 2227 2889 fungitur,

270 2910 415 2956 non
459 2889 838 2972 contempsi.
928 2887 1062 2955 Sed
1108 2909 1310 2972 quum
1356 2908 1463 2952 me
1506 2889 1902 2973 ineptiarum
1946 2892 2087 2957 eius
2128 2893 2230 2974 pi-

270 2982 484 3063 geret,
570 2972 686 3041 uid
726 2974 1047 3041 attinebat
1101 2976 1171 3039 in
1215 2973 1349 3039 illis
1391 2975 1755 3042 tractandis
1798 2976 1948 3059 plus
1991 2998 2228 3060 operae

268 3081 520 3148 ponere
661 3060 856 3127 Nunc
909 3081 1103 3140 vero,
1170 3058 1434 3144 quando
1493 3069 1632 3125 tam
1685 3062 2023 3145 ingratum
2083 3084 2227 3131 esse

268 3149 487 3225 videO,
540 3148 644 3214 vel
687 3147 922 3212 horam
977 3169 1179 3212 unam
1231 3169 1338 3211 me
1395 3147 1755 3231 perdidisse
1812 3150 1951 3215 eius
1994 3159 2225 3216 rooeatu

267 3236 585 3320 poenitet.
673 3235 1029 3300 Caeterum
1087 3234 1382 3298 minatur
1425 3253 1495 3299 se
1540 3233 1867 3300 facturum
1910 3257 1995 3300 ne
2039 3202 2225 3300 theo-

266 3321 487 3406 logiae
552 3319 880 3386 candidati
945 3341 1093 3384 mea
1167 3319 1465 3385 doctrina
1540 3320 1814 3386 inescati
1890 3321 2220 3387 fallantur.

265 3408 793 3491 Praeposterane
828 3405 1190 3490 elegantiae
1226 3404 1642 3471 affectatione
1676 3427 1763 3471 an
1800 3408 1982 3473 verbi
2014 3409 2226 3492 magis

267 3493 524 3579 proprii
566 3493 904 3578 magisque
962 3491 1384 3576 congruentis
1444 3492 1720 3574 penuria
1782 3494 1875 3559 sic
1919 3493 2226 3577 loquutus

268 3579 476 3646 fuerit
526 3581 766 3644 nescio.
853 3577 1284 3663 Ignorantiae
1339 3577 1464 3644 1100
1521 3575 1802 3644 libenter
1858 3578 2221 3646 concedam.

270 3663 476 3749 Quod
518 3666 575 3730 si
611 3687 694 3730 ex
737 3664 1062 3731 industria
1095 3665 1339 3748 scripta
1382 3685 1529 3729 mea
1570 3665 1902 3747 captiones
1947 3669 2222 3746 vocavit,

248 3753 411 3817 iam
455 3752 809 3836 agnoscitis
852 3750 1250 3817 virulentum
1294 3750 1583 3814 hominis
1629 3751 1940 3816 animum.
2010 3753 2227 3818 Multa

267 3837 374 3904 illi
419 3838 490 3902 in
545 3838 808 3921 scriptis
848 3835 1013 3903 meis
1066 3835 1438 3920 displicere,
1491 3856 1702 3918 neque
1756 3837 1962 3903 miror
2014 3860 2224 3922 neque

270 3923 551 3989 moleste
592 3924 749 3989 fero.
836 3923 977 3989 Nec
1021 3942 1178 3988 vero
1219 3941 1509 4004 unquam
1563 3921 1702 3988 eius
1750 3924 2075 3991 similibus
2117 3946 2225 3991 me

269 4009 641 4094 approbare
683 4008 938 4090 studui,
994 4029 1071 4075 ac
1113 4030 1199 4074 ne
1252 4006 1319 4072 id
1364 4007 1626 4091 quidem
1683 4008 1850 4073 1111111
1892 4011 1994 4076 vel
2040 4032 2219 4093 spec·

264 4093 555 4161 tandum
588 4093 671 4160 ab
703 4096 892 4161 initio
931 4095 1057 4160 fuit
1090 4094 1196 4160 vel
1229 4112 1408 4159 nunc
1441 4092 1802 4177 optandum
1844 4102 1963 4162 est.
2030 4096 2220 4177 Mihi,

260 4183 328 4249 si
370 4201 519 4247 sum
554 4180 808 4247 Christi
851 4201 1099 4261 servus,
1144 4180 1346 4246 unius
1390 4180 1824 4246 conscientiae
1866 4202 2052 4248 meae
2086 4192 2219 4248 tes-

252 4266 613 4335 timouium
676 4287 933 4351 semper
986 4266 1195 4350 pluris
1252 4266 1381 4333 erit
1433 4285 1631 4349 quam
1687 4268 1981 4333 universi
2044 4267 2218 4335 orbis

256 4375 351 4438 ap
397 4352 645 4419 lausus.
735 4352 1088 4419 Caeterum
1133 4352 1188 4418 si
1229 4352 1573 4417 hominum
1628 4373 1660 4417 s
1706 4360 1913 4418 ectem
1956 4354 2215 4436 iudicia,

341 4441 354 4455 “
417 4439 432 4453 “
478 4445 623 4504 tum
665 4460 920 4523 quoque
974 4437 1125 4522 plus
1179 4439 1338 4504 satis
1396 4458 1537 4503 esse
1581 4436 1660 4502 de
1742 4446 1772 4502 t
1814 4439 1983 4522 quod
2027 4440 2216 4508 1101118

254 4525 571 4593 omnibus
614 4544 689 4590 80
733 4524 860 4609 piis
903 4524 1078 4609 grati
1122 4534 1283 4589 sunt
1322 4524 1456 4589 mei
1499 4522 1772 4603 labores,
1831 4525 2001 4608 quod
2044 4525 2214 4593 docti

255 4631 494 4679 omnes
551 4632 626 4676 ac
724 4611 1035 4677 rudentes
1090 4610 1221 4676 viri
1293 4609 1495 4676 utiles
1560 4610 1866 4677 ecclesiae
1933 4633 2076 4679 esse
2138 4633 2214 4680 ac

254 4700 636 4765 fructuosos
677 4696 989 4762 ludicant.

437 4782 605 4848 Nolo
649 4782 924 4850 ulterius
981 4801 1101 4866 pro
1220 4781 1288 4847 di
1345 4803 1431 4847 ne
1486 4782 1588 4848 cui
1642 4780 1885 4849 nimius
1928 4805 2069 4850 esse
2112 4785 2212 4850 vi-

256 4871 440 4937 dear.
518 4867 708 4949 'Quid
765 4891 923 4955 ergo
966 4866 1132 4933 1111111
1188 4867 1270 4933 811
1326 4868 1473 4934 istis
1516 4866 1862 4936 Sorbonici
1915 4871 2135 4956 gregis
2151 4873 2211 4949 4)

280 5126 436 5186 807.
475 5128 534 5193 1)
587 5125 681 5182 8ίο
726 5125 803 5182 N.
855 5124 1161 5194 Eaeemplar
1209 5122 1278 5179 G.
1324 5077 1642 5194 simpliciter
1684 5125 1873 5181 habet.-
1926 5125 2210 5182 Fratribus

254 5194 1147 5331 Neocoxg3n31'vbusssbl·dpoympha
1181 5194 1435 5249 onium
1468 5195 1894 5263 mmm.

469 5333 530 5402 3)
565 5336 646 5388 sic
678 5341 964 5401 utramque
999 5330 1074 5385 N.
1117 5330 1333 5386 Caeteri
1368 5328 1465 5397 (0.
1513 5328 1572 5385 T.
1607 5329 1737 5397 B.).·
1772 5332 2000 5401 spiculo.

468 5402 528 5470 4)
571 5401 922 5473 Gapumzus
956 5400 1252 5469 theoloqiae
1287 5399 1474 5455 doctor
1506 5406 1624 5454 erat
1661 5400 1828 5469 (Hi-st.
1862 5400 1981 5457 eccl.
2017 5400 2062 5454 I.
2099 5398 2207 5468 10).

2341 656 2711 740 quisquiliis
2769 655 3199 722 metuendum
3213 655 3248 719 ⁴?
3358 658 3605 722 Annon
3684 655 3902 740 potius
3980 655 4303 742 voluptati

2343 762 2486 808 6886
2526 741 2738 822 debet,
2829 740 2959 807 uod
3002 742 3085 808 ab
3127 742 3212 808 iis
3262 741 3418 808 solis
3475 742 3815 827 improbor
3868 763 4148 825 quorum
4193 744 4300 810 vel

2341 828 2654 893 iudicium
2713 763 2826 894 ve}
2876 829 3358 914 malignitatem
3412 848 3531 911 pro
3586 827 3795 894 nihilo
3854 826 4049 907 duco,
4107 829 4302 895 sicuti

2344 935 2464 997 par
2519 912 2661 979 est?
2749 914 3022 981 Utinam
3078 934 3229 980 cum
3289 913 3558 978 homine
3611 914 3718 977 vel
3788 915 3976 998 gravi
4029 924 4096 980 et
4160 937 4300 980 mo-

2345 999 2570 1064 derato
2629 1002 2964 1084 negotium
3022 1000 3188 1070 mihi
3241 1009 3443 1077 esset,
3502 999 3609 1064 vel
3668 999 3901 1065 saltem
3960 1003 4300 1083 compositi

2343 1084 2612 1162 cerebri,
2695 1097 2762 1151 et
2830 1087 2941 1168 qui
3013 1085 3193 1152 sanis
3264 1085 3558 1152 consiliis
3629 1085 4048 1151 auscultaret.
4152 1088 4299 1152 Iam

2341 1171 2520 1235 inter
2563 1192 2680 1235 nos
2725 1192 2829 1237 res
2874 1172 3109 1237 fuisset
3151 1181 3501 1250 transacta,
3547 1192 3762 1253 neque
3801 1172 3990 1237 vobis
4034 1192 4301 1256 cogerer

2343 1258 2656 1322 molestus
2702 1279 2861 1323 esse.
2951 1258 3204 1322 Verum
3263 1257 3418 1341 quid
3476 1256 3806 1323 facerem?
3892 1256 4299 1342 Quacunque

2340 1343 2527 1407 illum
2572 1343 2826 1409 ratione
2871 1340 3217 1427 aggrediar
3258 1364 3525 1427 operam
3570 1344 3803 1408 lusero.
3874 1344 4058 1410 Haec
4101 1365 4299 1411 causa

2342 1437 2444 1493 est
2488 1449 2605 1492 cur
2648 1428 2729 1493 ad
2774 1451 2924 1493 eum
2969 1429 3254 1495 scribere
3298 1429 3776 1511 supersedeam,
3823 1451 4024 1512 quum
4069 1452 4217 1495 eum
4237 1436 4295 1507 ὁ)

2342 1514 2604 1579 silentio
2649 1536 2795 1579 meo
2839 1515 3111 1599 gloriari
3154 1515 3326 1580 malo
3370 1537 3566 1598 quam
3621 1516 3761 1580 eius
3817 1517 4297 1598 importunitati

2340 1600 2746 1684 indulgendo
2789 1622 2938 1666 011111
2985 1622 3060 1665 60
3127 1601 3423 1666 (16111816.
3512 1601 3766 1665 Verum
3831 1623 3916 1666 ne
3973 1603 4100 1667 sibi
4162 1623 4297 1668 non

2340 1686 2542 1751 fuisse
2600 1686 2845 1751 dictum
2903 1696 3238 1764 causetur,
3306 1685 3627 1752 denuncio
3693 1688 3763 1751 in
3818 1695 4143 1771 tempore,
4209 1709 4297 1755 116

2341 1772 2695 1838 stultitiam
2743 1795 2933 1838 suam
2976 1774 3189 1856 magis
3250 1794 3326 1839 ac
3383 1775 3594 1857 magis
3634 1771 3886 1856 prodat.
3975 1774 4120 1859 Ego
4164 1775 4297 1841 nisi

2340 1859 2484 1923 eius
2527 1858 2763 1923 honori
2806 1858 3175 1924 consultum
3224 1858 3463 1923 vellem
3483 1911 3498 1937 ,
3557 1880 3899 1941 nunquam
3953 1859 4023 1924 id
4068 1861 4296 1926 suade-

2339 1965 2497 2008 rem.
2620 1942 2699 2009 Si
2755 1945 2904 2027 quis
2973 1965 3056 2009 ex
3112 1944 3388 2028 papistis
3443 1954 3580 2009 tam
3636 1944 3887 2011 insulso
3944 1967 4126 2011 more
4185 1967 4295 2013 me

2336 2029 2705 2112 impeteret,
2794 2049 3177 2096 rovocarem
3213 2050 3289 2094 ac
3330 2030 3734 2109 lacesserem,
3780 2040 3858 2096 ut
3895 2031 3967 2096 in
4003 2032 4294 2098 medium

2338 2115 2642 2198 prodiret.
2802 2114 2914 2181 uid
2968 2117 3145 2181 enim
3204 2117 3414 2199 magis
3468 2116 3907 2200 expetendum
3966 2139 4164 2201 quam
4215 2126 4294 2183 ut

2339 2201 2600 2284 pietatis
2644 2202 2866 2267 hostes
2911 2204 3203 2267 omnium
3249 2224 3319 2268 se
3362 2201 3643 2268 ludibrio
3688 2203 4068 2286 exponant?
4156 2204 4291 2270 Ne·

2336 2309 2461 2370 que
2507 2309 2663 2352 vero
2698 2309 3011 2371 responso
3045 2287 3372 2372 dignarer.
3446 2285 3625 2369 Quid
3660 2290 3834 2354 enim
3871 2310 4035 2373 opus
4070 2289 4288 2356 esset?

2336 2373 2509 2438 Nam
2533 2377 2588 2450 ⁶)
2647 2395 2778 2439 non
2835 2395 2942 2439 me
2996 2374 3157 2440 latet
3212 2382 3531 2457 quantum
3592 2373 3716 2440 sibi
3761 2374 4138 2440 blandiatur
4178 2376 4290 2442 1110

2337 2467 2574 2539 vester,
2621 2462 3011 2542 praesertim
3068 2468 3203 2524 tam
3263 2460 3598 2543 praeclaro
3641 2460 3895 2544 ingenii
3938 2461 4041 2526 sui
4084 2463 4291 2545 speci-

2335 2546 2516 2609 mine
2577 2545 2768 2611 edito.
2876 2543 3123 2611 Videre
3187 2545 3351 2611 mihi
3419 2546 3646 2612 videor
3709 2548 3925 2629 ipsum
3978 2557 4290 2630 protensa

2336 2630 2562 2714 lingua
2617 2652 2823 2714 genas
2883 2632 3312 2710 lambentem,
3367 2633 3710 2698 fricantem
3755 2631 4095 2712 humeros,
4154 2635 4288 2700 iac-

2336 2724 2586 2782 tantem
2632 2726 2844 2800 caput‚
2904 2738 2977 2781 os
3021 2718 3370 2801 oculosque
3414 2727 3842 2801 torquentem,
3888 2718 4130 2784 collum
4173 2720 4287 2786 ob-

2335 2801 2608 2887 longum
2662 2804 3133 2887 proferentem,
3201 2804 3482 2888 denique
3542 2811 3676 2870 toto
3741 2802 3856 2870 illo
3912 2805 4286 2873 thrasonicc

2332 2898 2521 2973 gestu
2590 2888 3149 2954 exsultabundum
3165 2941 3179 2967 ‚
3260 2910 3454 2973 quem
3520 2911 3680 2973 prae
3742 2912 3812 2957 se
3876 2890 4052 2957 ferre
4117 2894 4287 2958 solet

2331 2996 2537 3058 quum
2593 2975 2716 3041 sibi
2775 2976 3189 3058 triumphum
3248 2974 3330 3041 de
3386 2975 3595 3041 nihilo
3653 2976 3846 3042 canit.
3950 2978 4171 3061 Atque
4214 2976 4284 3043 id

2330 3069 2431 3128 est
2474 3061 2647 3146 quod
2688 3062 2820 3127 iam
2866 3061 3021 3143 dixi,
3068 3081 3109 3126 a
3150 3061 3571 3129 rescribendo
3610 3083 3719 3129 me
3751 3062 3897 3129 ideo
3933 3062 4283 3148 abstinere,

2329 3148 2710 3299 (111οὲᾶηίὴῦ
2753 3168 2861 3213 1116
2893 3150 3336 3232 profecturum
3371 3148 3550 3235 apud
3584 3149 3903 3216 eiusmodi
3947 3150 4284 3218 hominem

2329 3255 2453 3300 con
2547 3256 2672 3300 am.

2502 3319 2579 3386 Si
2623 3329 2974 3403 utrumque
3027 3321 3151 3386 sibi
3207 3322 3754 3388 contumeliosum
3798 3323 4156 3399 existimat,
4215 3331 4283 3388 et

2328 3405 2501 3489 quod
2557 3427 2598 3471 a
2651 3427 2759 3472 me
2811 3407 3232 3490 praeteritur,
3300 3415 3369 3472 et
3421 3407 3596 3490 quod
3652 3408 3872 3474 minus
3924 3408 4281 3475 honorifice

2329 3492 2410 3556 de
2454 3492 2593 3575 ipso
2637 3492 2809 3575 apud
2852 3513 2972 3558 vos
3015 3494 3273 3576 loquor,
3318 3491 3593 3577 perinde
3637 3494 3910 3577 accipiat
3951 3502 4026 3560 ut
4067 3494 4277 3561 volet:

2328 3577 2523 3642 modo
2567 3600 2652 3643 ne
2695 3578 3048 3663 quidquam
3092 3588 3350 3662 praeter
3393 3580 3680 3645 officium
3722 3587 3839 3645 aut
3881 3580 4281 3665 aequitatem

2326 3684 2435 3728 me
2477 3665 2706 3731 fecisse
2739 3666 2883 3729 iure
2918 3673 3368 3748 conqueratur.
3460 3662 3849 3731 Condonare
3892 3672 4069 3732 certe
4110 3666 4280 3732 mihi

2328 3747 2554 3829 debet,
2600 3751 2658 3815 si
2699 3751 2878 3817 illius
2919 3750 3243 3818 voluntati
3286 3770 3536 3816 morem
3593 3750 3717 3815 hac
3774 3753 3845 3815 in
3899 3759 4089 3835 parte
4142 3773 4278 3817 non

2326 3857 2571 3918 geram.
2628 3837 3016 3903 Petulanter
3049 3837 3414 3903 maledictis
3447 3844 3698 3903 certare
3732 3858 3867 3902 non
3903 3847 4004 3904 est
4037 3859 4274 3904 meum.

2326 3920 2480 3987 Huc
2522 3929 2741 3987 autem
2784 3943 2892 3989 me
2933 3931 3262 4006 provocat.
3350 3922 3560 4006 Atqui
3601 3921 3726 3989 1100
3758 3923 4028 3991 consilio
4070 3926 4277 4008 scrip-

2326 4015 2506 4073 serat
2561 4015 2638 4073 ut
2688 4008 2864 4074 inter
2927 4030 3047 4076 nos
3102 4007 3359 4093 placide
3414 4009 3587 4074 ultro
3652 4008 3944 4093 citroque
4000 4010 4278 4095 privatis

2325 4092 2616 4176 epistolis
2669 4094 3112 4161 velitaremur.
3204 4093 3384 4177 Quid
3438 4115 3510 4161 se
3565 4101 3793 4179 optare
3847 4094 4052 4176 dicat,
4107 4095 4275 4162 nihil

2322 4200 2559 4245 moror.
2648 4179 2823 4245 Rem
2864 4182 3073 4264 ipsam
3114 4201 3373 4247 mecum
3426 4180 3762 4266 paulisper
3803 4182 4155 4266 expendite
4199 4200 4276 4249 ac

2321 4264 2476 4330 inde
2495 4264 2550 4350 ⁷)
2595 4266 2938 4332 aestimate
2980 4287 3106 4349 quo
3150 4268 3369 4331 animo
3412 4288 3520 4333 me
3566 4266 3988 4333 lacessiverit.
4076 4269 4272 4334 Post-

2320 4372 2520 4433 quam
2563 4351 2729 4416 mihi
2793 4353 3118 4419 inscitiam
3135 4403 3153 4431 ,
3231 4351 3813 4433 hallucinationes,
3891 4354 4273 4421 caecitatem

2319 4435 2585 4517 obiecit,
2645 4446 2992 4522 postquam
3058 4437 3228 4503 dixit
3279 4459 3386 4513 me
3443 4437 3716 4522 perinde
3771 4439 4054 4522 ineptire
4096 4459 4172 4505 ac
4213 4439 4270 4505 si

2316 4522 2535 4588 oleum
2571 4545 2912 4607 nunquam
2934 4523 3263 4602 vidissem,
3301 4525 3584 4606 turpiter
3617 4522 3929 4608 desipere,
3966 4534 4041 4591 ut
4075 4542 4272 4590 1161110

2319 4609 2463 4674 61118
2516 4610 2821 4692 opinione
2893 4609 3052 4675 adeo
3109 4609 3494 4695 desipuerit,
3549 4629 3682 4675 non
3742 4618 4086 4677 contentus
4143 4611 4270 4675 hac

2317 4694 2746 4762 maledicendi
2788 4696 3137 4763 insolentia
3179 4696 3377 4762 altius
3418 4695 3738 4763 evehitur.
3753 4697 3815 4774 8)
3901 4696 4051 4762 Non
4087 4697 4267 4763 6111111

2316 4789 2579 4846 tantum
2621 4803 2727 4847 me
2770 4782 3149 4867 imposturis
3195 4790 3260 4846 et
3304 4782 3590 4866 strophis
3631 4780 3859 4847 ludere
3879 4783 3936 4867 ⁹)
3980 4783 4092 4864 ait,
4148 4782 4266 4850 sed

2520 4986 2582 5053 5)
2622 4987 2716 5044 Sic
2755 4988 2821 5043 G.
2852 4987 2912 5042 T.
2932 4988 3004 5042 Β.
3029 4987 3083 5042 S.
3119 4988 3342 5043 omnino
3372 4986 3664 5054 probandi.
3737 4986 3807 5042 N.
3839 4986 4067 5043 habent.-
4101 4987 4261 5043 euim.
4291 4980 4294 4985 ’

2520 5055 2842 5119 6)]1111810.
2884 5055 2945 5112 Τ.
2981 5057 3050 5111 Β.
3124 5057 3198 5111 At
3231 5058 3277 5110 si
3315 5056 3383 5123 (⁶2)
3420 5054 3475 5111 8.

2522 5124 2580 5191 7)
2617 5125 2764 5208 idem
2803 5124 2863 5181 Τ.
2901 5126 2970 5180 Β.
3002 5125 3194 5180 itidem
3225 5124 3290 5209 ⁰8.
4327 5148 4332 5152 ·

2312 5267 2469 5317 tatus
2517 5192 3480 5333 {gdffxlgffsszssoessapgmzmw
3507 5191 4066 5333 {aexffikggefflr
4078 5264 4257 5319 erinni-

2309 5306 2499 5387 mnab
2533 5332 2631 5386 οεω
2663 5333 2887 5387 dixeris.
4083 5318 4086 5321 “

2515 5399 2828 5467 9).1ω(1616
2866 5400 2926 5455 Τ.
2964 5400 3033 5456 Β.
3071 5399 3128 5455 S.
