4825 6175
201 421 312 487 433

198 625 381 675 uxore
416 603 554 688 agit
593 602 669 668 in
687 599 998 669 Picardia
1038 607 1109 666 et
1147 599 1331 667 lenta
1373 597 1654 684 quadam
1696 598 1915 665 adhuc
1954 599 2136 666 febre

197 692 559 768 afflictatur,
613 699 683 754 et
733 685 1212 771 constringitur
1263 685 1411 752 aliis
1451 685 1735 753 vinculis
1828 705 1957 750 uae
2000 705 2136 750 non

196 778 366 846 facile
407 783 623 859 potest
657 773 1030 839 dissolvere.
1121 774 1414 838 'Puerum
1457 771 1706 838 civium
1875 769 2134 836 te-lite-

192 887 291 931 ras
322 870 626 944 exspecto
662 881 824 942 quas
858 860 1136 923 mittam.
1194 858 1474 923 Interim
1508 855 1667 940 quid
1701 877 1879 921 nunc
1912 863 2131 941 agant,

193 957 301 1018 aut
356 947 515 1030 quid
577 966 687 1011 eos
751 952 1118 1010 remoretur
1135 994 1150 1021 ,
1208 944 1445 1010 nescio.
1531 940 1711 1008 Illud
1762 942 1926 1021 scio,
1982 961 2134 1008 cum

189 1058 253 1103 m
376 1034 436 1098 is
479 1028 970 1098 difficultatibus
1012 1051 1167 1094 eum
1201 1028 1438 1095 luctari
1476 1028 1590 1111 qui
1624 1049 1767 1094 sese
1804 1028 1907 1094 his
1949 1027 2132 1093 tricis

191 1142 302 1190 evo
326 1140 484 1185 vere
526 1117 882 1184 contendit.
949 1113 1127 1196 Quid
1171 1122 1246 1179 tu
1286 1114 1488 1181 vero?
1535 1114 1811 1197 inquies,
1878 1112 2132 1179 Luctor

188 1216 251 1275 et
287 1225 429 1290 ego,
471 1204 562 1269 mi
606 1212 822 1287 pater,
882 1200 1000 1266 sed
1051 1220 1128 1266 ee
1174 1201 1456 1267 alacrius
1500 1200 1672 1283 quod
1716 1201 1804 1265 sit
1846 1219 1996 1281 spes
2040 1199 2130 1264 ci-

187 1294 308 1359 tius
349 1287 714 1367 eluctandi‚
767 1296 835 1352 et
890 1288 1023 1351 iam
1076 1288 1278 1351 finem
1330 1286 1630 1351 laborum
1672 1285 1808 1351 fere
1855 1282 2129 1349 videam.

186 1374 375 1461 Quod
418 1377 478 1442 si
515 1396 623 1440 me
663 1372 933 1439 tandem
975 1372 1307 1437 Dominus
1361 1372 1602 1454 optatis
1655 1370 1975 1449 coetibus,
2027 1370 2131 1434 in-

185 1471 370 1541 serat,
416 1460 686 1527 sublimi
725 1460 956 1524 feriam
1001 1456 1218 1522 sidera
1259 1459 1522 1524 vertice.
1553 1457 1638 1539 ¹⁹)
1702 1456 1983 1521 Interim
2018 1476 2131 1521 cu-

183 1551 334 1616 rabo
376 1570 466 1612 ne
506 1567 707 1629 rupes
764 1553 882 1609 aut
933 1543 1253 1610 convulsa
1293 1542 1611 1622 labascat,
1667 1553 1787 1607 aut
1840 1540 2134 1606 emollita

184 1636 576 1720 languescat.
665 1633 769 1696 Tu
810 1651 999 1704 vero.
1061 1629 1347 1708 obsecre,
1402 1628 1785 1710 priusquam
1827 1627 2133 1693 fatiscen-

184 1730 308 1788 tem
353 1719 601 1785 videris
635 1718 912 1782 fractam
945 1738 1030 1780 ne
1062 1714 1331 1782 iudices.
1392 1714 1589 1780 Nosti
1631 1712 1907 1780 solidam
1947 1712 2132 1777 illam

260 1816 430 1871 tram
474 1824 643 1887 quae
686 1812 912 1868 nostra
948 1801 1122 1867 basis
1164 1808 1285 1866 est.
1359 1798 1689 1865 Mandata
1730 1807 1845 1863 tua
1886 1796 1969 1863 ad
2005 1798 2133 1863 Ro-

181 1829 413 1959 greum
432 1893 525 1971 ²⁰)
568 1909 765 1973 quam
802 1886 1153 1970 diligenter
1185 1886 1490 1963 curarim,
1534 1886 1670 1950 iam
1711 1885 1941 1967 opinor
1984 1905 2131 1949 sen·

186 1978 339 2059 sisti,
382 1995 511 2042 nec
561 1975 860 2040 recusavi
907 1972 1167 2055 culpam
1212 1971 1598 2038 cessationis
1652 1971 1819 2035 mihi
1863 1969 2130 2035 ascribi:

181 2064 336 2130 adeo
380 2060 719 2129 confidens
763 2066 867 2124 est
909 2067 1140 2123 nostra
1196 2056 1277 2122 de
1321 2064 1436 2122 tua
1486 2078 1644 2142 erga
1685 2077 1805 2121 nos
1848 2054 2132 2120 beneve-

177 2150 379 2217 lentia
422 2155 493 2214 et
527 2146 941 2212 humanitate
983 2143 1242 2209 fiducia.

343 2234 579 2299 Habes
644 2230 987 2314 epistolam
1044 2228 1472 2294 tumultuarie
1536 2237 1894 2293 consutam.
1997 2224 2135 2293 Sed

177 2321 294 2388 hes
336 2328 649 2386 centones
681 2315 1220 2398 interpretaberis
1254 2334 1398 2381 esse
1430 2313 1766 2379 cuiusdam
1809 2315 2135 2397 ingenuae

179 2404 620 2490 simplicitatis
674 2413 740 2467 et
795 2403 938 2467 eius
1001 2422 1131 2483 qua
1186 2421 1294 2465 me
1344 2401 1445 2464 vis
1498 2399 1596 2463 nti
1648 2398 2132 2465 familiaritatis.

177 2493 509 2559 Dominus
551 2499 616 2555 te
659 2509 811 2554 cum
855 2488 989 2552 tuis
1033 2486 1338 2553 omnibus
1382 2493 1660 2551 tueatur.
1750 2484 1938 2550 Vale.
2025 2484 2134 2549 Ex

178 2578 328 2645 aula
369 2583 432 2643 4.
482 2573 755 2643 Galend.
799 2571 1223 2656 Decemb.²¹)

1423 2656 1608 2723 'I'uus
1649 2654 1962 2722 Rochius.

343 2798 562 2882 Regis
616 2796 883 2881 negotia
936 2794 1062 2860 tibi
1117 2814 1314 2862 curae
1370 2814 1514 2859 esse

176 2904 310 2951 non
377 2882 628 2950 dubito.
727 2882 851 2946 Ille
900 2890 1052 2946 tuas
1117 2880 1341 2947 literas
1403 2900 1520 2945 ex-

178 2977 450 3055 spectat,
496 2977 577 3034 ut
610 2966 768 3052 quid
792 2966 1094 3033 Venetiis
1139 2973 1375 3051 agatur
1415 2964 1521 3029 in-

178 3056 458 3143 telligat.
474 3056 572 3141 22)

1082 3462 1239 3533 858.

717 3618 1135 3687 OALVINU
1139 3616 1191 3685 S
1235 3614 1608 3682 VIRETO.

350 3792 582 3860 Status
620 3791 1102 3876 myotiationum
1144 3809 1286 3856 cum
1326 3809 1467 3873 reye
1496 3786 1768 3853 Galliae.
1838 3785 2142 3852 Rationes

178 3880 359 3946 datae
419 3886 484 3945 et
540 3882 819 3961 acceptae
868 3877 1175 3957 pecaemiae
1228 3878 1677 3957 computantur.
1785 3870 2040 3937 Sulzeri
2085 3876 2142 3936 et

175 3964 617 4031 Bernensium
655 3983 762 4028 res
803 3962 1169 4044 deploratae.

204 4135 471 4205 Sequitur
504 4135 566 4188 in
602 4133 849 4187 omuibus
881 4131 1157 4185 codicibus
1189 4130 1606 4200 praeoedentem
1642 4128 1714 4183 ad
1747 4129 2029 4183 Viretum:
2082 4127 2142 4182 O.

179 4134 294 4271 106,
328 4205 429 4259 fol.
473 4202 577 4257 179
611 4209 739 4267 aut„
776 4201 832 4255 C.
869 4199 1043 4265 111⁸,
1091 4199 1186 4255 fol.
1219 4199 1254 4253 9
1289 4217 1374 4267 v.,
1423 4199 1478 4253 C.
1518 4197 1635 4264 111,
1671 4195 1930 4263 101158,
1977 4198 2141 4252 Bern.

243 4290 296 4343 p.
334 4272 446 4328 '295
484 4278 546 4327 et
580 4270 793 4326 Simler.
830 4297 895 4309 —·
931 4268 1163 4338 Anglice
1198 4275 1380 4323 exstat
1410 4269 1467 4322 in
1503 4266 1587 4320 ed.
1624 4266 1823 4321 Edinb.
1860 4266 1928 4320 11.
1965 4265 2075 4334 ⁷2.)

177 4443 451 4510 Eximio
500 4442 774 4509 Domini
812 4441 1027 4506 nostri
1067 4440 1222 4505 Iesu
1264 4438 1514 4505 Christi
1558 4456 1751 4504 servo
1796 4436 1991 4503 Petro
2024 4436 2146 4503 Vi-

347 4543 509 4597 reto
573 4526 1076 4593 Lausannensis
1143 4524 1453 4592 ecclesiae
1512 4524 1764 4609 pastori
1827 4524 2018 4589 fratri
2079 4531 2148 4590 et

350 4616 576 4682 amico
619 4615 687 4679 in
695 4613 1063 4699 tegerrimo.

353 4734 429 4802 S.
502 4734 719 4800 Binae
762 4732 929 4798 mihi
969 4732 1206 4816 exiguo
1244 4729 1595 4797 intervallo
1638 4727 1880 4796 Buccri
1916 4727 2147 4795 literae

351 4924 453 5061 {33
488 4921 876 5059 {affluente
973 5058 982 5070 ο
1587 5056 1600 5070 .
2051 5053 2063 5066 .

352 5059 454 5129 21)
493 5055 836 5139 Λητώ-1516
868 5061 1131 5125 sareptam
1174 5070 1287 5110 esee
1318 5072 1387 5111 ex
1430 5062 1698 5111 memnone
1737 5068 1926 5136 recens
1968 5052 2151 5108 edctae

181 5130 395 5199 primae
430 5129 517 5183 ad
556 5128 867 5183 Oormthwe
899 5133 949 5182 et
982 5129 1322 5193 exspectatae
1354 5125 1622 5181 secundae
1654 5123 1871 5191 effimee.

356 5196 459 5263 22)
506 5196 603 5251 Ea·
637 5196 725 5250 las
757 5210 886 5250 eave
920 5195 1146 5276 collique
1184 5193 1471 5275 Calvinus}
1512 5196 1625 5249 iam
1670 5200 1783 5275 tuta
1834 5190 1978 5261 Περὶ
2024 5189 2147 5245 Na-

188 5280 388 5391 mae
422 5267 748 5388 commerceig
771 5265 1057 5399 waso
1089 5265 1330 5345 iancepm
1360 5264 1551 5330 fussee.
1626 5262 1682 5317 R
1748 5332 1758 5343 ⁶
1828 5275 2041 5385 ”⁰:3⁸⁹
2084 5265 2150 5314 ut

399 5420 629 5477 Caluini
658 5433 843 5488 opera.
922 5418 1036 5474 Vol.
1072 5416 1221 5472 XII.

1620 415 1784 478 1546
1827 409 2743 479 nemun-DECEM.

4067 418 4200 492 434,

2235 598 2533 667 redditae
2576 601 2859 667 fuerunt.
2881 602 2932 679 ¹)
3016 600 3349 685 Utrasque
3404 601 3491 669 ad
3544 614 3609 669 te
3652 602 3845 670 mitte
3859 655 3876 683 ,
3928 605 4199 673 tametsi

2236 686 2406 754 nihil
2448 687 2587 754 fere
2632 686 3018 753 contineant
3070 687 3243 770 quod
3295 709 3430 754 nen
3487 688 3753 755 aliunde
3805 690 3940 756 iam
3993 691 4197 758 resci-

2234 774 2436 838 veris.
2506 770 2702 853 Quod
2744 779 2965 839 tamen
3009 771 3092 837 ad
3129 773 3383 857 Regem
3426 782 3698 858 spectat,
3742 785 3902 859 pute
3946 776 4198 861 aliquid

2234 857 2423 924 brevi
2465 858 2833 924 confectum
2871 858 2957 922 iri
3001 867 3079 922 ut
3111 860 3388 942 pecunia
3430 868 3690 926 nostros
3728 860 3931 927 iuvet.
3999 860 4197 943 Quod

2234 965 2446 1009 unum
2490 944 2572 1010 ab
2630 963 2707 1009 ee
2766 943 3123 1028 quaeritur.
3213 944 3308 1010 Ut
3348 953 3571 1011 autem
3616 945 3914 1013 Carolum
3955 946 4196 1014 distra-

2233 1029 2354 1095 hat
2397 1029 2528 1094 alio
2575 1028 2761 1110 bello,
2804 1029 3015 1113 ipsius
3055 1030 3347 1096 maxime
3387 1031 3681 1098 interest.
3702 1032 3761 1116 ²)

2407 1115 2730 1182 Mandavi
2773 1114 2967 1180 Petro
3017 1115 3271 1181 Textori
3287 1117 3345 1197 ⁸)
3402 1125 3478 1182 ut
3519 1117 3642 1183 tibi
3683 1117 3967 1186 sedecim
4010 1140 4196 1186 coro·

2235 1208 2425 1266 natos
2469 1208 2865 1267 numeraret.
2953 1200 3127 1266 Nam
3171 1222 3381 1284 quum
3430 1200 3655 1269 decem
3706 1202 3884 1286 apud
3924 1225 4032 1270 me
4073 1205 4196 1272 ha-

2235 1285 2463 1352 berem
2497 1284 2655 1351 dum
2690 1287 2847 1352 veni
2891 1284 2975 1352 ad
3008 1288 3292 1370 nuptias,
3309 1289 3366 1363 4)
3410 1309 3748 1372 nunquam
3789 1291 3862 1355 in
3902 1299 4196 1357 mentem

2234 1373 2442 1438 venit.
2532 1371 2668 1439 Sed
2709 1372 2864 1439 vide
2904 1371 3222 1438 maiorem
3263 1369 3573 1457 α’βλεψίαν.
3661 1373 3886 1456 Quum
3927 1376 3998 1441 in
4033 1377 4197 1443 scri-

2238 1459 2347 1522 nio
2390 1478 2685 1524 seorsum
2727 1458 2970 1541 positos
3016 1459 3427 1541 reperissem,
3474 1460 3876 1543 aliquamdiu
3918 1482 4196 1545 snspen-

2237 1563 2350 1608 sns
2392 1543 2578 1610 haesi
2620 1544 2804 1627 quasi
2847 1563 3184 1626 nunquam
3220 1564 3330 1609 eos
3371 1544 3705 1612 vidissem.
3794 1545 4200 1632 Supervenit

2239 1628 2655 1712 Raymondus
2689 1627 2801 1712 qui
2834 1629 2909 1694 in
2942 1630 3330 1695 memoriam
3362 1632 3717 1710 revocavit,
3762 1653 3874 1698 eos
3916 1654 3988 1699 se
4029 1632 4198 1698 mihi

2234 1715 2423 1779 iussu
2441 1714 2718 1815 ’Antoni-i
2763 1713 3042 1780 Mallieta‘
3086 1714 3359 1782 dedisse.
3416 1716 3610 1815 ‚ljlrgo
3652 1716 3826 1784 hanc
3866 1738 4195 1785 summam

2236 1799 2941 1952 issl‘ffifflffiaeffiussffi
2977 1800 3202 1969 ,taz
3204 1822 3316 1951 ⁰1²5.
3346 1799 3495 1952 {¹³²2
3535 1822 3782 1953 {212⁹}
3803 1823 4197 1956 331.¹’t⁰2x

2236 1992 2442 2054 quum
2485 1971 2898 2038 Aureliensis
2940 1970 3205 2053 quidam
3261 1972 3484 2038 doctor
3539 1973 3639 2037 illi
3680 1973 3949 2040 deberet
3987 1973 4195 2040 unde-

2235 2057 2383 2132 cim,
2430 2057 2692 2124 curavit
2734 2079 2775 2123 a
2812 2057 2949 2121 filio
2970 2055 3307 2124 Brunonis
3347 2058 3534 2124 solvi.
3601 2059 3967 2142 Receperat
3986 2081 4198 2144 nuper

2235 2143 2541 2226 quinque.
2601 2143 2705 2207 'I'u
2747 2143 2954 2226 igitur
2987 2162 3101 2207 ees
3131 2144 3344 2210 retine
3378 2144 3587 2210 donec
3612 2167 3696 2210 ex
3725 2145 4199 2213 Sandandraea

2237 2229 2482 2294 certius
2523 2227 2912 2293 intellexero
2955 2227 3165 2294 tibine
3221 2250 3307 2293 an
3361 2229 3554 2295 fratri
3596 2230 3779 2296 reddi
3826 2230 4191 2297 debuerint.

2408 2313 2644 2397 Nuper
2697 2314 2962 2396 scripsit
3020 2313 3323 2380 Suleerus
3377 2322 3655 2381 ventum
3720 2337 3863 2383 esse
3929 2316 4011 2382 ad
4076 2337 4196 2382 ex-

2238 2406 2466 2465 trema.
2558 2398 2771 2482 Opem
2837 2407 3133 2464 nostram
3194 2399 3517 2483 implorat.
3602 2401 3983 2468 Deliberavi
4047 2423 4199 2469 cum

2236 2485 2570 2551 fratribus.
2660 2483 2885 2566 Quum
2927 2483 2999 2549 in
3043 2484 3239 2550 rebus
3292 2487 3623 2569 perplexis
3679 2486 3841 2552 adeo
3884 2496 3953 2554 et
3993 2509 4198 2572 prope

2240 2570 2597 2653 deploratis
2660 2569 2845 2635 nulla
2908 2590 2980 2635 se
3043 2569 3214 2635 ratio
3267 2571 3565 2651 offerret,
3635 2572 4034 2639 Neodunum
4087 2593 4197 2639 me

2239 2656 2506 2722 contuli.
2565 2655 2876 2722 Intellexi
2912 2654 3108 2739 lenge
3142 2656 3411 2739 gravius
3445 2658 3650 2723 fuisse
3686 2657 3769 2724 ab
3791 2658 3935 2725 illis
3969 2678 4199 2743 pecca-

2240 2750 2382 2806 tum
2427 2762 2624 2825 quam
2657 2740 2887 2806 literae
2921 2742 3319 2807 contineant.
3394 2741 3698 2822 Causam,
3742 2764 3891 2809 meo
3934 2744 4196 2825 iudicio,

2239 2848 2376 2893 non
2429 2828 2701 2893 omnino
2747 2827 2991 2893 bonam
3048 2834 3338 2893 tuentur.
3426 2829 3777 2894 Actionem
3820 2851 4050 2896 omnes
4095 2830 4194 2897 vi-

2242 2911 2400 2978 dent
2441 2932 2586 2980 esse
2619 2920 3126 2997 praeposteram.
3193 2913 3287 2977 Et
3328 2920 3569 2993 tamen,
3614 2935 3818 2997 quum
3857 2914 4199 2985 videamus

2243 2999 2468 3064 omnia
2520 3000 2884 3082 pessumire
2900 3048 2918 3078 ,
2978 3017 3109 3080 qua
3150 2998 3547 3064 conscientia
3595 3000 3977 3066 silebimus?
4067 3002 4201 3069 Ro-

2244 3085 2399 3169 gavi
2456 3084 2810 3164 Nicolaum,
2830 3086 2888 3167 3)
2947 3105 3035 3149 an
3091 3082 3303 3151 literis
3347 3084 3703 3168 quidquam
3758 3096 4023 3171 putaret
4076 3110 4200 3158 nos

2245 3170 2669 3253 profecturos.
2754 3168 3054 3254 Trepide,
3098 3190 3221 3236 nec
3264 3175 3408 3236 sine
3464 3170 3873 3252 difficultate,
3928 3182 4004 3240 ut
4044 3178 4202 3242 scri-

2246 3254 2551 3322 beremus
2594 3277 2900 3323 assensus
2941 3266 3059 3322 est.
3149 3253 3228 3322 Si
3285 3256 3434 3339 quis
3477 3260 3756 3323 nuncius
3813 3279 3886 3324 se
3937 3267 4199 3328 mature

2246 3342 2510 3420 offeret,
2574 3352 2757 3408 tuam
2818 3362 3076 3425 quoque
3137 3341 3534 3408 sententiam
3598 3345 3929 3427 significes
3981 3347 4201 3415 velim.

2246 3426 2507 3493 Deinde
2547 3428 2768 3512 cogita
2800 3448 3023 3493 annon
3053 3437 3318 3510 tempus
3360 3429 3451 3494 sit
3489 3428 3782 3496 instandi
3825 3429 3906 3497 de
3946 3433 4203 3517 synodo
4240 3490 4244 3497 .

2244 3511 2678 3596 impetranda.
2755 3512 2946 3594 Vale,
2986 3511 3193 3578 frater
3226 3520 3295 3579 et
3337 3514 3545 3582 amice
3586 3516 4027 3601 integerrime,
4062 3539 4203 3585 una

2246 3618 2396 3663 cum
2440 3618 2680 3678 uxore,
2734 3619 2933 3682 quam
2983 3607 3211 3665 nostro
3268 3599 3566 3665 omnium
3615 3602 3880 3668 nomine
3924 3601 4206 3687 diligen-

2245 3691 2350 3749 ter
2390 3683 2725 3764 salutabis,
2770 3691 2839 3751 et
2878 3684 3190 3751 Iacobum
3247 3693 3316 3751 et
3368 3686 3668 3770 reliquos.
3759 3686 4093 3769 Genevae,
4141 3693 4202 3757 3.

2245 3768 2560 3837 Decemb.
2613 3773 2796 3838 1546.

3171 3853 3452 3921 Ioannes
3494 3853 3814 3923 Calvinus
3854 3863 4028 3925 tuus.

2368 3973 2598 4056 Quum
2640 3973 2765 4040 has
2797 3972 3073 4057 recipies
3116 3993 3306 4056 spero
3342 3971 3519 4056 apud
3553 3981 3621 4039 te
3652 3975 3791 4041 fere

2245 4060 2516 4126 fratrem
2561 4068 2859 4125 nestrum
2892 4057 3171 4124 Petrum
3198 4057 3510 4124 Perellum
3528 4060 3587 4133 θ)
3625 4058 3789 4125 Oru-

2246 4146 2404 4211 ciati
2446 4145 2847 4211 ministrum.
2951 4141 3123 4207 Vide
3168 4151 3246 4207 ut
3291 4164 3441 4209 eum
3498 4145 3791 4211 instruas

2247 4232 2517 4316 optimis
2559 4229 2870 4308 consiliis,
2916 4237 2984 4294 et
3017 4227 3275 4312 quando
3315 4229 3386 4294 in
3411 4231 3795 4299 consistorio

2249 4326 2484 4402 agetur
2518 4336 2717 4468 canusa
2756 4315 2842 4381 D.
2864 4315 2927 4382 N
2929 4314 3135 4380 icolao
3172 4313 3621 4384 Wattevillensi
3639 4338 3793 4383 eum

2249 4424 2550 4468 commen
2595 4424 2651 4468 a.

2283 4572 2424 4627 ⁸⁵⁸·
2455 4571 2516 4694 3>
2556 4570 3083 4696 amaena
3102 4570 3527 4695 mim
3550 4572 3892 4696 affl·
3951 4640 4007 4693 A

2248 4716 2301 4765 et
2339 4644 2568 4766 onagro
2598 4712 2663 4765 in
2701 4655 3176 4791 Galliae-sommae
3197 4709 3408 4790 fuerat.
3469 4653 3607 4763 ‘Item
3639 4656 3827 4763 tangent·8
3857 4650 4206 4794 tome}

2247 4780 2396 4903 m
2416 4779 2755 4848 proponebat
2789 4778 2989 4916 ςιᾶιέουάε
3051 4777 3600 4913 “wewam
3612 4791 3728 4832 non
3749 4783 4027 4846 poterant.
4108 4780 4200 4836 Ve—

2455 4914 2513 4982 3)
2552 4915 2764 4970 Medici
2791 4921 3060 4984 aequatus
3090 4917 3144 4969 is
3168 4915 3351 4984 fuisse
3382 4913 3615 4969 videtur.

2357 5122 2369 5136 .
2453 4983 2517 5117 ἐξ
2552 4981 3032 5135 Ιιῗαῗῗέὁαιιηεῳ,
3073 5051 3155 5106 ιο.
3176 5051 3372 5106 Iamba·
3401 5050 3641 5106 consuta
3671 5049 3861 5117 nuum.
3911 5049 4202 5111 Bonna-u

2244 5126 2435 5192 ‘’m“
2457 5121 2536 5257 gs
2556 5120 3464 5273 fffflwssmaffiffi
3499 5186 3698 5267 Pam
3718 5186 4016 5256 Pmuu,
4050 5188 4203 5246 Bw.

2249 5258 3120 5397 ma’fflfflfflvm
3148 5254 3648 5381 smmi-⁶2⁰&
3693 5270 3800 5310 ⁸¹⁴⁶
3836 5256 4108 5315 m
4141 5275 4203 5317 ⁸⁶

3718 5408 3791 5464 28
