4825 6175
689 435 813 498 707

605 672 616 677 -
681 638 724 684 a
768 617 938 684 erire
980 624 1047 682 et
1087 614 1418 683 celebrare
1459 613 1824 681 concilium.
1911 613 2039 678 Est
2079 617 2301 677 autem
2343 606 2624 674 Interim
2667 613 2673 717 4

681 704 731 768 il
759 702 847 769 ud
890 700 1070 768 aliud
1113 699 1276 765 nihil
1320 720 1516 783 quam
1558 701 1699 784 ipse
1742 698 2094 783 papismus.
2184 693 2345 760 Vidi
2386 692 2621 791 capita.

681 789 842 855 Vidi
884 796 951 853 et
992 787 1361 872 principum
1405 785 1875 869 responsiones,
1929 802 2156 849 eorum
2196 781 2471 864 inquam
2514 798 2627 861 qm

681 897 753 941 se
788 872 1123 958 appellant
1143 870 1513 938 catholicos.
1578 871 1676 936 Hi
1709 870 2037 954 recipiunt
2069 865 2624 961 compositionem.

679 960 917 1044 Cogita
951 957 1162 1042 qualis
1197 957 1572 1040 compositio
1607 958 1697 1023 sit
1730 977 1927 1039 quam
1961 954 2149 1038 impii
2182 951 2295 1018 isti
2337 960 2405 1017 et
2426 951 2624 1015 Ant1-

679 1045 914 1114 christi
955 1043 1187 1110 vasalli
1221 1042 1563 1126 recipiunt.
1629 1041 2071 1108 Cornicantur
2108 1039 2326 1104 nescio
2360 1036 2518 1120 quid
2553 1035 2626 1100 in

682 1130 973 1199 articulis
1019 1129 1100 1195 de
1143 1140 1418 1210 utraque
1461 1128 1694 1209 specie,
1741 1127 1821 1193 de
1864 1124 2169 1209 coniugio
2211 1122 2624 1190 sacerdotum

681 1225 803 1284 etc.
892 1215 1052 1281 Vidi
1096 1225 1163 1280 et
1206 1212 1698 1280 Melanchthonis
1741 1212 2104 1280 consilium.
2193 1211 2380 1275 Deus
2440 1209 2624 1285 boue,

682 1323 879 1386 quam
922 1300 1237 1384 pavidum
1282 1309 1350 1365 et
1390 1299 1724 1365 luxatum!
1749 1302 1804 1381 ⁰)
1870 1296 1984 1365 Sic
2020 1304 2242 1363 autem
2284 1294 2470 1360 docet
2504 1312 2626 1358 nos

680 1389 885 1466 Deus,
925 1408 1134 1469 neque
1168 1385 1590 1470 principibus,
1629 1406 1841 1468 neque
1876 1383 2037 1451 viris
2073 1381 2297 1459 doctis,
2334 1380 2626 1464 adeoque

682 1473 848 1540 nulli
887 1472 1073 1539 carni
1115 1469 1468 1555 quidquam
1508 1469 1849 1536 confidere.
1915 1470 2177 1534 Bonum
2219 1474 2322 1532 est
2363 1484 2627 1549 sperare

680 1561 756 1625 in
794 1559 1172 1626 Dominum.
1261 1556 1462 1622 Hunc
1505 1556 1825 1622 orandum
1877 1556 2009 1621 scio
2051 1553 2510 1619 indesinenter
2555 1558 2628 1616 ut

683 1665 948 1713 causam
992 1663 1179 1709 suam
1222 1642 1560 1708 sustineat.

851 1730 1007 1795 Misi
1065 1749 1292 1810 nuper,
1357 1726 1514 1793 dum
1569 1727 1629 1792 le
1677 1734 1823 1792 atus
1879 1735 2103 1791 noster
2157 1726 2283 1789 iret
2332 1725 2404 1788 in
2465 1721 2628 1788 Gal-

680 1815 859 1892 liam,
929 1813 1141 1880 multa
1205 1811 1283 1877 de
1355 1815 1554 1880 rebus
1669 1813 2002 1878 ermaniae
2063 1831 2201 1876 una
2264 1830 2414 1876 cum
2480 1829 2629 1873 mea

681 1901 1120 1984 responsione.
1210 1899 1432 1964 Huius
1486 1899 1845 1964 meministi
1901 1898 1972 1963 in
2025 1897 2233 1963 literis
2278 1896 2429 1973 tuis,
2484 1894 2627 1958 illa-

681 2007 832 2053 rum
876 2006 1009 2051 non
1054 1984 1403 2050 neministi.
1470 1984 1681 2050 Miror
1724 2005 1811 2049 an
1853 1983 2192 2066 receperis.
2281 1981 2425 2045 Iam
2473 2001 2628 2047 vero

680 2093 813 2137 non
857 2072 981 2136 fuit
1022 2070 1229 2136 otium
1273 2078 1412 2136 tam
1452 2070 1708 2154 copiose
1751 2070 1974 2136 omnia
2016 2066 2361 2135 scribendi.
2450 2065 2626 2132 Gon-

679 2158 1089 2233 stantienses,
1120 2159 1200 2233 ¹⁰)
1226 2157 1505 2239 permoti
1529 2153 2104 2239 pollicitationibus
2127 2152 2363 2236 amplis
2397 2172 2626 2217 eorum

677 2243 790 2325 qui
833 2265 902 2309 se
948 2251 1318 2325 sequestres
1362 2241 1919 2324 interposuerunt,
1985 2239 2380 2324 legationem
2438 2239 2625 2303 mise·

677 2336 835 2393 runt
879 2328 1222 2393 honestam
1256 2326 1338 2392 ad
1384 2326 1735 2393 Gaesarem
1760 2329 2148 2411 Augustam,
2193 2324 2277 2390 D.
2303 2324 2627 2389 Thomam

679 2413 1073 2479 Blawrerum
1150 2413 1502 2491 consulem,
1567 2412 1652 2476 D.
1719 2413 1996 2478 Petrum
2064 2409 2481 2488 Laibardum,
2561 2416 2627 2473 et

676 2498 764 2576 D.
789 2498 1272 2582 Hieronymum
1307 2498 1681 2581 Hyrnsiam.
1750 2497 1845 2563 Hi
1865 2501 2206 2582 Augustae
2238 2495 2517 2561 haerent
2540 2497 2624 2571 ¹¹)

679 2582 894 2650 adhuc
954 2594 1020 2649 et
1083 2584 1514 2669 experiuntur
1567 2584 1762 2668 longe
1816 2583 1945 2649 alia
2000 2604 2198 2666 quam
2257 2590 2625 2664 sequestres

677 2671 1133 2753 promiserant.
1244 2670 1608 2753 Episcopus
1683 2669 2091 2735 Arelatensis
2170 2667 2272 2733 vel
2353 2664 2625 2731 Atreba-

680 2755 886 2822 tensis
913 2758 995 2833 ¹²)
1038 2756 1180 2839 agit
1221 2777 1370 2821 cum
1414 2755 1563 2821 illis.
1652 2755 1964 2821 Nondum
1998 2762 2357 2838 potuerunt
2401 2755 2626 2819 venire

637 2841 748 2905 ‚in
810 2852 1228 2924 conspectum
1286 2841 1602 2907 Caesaris.
1707 2840 2073 2924 Episcopus
2124 2859 2435 2923 magnam
2490 2837 2626 2904 vim

678 2927 998 3009 pecuniae
1044 2928 1125 2991 ab
1169 2926 1301 2991 illis
1345 2927 1571 3009 poscit.
1662 2926 1762 2993 Ur
1808 2934 1877 2992 et
1919 2926 2399 2992 restitutionem
2460 2945 2496 2989 e
2542 2924 2627 2988 is-

680 3013 825 3096 copi
867 3011 1388 3078 Constantiensis
1432 3020 1550 3079 etc.
1619 3011 1753 3094 Qui
1841 3011 2082 3078 facturi
2117 3011 2255 3076 sint
2280 3014 2364 3087 ι3)
2411 3030 2451 3075 a
2543 3030 2627 3076 uc

678 3098 1037 3183 ignoratur.
1136 3099 1282 3182 Ego
1348 3098 1538 3166 video
1602 3100 1823 3164 omnia
1887 3098 2015 3163 huc
2078 3105 2495 3182 prospectare
2560 3103 2629 3161 et

679 3183 1102 3267 propendere,
1145 3192 1221 3249 ut
1260 3185 1371 3268 qui
1411 3187 1648 3250 sinceri
1690 3185 1762 3249 in
1805 3184 2125 3269 religione
2164 3203 2309 3249 esse
2352 3184 2629 3264 cupiunt

679 3271 818 3353 igni
877 3277 942 3335 et
985 3270 1157 3334 ferro
1213 3271 1348 3335 sint
1402 3268 1740 3354 probandi.
1828 3271 1922 3336 At
1964 3270 2097 3336 scio
2140 3268 2406 3334 iuterim
2452 3270 2627 3334 veri-

682 3365 882 3421 tatem
948 3363 1016 3419 et
1072 3355 1382 3438 pietatem
1442 3378 1520 3422 su
1568 3364 1917 3424 oraturam.
2003 3355 2068 3420 N
2069 3377 2154 3421 on
2221 3353 2430 3420 deerit
2483 3353 2629 3419 suis

681 3440 1027 3507 Dominus.
1115 3441 1456 3508 Articulus
1558 3465 1593 3508 e
1638 3444 2081 3520 sacramentis,
2143 3442 2490 3526 praecipue
2547 3438 2629 3505 de

683 3526 1078 3592 eucharistia
1118 3527 1189 3592 in
1210 3526 1486 3593 Interim
1532 3537 1708 3594 totus
1743 3538 1844 3593 est
1887 3528 2259 3612 papisticus.
2347 3527 2521 3592 Puto
2558 3525 2626 3591 id

682 3631 816 3676 non
872 3613 1013 3679 sine
1068 3611 1483 3696 providentia
1545 3615 1809 3693 factum,
1878 3624 1959 3679 ut
2020 3614 2114 3680 sic
2172 3611 2437 3679 tandem
2482 3613 2630 3696 ipsa

683 3697 929 3763 veritas
972 3708 1454 3781 extorqueatur.
1532 3701 1856 3765 Dominus
1899 3700 2074 3766 adsit
2117 3698 2427 3764 ecclesiae
2471 3719 2629 3764 suae

686 3794 752 3847 et
795 3794 1015 3848 servet
1058 3805 1179 3849 nos
1205 3786 1289 3867 ¹⁴)
1333 3786 1402 3849 in
1447 3794 1671 3852 sancto
1714 3807 1832 3852 suo
1865 3786 2148 3851 nomine.
2195 3785 2383 3849 Vale.
2432 3783 2627 3850 Salu-

685 3869 856 3935 tabis
898 3868 1166 3934 domum
1212 3879 1279 3935 et
1332 3879 1730 3957 symmystas
1770 3883 1939 3938 tuos.
2028 3871 2260 3956 Tiguri
2318 3875 2418 3936 26.
2467 3869 2631 3936 Maii

688 3975 858 4019 anno
911 3955 1090 4020 1543.

1815 4043 2245 4127 Bullingerus
2289 4049 2460 4112 tuus.

886 4175 943 4242 9)
985 4176 1094 4231 Hic
1127 4179 1216 4231 vir
1251 4192 1488 4230 summas
1521 4177 1784 4232 imma-ito
1801 4184 2042 4233 notatur.
2091 4177 2225 4232 Duo
2260 4180 2485 4247 scripsit
2507 4194 2630 4233 oon·

682 4246 829 4311 eilia,
877 4252 1105 4314 royante
1142 4247 1415 4301 Mauritio
1463 4248 1681 4301 electore
1728 4247 1914 4316 (Oorp.
1955 4247 2078 4312 Res.
2118 4247 2214 4301 VI.
2261 4245 2365 4301 839
2400 4246 2538 4317 sqq.)
2577 4252 2629 4302 et

680 4314 917 4370 candide
951 4314 1192 4370 declarat
1227 4332 1282 4369 se
1325 4331 1483 4370 suam
1531 4317 1912 4371 conscientiam
1964 4317 2068 4373 tali
2109 4317 2249 4372 libro
2295 4318 2628 4384 obstringere

679 4383 763 4439 vel
805 4384 992 4452 potius
1025 4399 1085 4438 eo
1133 4392 1347 4452 accepto
1394 4401 1622 4440 onerare
1665 4402 1779 4439 non
1811 4400 1985 4455 posse,
2017 4388 2080 4440 in
2114 4402 2218 4456 quo
2237 4385 2626 4453 plausibilibus

680 4454 1007 4522 quibusdam
1081 4454 1208 4507 lara
1234 4454 1404 4521 plane
1437 4454 1799 4522 impossibilia
1832 4456 2176 4509 misceantur.

889 4520 981 4586 10)
1008 4469 1113 4644 ἐξ
1144 4520 1389 4577 Sleidan.
1426 4522 1516 4575 111.
1553 4521 1667 4576 133.
1751 4523 2006 4578 Vierordt
2071 4522 2259 4577 Genea.
2294 4522 2347 4576 d.
2389 4520 2518 4587 Res.
2563 4523 2627 4575 in

682 4589 895 4644 naam.
932 4590 972 4643 1.
1115 4631 1128 4644 .
1187 4591 1359 4652 Mem,
1384 4589 1572 4646 aesca.
1608 4593 1660 4644 α.
1699 4591 1852 4647 Prot.
1887 4593 1950 4646 in
1986 4564 2293 4656 Kanum,
2315 4591 2393 4645 ,επ
2413 4590 2626 4646 setam·-

679 4658 801 4713 bers
833 4658 960 4713 hist.
1007 4659 1297 4715 Tascbenb.
1337 4657 1466 4712 1841
1505 4666 1599 4714 etc.

893 4728 981 4789 11)
1019 4728 1071 4782 d.
1111 4728 1193 4780 19.
1230 4728 1398 4795 April
1429 4729 1766 4796 appulerant.

893 4794 978 4858 12)
1035 4797 1426 4862 Atrebatensis,
1483 4814 1596 4851 non
1650 4796 2005 4866 Arelatensis,
2069 4795 2366 4852 Granvella
2424 4797 2629 4852 iunior.

688 4863 1125 4919 Constantiemes
1167 4866 1384 4931 frustra
1428 4865 1498 4920 ab
1545 4865 1809 4921 Helvetiis
1861 4868 2134 4921 auxilium
2185 4872 2628 4936 exspectaverant

683 4949 846 5004 quum
917 4932 1247 5000 Turianam,
1303 4934 1401 5004 qui
1442 4935 1581 4988 satis
1634 4936 1696 4988 in
1748 4934 1812 4990 id
1855 4935 2197 4990 inclinabant
2242 4935 2626 4991 catholicorum

678 5017 755 5069 pa
793 5018 948 5055 orum
981 5008 1120 5056 metu
1149 5002 1300 5069 ferre
1333 5019 1446 5057 non
1479 5003 1756 5058 auderent.
1814 5002 2024 5058 Caesar
2040 5005 2225 5060 urben·
2259 5020 2392 5060 snae
2428 5004 2630 5060 ditioni

681 5086 710 5123 s
785 5071 990 5126 mittere
1020 5071 1295 5140 qestiebat.

890 5138 981 5206 13)
1016 5141 1154 5205 Quid
1187 5141 1427 5196 futurum
1464 5141 1538 5194 sit
1575 5140 1643 5194 F.

895 5207 982 5274 19)
1017 5226 1115 5261 vos
1152 5208 1221 5262 F.

2173 415 2705 489 EPISTOLAE
2757 421 3173 484 1025—1027
4032 391 4037 397 '
4220 416 4227 422 ’
4531 418 4641 480 ‘tos

3610 602 3801 675 ιω.

3182 741 3537 847 οᾼΙΝΙΝ
3585 745 3646 809 A
3689 743 3816 809 ns
3858 740 4222 807 mnus.

2901 916 3016 982 Aa
3049 917 3210 999 sajet
3241 917 3425 983 d'nne
3458 914 3687 997 affaire
3721 915 4003 998 d'aryent
4045 932 4189 978 avec
4229 933 4355 978 une
4366 931 4656 995 personne

2730 1003 2805 1068 de
2852 1002 3047 1086 Lyon.

2730 1174 2907 1245 (otig.
2947 1172 3593 1295 “qupshe‘stmffldilg
3639 1170 3890 1294 effingi)
3943 1169 4241 1296 1731992461
4264 1171 4302 1305 ξ.
4346 1168 4432 1224 81.
4468 1199 4527 1210 -
4560 1156 4655 1224 sd.

3236 1259 3290 1294 m
3345 1282 3357 1294 .
3394 1258 3445 1310 p.
3589 1281 3602 1294 .
3762 1281 3773 1294 .
3891 1258 3966 1294 nn
4092 1281 4103 1292 .
4249 1280 4260 1293 .

2926 1418 2987 1479 A
3031 1414 3506 1497 Monseigneur
3548 1414 3890 1478 Mousieur
3934 1409 4014 1476 de
4058 1411 4279 1477 Falez.

2902 1552 3393 1635 Monseigneur,
3452 1550 3514 1615 ie
3571 1570 3737 1616 vous
3791 1571 3877 1634 ay
3921 1549 4153 1615 envoie
4208 1570 4284 1616 ee
4327 1559 4586 1634 porteur
4624 1572 4662 1616 a

2731 1658 2928 1704 cause
2984 1658 3114 1722 que
3156 1637 3219 1702 ie
3262 1656 3494 1702 receuz
3540 1636 3685 1702 hier
3728 1635 3961 1702 lettres
4005 1634 4086 1701 de
4126 1635 4323 1715 Lion,
4366 1636 4478 1720 qui
4517 1657 4661 1702 eon-

2731 1725 3036 1790 tiennent
3056 1723 3122 1787 la
3142 1721 3434 1789 clausule
3476 1721 3584 1806 icy
3628 1722 3942 1788 couchee:
3987 1720 4101 1799 „Si
4138 1721 4200 1788 le
4242 1723 4661 1807 personnaigs

2732 1811 2915 1876 avoit
2954 1809 3264 1875 devotion
3307 1807 3388 1874 de
3430 1807 3628 1873 beson
3725 1828 3799 1873 er
3842 1827 4004 1873 avec
4038 1827 4210 1892 moy,
4257 1813 4466 1875 certes
4506 1807 4554 1872 il
4586 1830 4662 1873 en

2732 1897 2930 1962 seroit
2974 1904 3204 1978 temps.
3294 1892 3429 1959 Oar
3470 1895 3577 1977 iay
3623 1829 3842 1960 ‹ffiers
3884 1894 4134 1959 moiens
4175 1893 4549 1981 demployer
4576 1894 4663 1959 les

2731 1981 2993 2047 deniers
3039 2002 3080 2047 a
3122 1981 3355 2064 profiet
3395 1978 3688 2058 honeste,
3748 1978 3908 2045 dont
3956 1979 4227 2063 iespere‚
4272 1988 4663 2065 moyennant

2730 2068 2796 2133 la
2873 2066 3285 2134 benediction
3352 2065 3441 2131 du
3507 2064 3853 2150 Seigneur,
3934 2086 4059 2149 que
4123 2064 4415 2132 chascun
4478 2066 4661 2132 seroit

2730 2164 3015 2220 content.
3120 2151 3240 2218 Ien
3297 2159 3518 2217 attens
3574 2173 3614 2217 a
3668 2159 3847 2217 toute
3900 2151 4104 2217 heure
4163 2172 4490 2236 response.
4581 2151 4663 2216 Et

2731 2256 2897 2305 vous
2953 2260 3114 2324 prye
3169 2259 3294 2321 que
3338 2258 3410 2303 ce
3465 2237 3595 2302 soit
3650 2258 3735 2303 en
3780 2238 3960 2303 brief.
4051 2236 4184 2302 Oar
4230 2260 4392 2303 vous
4444 2257 4661 2304 scavos

2729 2324 2869 2408 quil
2946 2323 3217 2391 advient
3284 2345 3367 2391 en
3427 2345 3559 2389 une
3618 2323 3821 2389 heure
3876 2344 3949 2388 ee
4022 2324 4137 2407 qui
4201 2345 4286 2389 ne
4365 2324 4523 2388 faict
4581 2345 4655 2389 en

2729 2420 2899 2478 cent.
2988 2410 3080 2475 Et
3130 2411 3192 2474 ie
3250 2431 3375 2495 voy
3432 2409 3758 2491 plusieurs
3816 2408 4136 2475 fenestres
4192 2420 4500 2475 ouvertes
4554 2409 4657 2492 qui
4756 2398 4793 2419 ‘¹

2730 2517 2836 2562 me
2883 2504 3033 2562 sont
3088 2518 3127 2560 a
3173 2516 3426 2578 propos.
3517 2495 3688 2560 Mais
3743 2494 3811 2560 la
3863 2494 4247 2578 principalis
4288 2496 4495 2562 seroit
4544 2515 4657 2578 que

2728 2583 2790 2647 ie
2846 2602 3083 2665 peusse
3126 2581 3312 2646 voler
3354 2602 3448 2646 un
3508 2582 3634 2647 bon
3690 2602 3858 2665 coup
3912 2603 3999 2647 au
4054 2581 4184 2645 lieu
4239 2602 4325 2646 ou
4351 2630 4365 2644 .
4389 2630 4405 2646 .
4431 2632 4446 2646 .
4503 2592 4652 2647 etc-¹·

2728 2667 2825 2734 Oe
2869 2679 3017 2733 nest
3037 2667 3225 2750 point
3243 2688 3363 2749 par
3381 2665 3696 2733 deffiance
3718 2688 3844 2749 que
3878 2668 3941 2731 ie
3975 2687 4060 2755 ne
4103 2687 4271 2732 vous
4312 2687 4398 2751 ay
4434 2666 4657 2732 mande

2730 2753 3053 2838 loriginal,
3120 2753 3285 2817 mais
3348 2774 3514 2836 pour
3578 2753 3797 2819 raison
3862 2753 3975 2835 qui
4040 2773 4208 2818 vous
4270 2762 4657 2829 eontentera,

2730 2848 2935 2923 quant
2990 2838 3038 2903 il
3097 2838 3306 2922 plaira
3362 2860 3403 2903 a
3465 2836 3639 2903 Dieu
3696 2859 3864 2904 vous
3923 2859 4192 2904 amener
4248 2840 4483 2922 iusque
4545 2839 4655 2921 icy.

2729 2926 2803 2991 Ie
2847 2946 2958 2992 sca
3048 2924 3185 3008 quil
3227 2947 3272 3010 y
3316 2947 3356 2991 a
3394 2925 3542 2991 bien
3587 2945 3627 2989 a
3667 2924 3950 3007 prendre
3987 2924 4231 2989 conseil
4273 2946 4357 2990 en
4399 2925 4660 2990 matiere

2731 3011 2812 3077 de
2868 3020 2895 3076 t
2986 3031 3022 3076 e
3088 3009 3506 3095 importance.
3605 3009 3780 3076 Mais
3846 3032 4010 3076 vous
4066 3032 4297 3077 scavez
4364 3010 4445 3076 de
4501 3030 4660 3094 quoy

2732 3120 2894 3164 vous
2938 3097 3189 3163 maviez
3232 3098 3468 3181 requis.
3536 3096 3699 3163 Oest
3734 3097 3871 3181 quil
3905 3119 3976 3163 se
4020 3099 4131 3164 fist
4164 3097 4445 3181 quelque
4478 3096 4660 3164 chose

2730 3205 2897 3268 pour
2932 3193 3107 3251 ceste
3150 3184 3330 3249 foire.
3421 3182 3557 3265 Qui
3615 3203 3724 3248 ma
3766 3183 3925 3250 faict
3967 3183 4219 3258 solicite
4275 3182 4430 3267 plus
4472 3182 4656 3248 hasti·

2732 3279 3014 3337 vement.
3103 3269 3165 3334 Il
3211 3290 3371 3335 vous
3412 3271 3717 3335 souvient
3760 3269 3839 3335 de
3896 3270 4083 3336 loffre
4127 3269 4263 3353 quil
4305 3290 4471 3335 vous
4522 3268 4659 3334 faict

2775 3378 2853 3422 ar
2893 3355 2989 3421 les
3031 3355 3275 3421 aultres
3317 3355 3562 3421 lettres.
3652 3355 3751 3421 De
3792 3355 4098 3435 lhomme,
4141 3356 4204 3422 ie
4250 3377 4412 3422 vous
4455 3377 4538 3421 en
4584 3373 4655 3436 ay

2780 3444 2868 3509 'ct
2922 3463 2996 3508 ce
3039 3463 3166 3525 que
3223 3442 3334 3507 ien
3375 3463 3450 3508 co
3591 3443 3705 3508 ois.
3794 3441 3952 3509 Oest
4011 3441 4150 3526 quil
4209 3453 4310 3508 est
4353 3441 4530 3507 dune
4566 3441 4655 3504 in·

2733 3527 2979 3594 dustrie
3058 3527 3309 3612 grande
3367 3536 3434 3593 et
3543 3550 3580 3594 e
3642 3526 4070 3612 preudhomie
4133 3548 4217 3592 en
4271 3527 4552 3611 laquelle
4604 3525 4657 3588 ie

2733 3633 3072 3699 moseroye
3127 3613 3277 3679 bien
3332 3615 3451 3679 fier
3495 3615 3726 3697 iusque
3782 3637 3865 3681 au
3909 3614 4088 3679 bout.
4177 3613 4251 3679 Ie
4295 3634 4461 3680 vous
4513 3630 4654 3697 prye

2735 3700 2961 3784 doncq,
3015 3701 3503 3785 Monseigneur,
3562 3700 3641 3766 de
3684 3721 3791 3765 me
3835 3699 4091 3766 vouloir
4133 3698 4411 3765 mander
4456 3708 4655 3764 vostre

2734 3786 3079 3865 intention,
3136 3787 3293 3852 affin
3351 3807 3479 3869 que
3534 3787 3684 3872 iaye
3726 3809 3767 3852 a
3820 3787 3938 3872 luy
3981 3786 4144 3852 faire
4188 3806 4500 3868 response
4548 3803 4655 3866 par

2735 3872 2996 3939 Nicolas
3062 3873 3267 3938 Picot.
3372 3871 3505 3953 Qui
3570 3894 3716 3938 sera
3780 3872 4102 3938 lendroict
4164 3892 4250 3937 ou
4301 3873 4364 3936 ie
4413 3871 4655 3957 prieray

2733 3967 2959 4026 nostre
3003 3958 3332 4043 Seigneur
3388 3956 3468 4024 de
3524 3980 3690 4026 vous
3733 3959 3919 4025 avoir
3975 3979 4059 4024 en
4103 3980 4177 4024 sa
4234 3957 4456 4042 garde,
4511 3974 4654 4022 vous

2735 4066 3023 4130 envoyer
3065 4066 3138 4111 ce
3182 4044 3318 4128 quil
3361 4046 3669 4130 congnoit
3713 4066 3874 4110 vous
3917 4054 4092 4110 estre
4134 4043 4490 4126 expedient
4528 4049 4588 4107 et
4623 4059 4655 4102 a

2734 4130 3245 4209 Madamoiselle,
3309 4150 3416 4195 me
3472 4130 4011 4197 recommandant
4075 4150 4115 4193 a
4180 4139 4398 4195 vostre
4460 4130 4653 4195 bonne

2734 4238 2928 4301 grace
2973 4216 3054 4282 de
3098 4226 3247 4281 tous
3292 4216 3484 4284 deux.
3575 4216 3669 4283 Oe
3712 4215 4075 4302 mercredy.
4104 4217 4150 4298 ¹)

2903 4355 3144 4420 Vostre
3191 4354 3459 4420 humble
3502 4355 3675 4419 frere
3718 4362 3820 4419 est
3864 4354 4209 4430 serviteur,

3997 4488 4207 4555 Iehan
4250 4486 4507 4554 Calvin.

2729 4748 2912 4804 1026.
2951 4748 3008 4817 1)
3043 4750 3135 4804 La
3181 4749 3332 4802 lettre
3362 4748 3501 4803 n’est
3540 4762 3647 4815 pas
3681 4744 3852 4815 date'e,
3885 4753 3937 4801 et
3969 4752 4086 4802 tout
4119 4761 4179 4802 oe
4207 4745 4373 4828 qa’on
4552 4739 4651 4795 dire

2728 4817 2855 4874 c‘est
3090 4819 3206 4873 doit
3239 4818 3397 4872 avoir
3430 4814 3509 4872 ἑτέ
3541 4814 3704 4873 e‘crite
3734 4832 3843 4886 peu
3877 4820 4047 4872 avant
4077 4817 4125 4871 le
4158 4814 4357 4883 depart
4491 4809 4564 4865 M.
4596 4806 4649 4861 de

2730 4887 3142 5022 ἔοῗζὲἱᾱέοαν
3195 4885 3419 4942 Geneve.
3517 4886 3609 4939 Aa
3660 4886 3762 4940 clos
3813 4886 3856 4939 il
3905 4903 3945 4956 y
3996 4901 4033 4939 a
4086 4885 4377 4940 molestent
4426 4896 4483 4937 ce
4533 4881 4646 4933 not.-
