4825 6175
201 450 311 514 633

201 636 360 723 quod
398 662 435 702 a
478 659 583 703 mc
629 650 888 722 gestum
946 641 1149 703 erat.⁴
1275 635 1423 703 Hoc
1479 635 1742 720 quidem
1786 633 2133 719 privilegio

201 744 297 790 me
337 723 651 789 hactenus
708 732 777 787 et
830 723 1110 806 collegas
1222 744 1338 788 eus
1381 722 1618 800 munit,
1664 729 1741 787 ut
1790 722 2132 786 minimam

202 810 539 876 laesionem
619 811 828 874 nostri
895 828 1023 873 non
1093 809 1287 875 aliter
1349 829 1421 874 se
1484 807 1793 873 detestari
1857 809 2131 890 fingant,

201 896 385 962 etiam
448 895 558 978 qui
624 903 785 961 sunt
847 894 1362 973 sceleratissimi,
1430 915 1625 977 quam
1690 892 2132 976 parricidium.

131 1000 141 1012 ‘
201 983 293 1048 Eo
334 989 554 1046 tamen
599 983 896 1065 prorupit
937 979 1345 1064 improbitas,
1410 988 1488 1044 ut
1528 979 1801 1045 retineri
1844 978 2136 1062 qualem-

200 1087 441 1150 cunque
471 1067 795 1133 <ecclesiae
834 1074 1081 1131 statum
1118 1066 1364 1132 diutius
1398 1086 1606 1149 posse,
1650 1087 1796 1130 meo
1839 1083 2137 1148 praeser-

199 1156 310 1218 tim
365 1153 761 1232 ministeriO,
824 1154 936 1217 vix
992 1173 1267 1236 sperem.
1369 1153 1648 1218 Fractus
1704 1172 1850 1217 sum
1872 1202 1886 1227 ‚
1945 1149 2138 1215 crede

198 1239 370 1316 mihi,
413 1239 539 1304 nisi
583 1259 852 1304 manum
890 1240 1076 1304 Deus
1118 1238 1434 1323 porrigat.
1525 1240 1628 1303 De
1673 1237 1812 1302 filia
1825 1240 1882 1314 ὅ)
1927 1236 2137 1301 nostri

200 1325 390 1390 vicini
432 1324 601 1389 nihil
646 1325 809 1392 certi
850 1324 1059 1390 habeo
1102 1325 1273 1407 quod
1318 1324 1744 1409 respondeam
1765 1374 1779 1401 ,
1840 1325 1990 1405 quia
2036 1342 2138 1385 se·

199 1409 320 1475 mel
362 1419 696 1492 expertus,
741 1417 994 1494 patrem
1050 1412 1121 1475 in
1179 1409 1304 1476 hac
1360 1431 1433 1475 re
1485 1431 1628 1475 esse
1669 1406 1861 1473 valde
1906 1408 2136 1473 diffici-

200 1497 337 1574 lem,
381 1495 634 1560 nullam
680 1516 863 1579 spem
906 1498 1119 1562 facere
1155 1495 1380 1561 aude0.
1446 1495 1628 1561 Nihil
1665 1505 1888 1560 tamen
1928 1494 2139 1577 magis

200 1581 555 1664 expediret,
614 1603 759 1647 meo
799 1582 1068 1662 iudicio,
1129 1604 1326 1667 quam
1372 1584 1588 1666 ipsum
1634 1582 1964 1646 hominem
2010 1581 2140 1644 huo

198 1668 434 1734 venire.
546 1668 748 1733 Pater
827 1669 1006 1733 enim
1082 1669 1149 1733 id
1227 1669 1436 1751 primo
1514 1670 1714 1734 verbo
1796 1663 2137 1751 flagitabit.

198 1752 601 1836 Quanquam,
660 1755 716 1820 si
760 1755 859 1820 ita
900 1755 1113 1832 iubes,
1173 1775 1250 1820 eo
1309 1774 1564 1838 quoque
1606 1752 1876 1818 absente
1920 1752 2141 1816 omnia

192 1840 599 1905 tentabimus.
690 1839 998 1906 Fratrem
1048 1839 1362 1906 Plessiaci
1420 1839 1709 1905 nondum
1771 1838 2141 1920 alloquutus

197 1946 351 1991 sum.
440 1926 545 1991 De
589 1947 810 1991 eorum
858 1927 1191 1991 simultate
1228 1926 1392 1991 alias
1429 1926 1634 2008 plura.
1706 1924 1892 2003 Vale,
1939 1926 2142 1988 frater

197 2019 260 2075 et
299 2012 506 2078 amice
548 2013 988 2095 integerrime.
1056 2011 1293 2078 Saluta
1335 2021 1767 2098 symmystam
1812 2017 1878 2074 et
1915 2029 2141 2074 omnes

195 2097 439 2164 fiatres.
530 2098 677 2181 Ego
705 2106 773 2162 et
800 2119 970 2163 uxor
1009 2119 1156 2163 mea
1198 2098 1552 2181 plurimam
1594 2095 1872 2161 salutem
1916 2107 2068 2160 tuae
2084 2093 2141 2180 ⁶)

198 2191 511 2265 optamus.
622 2183 950 2249 Dominus
996 2184 1181 2249 vobis
1239 2183 1410 2250 adsit
1470 2191 1804 2267 perpetuo.
1902 2185 2138 2246 Amen.

205 2274 293 2334 17.
336 2267 645 2335 Decemb.
703 2274 878 2333 1547.
904 2274 955 2348 ⁷)

394 2489 463 2555 4)
502 2493 586 2545 De
632 2492 733 2546 hoc
790 2493 1024 2546 tumultu
1081 2492 1236 2560 apud
1288 2494 1581 2560 scriptores
1636 2507 1819 2546 rerum
1867 2488 2142 2544 Geneven-

201 2563 335 2614 sium
380 2569 432 2615 et
471 2562 689 2615 Caluini
732 2563 892 2615 varia
938 2577 1005 2615 etc
1045 2568 1208 2629 parte
1254 2579 1483 2616 erronea
1518 2562 1783 2630 lequntur.
1872 2559 2146 2613 Gaberelli

199 2629 386 2684 relatio
422 2630 607 2683 minas
640 2630 914 2684 luculenta
949 2646 1119 2700 neque
1141 2631 1397 2700 epistolae
1431 2631 1561 2685 huic
1593 2630 1809 2685 omnino
1827 2643 2142 2698 conyruene.

202 2698 581 2768 Bemyenerias
624 2716 676 2767 p.
724 2697 829 2752 320
857 2706 1038 2766 tontes
1102 2716 1171 2752 ne
1214 2703 1454 2769 inspexit
1498 2699 1731 2770 quidem.
1818 2698 2014 2767 Hem-y
2054 2695 2141 2750 11.

199 2765 314 2834 434,
331 2767 613 2836 epistolam
637 2768 785 2832 falso
805 2769 881 2821 ad
903 2785 970 2820 m.
995 2767 1346 2837 Septembrem
1371 2768 1538 2834 refert
1561 2773 1613 2823 et
1631 2773 1920 2835 praeterea
1934 2780 2142 2819 surnma

199 2842 403 2891 tantum
441 2838 687 2907 sequitur
720 2838 952 2906 faetiyia
1000 2853 1196 2903 reram,
1249 2841 1334 2892 ita
1377 2845 1441 2892 ut
1473 2852 1657 2891 verum
1691 2851 1875 2891 rerum
1910 2842 2144 2888 tenorem

194 2905 352 2960 lector
386 2906 613 2975 assequi
644 2913 886 2987 nequeat.
962 2904 1225 2973 Galit'fius
1258 2909 1390 2975 ipse,
1429 2921 1582 2976 quem
1617 2907 1749 2960 haec
1794 2904 2022 2973 epistola
2053 2904 2142 2968 fu-

191 2975 329 3042 9isse
351 2975 585 3042 videtur,
623 2974 689 3028 de
710 2989 832 3042 apso
855 2976 1105 3041 tumultu,
1142 2992 1220 3029 an
1243 2992 1437 3031 revera
1461 2972 1712 3041 extiterit,
1747 2974 1980 3039 dubitat,
2012 2974 2144 3042 quia

195 3058 377 3112 nempe
397 3042 636 3098 Senatus
669 3045 1041 3099 commentarii
1069 3043 1136 3099 de
1158 3060 1219 3100 eo
1255 3049 1447 3112 tacent,
1484 3045 1566 3100 vel
1594 3045 1780 3114 potius
1809 3044 2007 3112 paucis
2031 3058 2142 3096 rem

196 3112 675 3181 comprehendunt.-
741 3114 817 3166 Le
913 3130 1003 3166 ros
1055 3115 1288 3168 tumulto
1341 3117 1436 3184 qui
1483 3114 1611 3167 s'est
1664 3114 1848 3167 dresse
1900 3113 2036 3166 dans
2088 3112 2145 3166 la

194 3182 390 3247 grande
427 3182 562 3236 salle
609 3198 715 3252 que
762 3183 841 3236 les
917 3182 1171 3252 indiques
1219 3189 1317 3237 out
1361 3193 1475 3237 este
1524 3183 1854 3237 contruinctz
1891 3182 1961 3251 dy
2008 3181 2143 3233 aller

196 3259 249 3305 et
263 3252 335 3304 M.
364 3250 556 3305 Calviu
591 3265 717 3304 auss
786 3268 925 3320 pour
958 3259 1160 3305 mettre
1197 3253 1404 3306 laffaire
1439 3269 1508 3305 en
1543 3253 1672 3322 paix
1695 3257 1752 3305 et
1826 3267 1893 3304 ue
1931 3252 2009 3304 les
2044 3266 2143 3305 srs.

229 3321 475 3374 redicens
511 3332 610 3373 ont
654 3320 786 3374 faiot
820 3320 888 3373 de
935 3321 1105 3374 belles
1153 3322 1516 3376 admonitione
1554 3323 1615 3388 (l.
1653 3322 1685 3374 l.
1713 3338 1773 3389 p.
1805 3354 1818 3372 .
1844 3318 1925 3383 5).
1988 3319 2144 3373 Idem

243 3395 415 3444 etrum
451 3388 709 3444 Bonnam
745 3396 900 3443 notat
933 3389 1382 3445 tumultuantium
1417 3392 1856 3459 antesignanum,
1894 3396 1943 3444 et
1977 3403 2146 3441 unum

198 3457 546 3581 warum
599 3457 939 3512 Hadriotum
1002 3459 1079 3512 du
1133 3459 1365 3514 Molard
1426 3477 1463 3514 a
1519 3459 1679 3513 Gallo
1730 3458 1964 3528 quodam
2018 3456 2145 3512 Nic.

418 3525 643 3580 Caluini
671 3527 861 3581 cliente
895 3528 1119 3596 colapho
1153 3531 1396 3598 graviter
1431 3532 1635 3582 laesum
1668 3533 1886 3583 narrat.
1943 3526 2149 3580 Εωείαι

198 3603 480 3663 praeterea
514 3596 630 3650 alia
662 3596 929 3666 quaedam
963 3599 1220 3652 narratio
1251 3600 1314 3652 in
1350 3598 1605 3654 Archivie
1630 3604 1916 3678 pastorum
1952 3592 2148 3665 (Vene-

199 3666 344 3719 rable
384 3664 739 3733 Gompaym'e)
775 3666 844 3718 A.
876 3681 936 3734 p.
973 3664 1041 3719 36
1076 3682 1238 3736 quam
1272 3667 1452 3723 adhuc
1485 3667 1748 3721 tnedttam
1782 3667 1834 3721 b.
1871 3667 1904 3720 l.
1941 3665 2151 3719 adscri-

203 3734 319 3788 bere
352 3734 479 3789 lubet
499 3756 514 3784 .·
549 3734 624 3788 Oe
659 3735 743 3788 dit
768 3736 896 3803 jour
917 3734 1039 3800 (16)
1063 3752 1198 3789 nous
1221 3738 1474 3790 sortimes
1499 3737 1568 3790 de
1604 3735 1991 3806 congregation
2065 3735 2150 3787 188

202 3808 312 3856 tost
347 3819 457 3872 que
492 3803 561 3857 de
605 3812 899 3858 coustume.
983 3806 1136 3870 Quod
1180 3822 1290 3858 non
1338 3805 1455 3860 sine
1500 3822 1695 3875 magno
1741 3805 1845 3858 Dei
1891 3806 2028 3858 bene
2068 3803 2151 3856 cio

202 3872 400 3926 factum
440 3879 538 3926 est.
608 3872 750 3926 Nam
786 3891 952 3943 quum
997 3874 1067 3927 ad
1113 3874 1332 3928 domum
1378 3874 1648 3943 publicam
1684 3874 2022 3942 accessimus,
2058 3872 2153 3924 ubi

201 3942 305 3996 iam
340 3942 576 3995 Dueenti
610 3943 890 4011 aggregati
927 3949 1099 4006 erant,
1149 3945 1332 3997 variae
1366 3945 1480 3997 illio
1514 3944 1889 3997 contentiones
1927 3949 2150 3995 exortae

201 4019 256 4064 et
289 4013 368 4064 sio
403 4011 722 4063 inflammati
759 4021 916 4064 erant
960 4013 1198 4064 omnium
1233 4013 1397 4064 animi
1436 4019 1498 4065 ut
1532 4029 1640 4067 non
1679 4013 1862 4081 procul
1899 4014 2153 4064 abessent

200 4079 568 4160 888811808οζ
590 4087 647 4160 et
681 4086 829 4132 certe
866 4081 1433 4162 atrocissimabaedes
1470 4088 1616 4135 esset
1654 4085 1886 4161 sequuta
1920 4081 2024 4133 nisi
2043 4079 2151 4131 Do·

199 4148 1239 4286 fflffiassissiiffiissssflofflff‘ssnffiss
1278 4167 1524 4272 ¹312th
1526 4154 2152 4287 ‘’vsstss‘ssffittt‘ttss:

206 4286 482 4340 buleutam
520 4284 684 4338 irruit
729 4302 890 4354 quem
925 4288 1145 4356 sequuti
1188 4294 1245 4340 et
1281 4289 1390 4341 alii.
1461 4288 1614 4342 Adeo
1660 4288 1915 4342 commoti
1950 4293 2007 4340 et
2041 4286 2155 4356 pal·

203 4355 298 4408 lidi
336 4365 496 4408 erant
530 4355 644 4408 fere
677 4354 757 4406 illi
793 4371 980 4408 omnes
1014 4366 1077 4408 ut
1108 4357 1310 4410 nullam
1344 4364 1550 4410 certam
1586 4373 1773 4411 vocem
1810 4359 1879 4410 ab
1913 4358 2024 4410 ullo
2062 4373 2153 4408 au-

206 4424 322 4478 dire
356 4424 639 4494 potuisses.
692 4424 963 4477 Paulatim
996 4425 1217 4477 tandem
1250 4425 1439 4478 sedata
1471 4433 1598 4479 sunt
1632 4427 1814 4479 omnia
1849 4431 1905 4479 et
1923 4424 2153 4480 Dueenti

207 4494 486 4563 aggregati
533 4502 674 4545 sunt.
751 4492 843 4545 Ad
889 4510 982 4546 eos
1025 4494 1259 4561 ingressi
1312 4495 1507 4548 iisdem
1550 4496 2022 4549 exhortationibus
2069 4495 2153 4547 usi

208 4577 389 4615 sumus
427 4564 620 4630 quibus
658 4567 821 4615 autea
853 4561 1101 4628 (Idibus)
1153 4579 1335 4616 coram
1369 4571 1578 4632 senatu,
1623 4572 1682 4617 et
1714 4564 1816 4617 hac
1850 4566 1970 4633 ipsa
2003 4580 2153 4618 8008-

210 4631 358 4684 sione
394 4629 677 4684 seditionis
712 4630 885 4682 multo
923 4630 1293 4684 vehementius
1329 4635 1510 4686 omnia
1543 4640 1778 4686 tractata
1813 4641 1941 4685 sunt
1975 4651 2007 4684 a
2035 4632 2152 4687 Cal-

210 4701 349 4753 vino.
424 4700 578 4753 Haec
613 4697 816 4753 Nostri
851 4700 1032 4752 stilum
1069 4702 1289 4754 minime
1333 4703 1591 4771 redolent,
1637 4702 1733 4755 sed
1778 4702 2008 4771 colleyae
2044 4704 2153 4755 cui-

212 4769 337 4822 dam
373 4770 663 4824 tribuenda
697 4774 839 4823 sunt.
918 4766 1001 4833 Cf.
1038 4770 1199 4822 etiam
1241 4768 1476 4838 Grenas,
1506 4770 1825 4837 fragments.

414 4835 474 4966 ἓξ
517 4837 863 4960 [fg-afflue
897 4838 974 4891 ad
1006 4838 1198 4892 verba:
1232 4839 1366 4892 alias
1401 4840 1560 4908 plura
1594 4839 1793 4893 abeunt
1829 4839 1897 4893 ab
1931 4839 2051 4891 edd.

511 4917 554 4959 tl
594 4923 614 4958 1
754 4947 766 4958 .

419 4973 477 5038 7)
521 4974 739 5029 codeces
774 4973 855 5028 17.
895 4975 1209 5030 Decembris
1256 4976 1530 5039 caraem,
1579 4977 1644 5029 ae
1679 4959 1785 5045 quo'
1820 4976 1909 5029 die
1941 4978 2181 5030 minime·

216 5043 595 5098 dubitandam.
651 5043 844 5096 Editio
868 5045 1084 5112 anyb‘ca
1118 5061 1231 5098 non
1267 5043 1437 5110 (mero
1474 5046 1609 5099 vitio
1643 5045 2057 5114 typographico)
2093 5042 2163 5097 14

208 5113 444 5180 praebet.
529 5113 718 5166 Veram
755 5112 1017 5166 editiones
1051 5116 1255 5166 latinae
1290 5131 1473 5168 omnes
1510 5113 1589 5167 17.
1623 5113 1947 5182 Septembris
1983 5115 2162 5167 nescio

214 5197 507 5303 &officim
558 5181 638 5234 vel
684 5197 866 5234 errore
922 5181 1268 5247 adscribunt,
1319 5200 1458 5251 quas
1509 5191 1768 5252 sequutus
1813 5189 1889 5236 est
1945 5182 2167 5236 Ruchat

1887 448 2046 527 1⁵4⁷
2093 438 2500 510 Dleomffl.

4063 441 4192 507 634

3131 627 3286 700 978.

2723 765 3215 833 FARELLUS
3264 764 3693 838 GALVINO.

2414 939 2655 1004 Iterum
2722 938 3258 1004 concionabundus
3325 959 3466 1003 eum
3529 940 3665 1003 adit
3726 946 3784 1004 et
3845 939 3952 1003 hoc
4004 945 4191 1020 pacto

2238 1024 2589 1090 consolatur
2630 1029 2700 1089 ut
2748 1025 2961 1105 potius
3021 1030 3235 1090 contra
3289 1025 3689 1090 adversarios
3742 1027 3948 1109 mayis
4002 1027 4194 1092 etiam

2240 1109 2608 1176 exacerbare
2647 1109 2918 1175 voluisse
2961 1109 3217 1174 dixeris,
3290 1109 3621 1176 Laudibus
3655 1111 3888 1177 extollit
3923 1112 4194 1177 libellum

2240 1201 2452 1261 contra
2501 1196 2919 1263 Tridentino&

2244 1367 2352 1435 (Ex
2401 1368 2741 1436 autographo
2779 1367 2918 1421 Bibl.
2965 1372 3246 1435 pastorum
3280 1367 3746 1421 Neocomensium.
3817 1368 3958 1438 Epp.
3996 1369 4193 1424 Fau-eui

2925 1435 3102 1489 fascio.
3141 1435 3243 1489 111.
3280 1436 3349 1488 N.
3388 1435 3498 1501 28.)

2413 1587 2681 1653 Eximio
2725 1590 2995 1654 Domini
3040 1588 3191 1655 Iesu
3234 1588 3483 1657 Christi
3527 1610 3718 1657 servo
3762 1590 3996 1657 Ioanni
4041 1591 4195 1657 Cal-

2244 1674 2401 1738 vino
2445 1676 2691 1757 pastori
2734 1675 3043 1742 ecclesiae
3088 1675 3504 1743 Genevonsis
3559 1697 3819 1742 summa
3876 1688 4015 1742 tum
4060 1677 4193 1760 pie-

2244 1768 2381 1823 tate
2425 1770 2566 1824 tum
2603 1760 2981 1860 ’eruditione
3017 1762 3434 1827 ornatissimo
3468 1762 3658 1828 fratri
3692 1777 3758 1828 et
3793 1772 4195 1848 symmystae

2245 1867 2440 1929 quam
2487 1866 2819 1913 carissimo

3554 1934 3887 2001 Genevae.

2418 2067 2486 2134 S.
2534 2069 2618 2134 D.
2709 2068 2896 2133 Iesus
2954 2069 3067 2134 tibi
3129 2077 3196 2135 et
3247 2070 3509 2155 collegis
3559 2070 3761 2146 adsit,
3829 2081 3897 2136 et
3953 2080 4196 2154 quanto

2245 2155 2687 2220 ministerium
2731 2163 3031 2220 nostrum
3074 2156 3397 2222 illustrius
3441 2165 3542 2222 est
3584 2178 3658 2223 80
3702 2157 3941 2221 clarius
3985 2158 4195 2224 Mosis

2246 2241 2618 2306 ministerio
2666 2250 2849 2305 tanto
2895 2243 3106 2324 magis
3163 2241 3288 2306 hoc
3332 2263 3765 2325 exsequamur
3807 2242 3935 2307 fide
3978 2253 4045 2309 et
4087 2266 4197 2310 oa-

2246 2328 2458 2391 ritate.
2550 2328 2700 2391 Lex
2744 2327 2861 2391 uni
2896 2327 3098 2410 genti,
3155 2329 3567 2410 evangelium
3621 2327 3925 2394 omnibus
3969 2330 4080 2412 qui
4124 2330 4197 2394 in

2245 2414 2398 2479 orbe
2445 2421 2600 2477 sunt
2643 2420 2744 2477 est
2784 2411 3308 2495 praedicandum.
3375 2415 3521 2480 Etsi
3565 2435 3760 2480 canes
3804 2423 4029 2481 sancto
4064 2437 4197 2481 non

2248 2507 2405 2564 sunt
2447 2497 2751 2577 donandi,
2797 2519 2917 2563 nec
2964 2520 3192 2580 porcos
3240 2500 3472 2566 decent
3516 2500 3928 2584 margaritae,
3972 2509 4197 2566 tamen

2248 2605 2378 2667 qua
2418 2583 2485 2648 id
2531 2585 2784 2649 ratione
2836 2583 3132 2667 fugiatur
3174 2585 3401 2651 videre
3445 2597 3547 2651 est
3602 2608 3732 2651 non
3787 2586 3854 2650 in
3890 2588 4198 2668 apostolis

2248 2670 2458 2746 modo,
2505 2669 2618 2735 sed
2663 2678 2728 2734 et
2770 2672 2840 2734 in
2863 2670 3049 2735 Mose
3091 2682 3163 2736 et
3202 2672 3557 2754 prophetis.
3624 2672 3855 2737 Palam
3899 2680 4001 2738 est
4041 2670 4199 2755 quid

2248 2758 2471 2822 Moses
2517 2759 2681 2822 irato
2725 2755 3119 2839 respondeat
3163 2759 3337 2822 Deo:
3397 2778 3597 2840 quum
3641 2757 3886 2825 diceret
3929 2780 3998 2824 se
4042 2779 4199 2824 con-

2248 2845 2637 2908 stituturum
2685 2864 2832 2908 eum
2878 2843 2947 2906 in
2994 2850 3251 2927 gentem
3299 2864 3630 2927 magnam,
3675 2842 3831 2927 quid
3886 2864 4019 2910 non
4148 2845 4200 2909 't

2248 2937 2327 2992 ut
2371 2930 2634 2993 veniam
2677 2929 3025 3011 impetret?
3117 2934 3362 2994 Annon
3429 2930 3593 3012 petit
3637 2951 3707 2995 se
3750 2950 3833 2995 ex
3877 2865 4199 2995 libmzigxe·

2248 3014 2410 3079 leri?
2503 3016 2846 3080 Tarsensis
2889 3034 3022 3080 non
3067 3015 3260 3081 modo
3310 3017 3534 3083 vivere
3576 3036 3709 3080 non
3764 3014 3912 3081 vult
3967 3017 4023 3080 si
4065 3037 4199 3080 non

2248 3111 2425 3167 stent
2466 3102 2515 3165 ii
2560 3122 2722 3184 quos
2763 3100 3054 3166 Domino
3096 3103 3457 3186 acquisivit,
3506 3102 3619 3168 sed
3665 3123 3782 3186 pro
3826 3100 4198 3185 deploratis,

2249 3195 2317 3253 et
2356 3207 2519 3269 quos
2562 3188 3045 3254 infensissimos
3091 3188 3312 3254 hostes
3355 3197 3670 3272 perpetuo
3729 3209 3929 3271 supra
3971 3208 4200 3254 omnes

2250 3275 2473 3352 sensit,
2518 3271 2785 3338 Iudaeis
2828 3273 3179 3338 anathema
3222 3296 3261 3339 a
3286 3274 3556 3340 Christo
3598 3275 3740 3339 fieri
3777 3281 3977 3358 optat.
4048 3273 4199 3341 Scio

2251 3359 2841 3425 horrendissimum
2897 3359 3046 3424 istie
3104 3361 3419 3443 grassari,
3489 3369 3565 3424 ut
3627 3369 3850 3425 nostra
3907 3369 4202 3444 tempora

2252 3446 2581 3512 sentinam
2637 3445 2928 3510 omnium
2986 3466 3153 3527 quae
3208 3466 3497 3529 unquam
3553 3444 3822 3512 fuerunt
3877 3446 4199 3512 malorum

2252 3530 2500 3596 habent
2542 3530 3051 3596 refertissimam.
3142 3531 3397 3597 Verum
3440 3532 3535 3596 ita
3577 3546 3729 3596 sunt
3772 3532 4046 3597 admixti
4079 3532 4202 3598 filii

2254 3619 2401 3695 Dei,
2447 3625 2525 3683 ut
2565 3616 2705 3681 tolli
2748 3637 3013 3699 prorsus
3055 3617 3244 3701 impii
3284 3639 3420 3683 non
3464 3617 3720 3702 possint
3757 3618 3903 3684 sine
3943 3618 4201 3702 piorum

2252 3705 2523 3770 iactura.
2612 3703 2938 3769 Latrones
2982 3703 3078 3768 ita
3118 3704 3304 3771 nobis
3345 3704 3655 3770 miserum
3710 3702 4202 3770 Samaritanum

2254 3790 2720 3868 vulnerarunt,
2785 3798 2861 3854 ut
2917 3796 3213 3855 mortuus
3278 3793 3489 3874 magis
3547 3791 3634 3855 sit
3685 3811 3881 3873 quam
3938 3791 4200 3855 vivens:

2256 3896 2524 3959 prorsus
2567 3884 2669 3940 est
2709 3874 3102 3957 deploratus.
3190 3876 3297 3942 Ita
3337 3897 3500 3958 pure
3535 3876 3815 3942 vulnera
3857 3882 3925 3941 et
3959 3875 4204 3943 vibices

2254 3961 2580 4045 oplentur,
2610 3963 2660 4044 ¹)
2709 3970 2783 4025 ut
2838 3961 2968 4025 nisi
3027 3960 3434 4044 depurentur
3488 3962 3751 4027 iamiam
3807 3969 4026 4028 aetum
4084 3970 4204 4029 est.

2254 4047 2507 4130 Rumpi
2549 4053 2810 4131 oportet
2865 4056 2931 4110 et
2984 4047 3136 4111 vino
3192 4048 3396 4126 ablui,
3456 4047 3567 4114 sed
3626 4068 3955 4132 nusquam
3999 4056 4207 4113 cesset

2257 4134 2490 4198 oleum.
2590 4133 2743 4198 Non
2794 4132 2949 4217 quid
3014 4134 3289 4199 meritus
3348 4135 3437 4198 sit
3491 4141 3816 4216 peccator,
3874 4133 3989 4200 sed
4049 4132 4208 4216 quid

2257 4218 2565 4285 Christus
2608 4220 2818 4305 egerit
2860 4241 2976 4302 pro
3014 4239 3108 4295 eo,
3155 4219 3339 4284 nobis
3374 4230 3686 4303 perpetuo
3728 4219 4206 4303 inspiciendum

2256 4316 2376 4373 est.
2464 4307 2651 4372 Haeo
2695 4306 2858 4383 ideo,
2905 4306 2998 4369 mi
3040 4306 3245 4369 frater
3287 4307 3582 4371 omnium
3617 4327 3811 4389 quam
3856 4305 4205 4384 carissime,

2258 4413 2391 4458 non
2436 4391 2609 4474 quod
2653 4389 2733 4455 de
2776 4398 2890 4455 tua
2933 4391 3079 4467 fide,
3126 4391 3416 4467 caritate,
3476 4391 3840 4475 prudentia,
3900 4398 4208 4458 constan-

2257 4481 2366 4556 tia,
2405 4477 2660 4555 iudicio,
2709 4485 2775 4540 et
2808 4476 3108 4541 omnibus
3142 4497 3307 4559 quae
3341 4479 3413 4543 in
3451 4487 3516 4544 te
3551 4478 3847 4560 suspieiO,
3893 4474 4204 4553 dubitem,

2259 4564 2372 4629 sed
2419 4564 2575 4646 quia
2618 4563 2784 4627 mire
2828 4563 3151 4627 attonitus
3192 4564 3285 4629 fui
3323 4565 3403 4628 iis
3439 4585 3601 4646 quae
3644 4562 3805 4627 mihi
3850 4583 4033 4625 meus
4075 4561 4207 4625 fra·

2259 4663 2360 4714 ter
2414 4670 2630 4731 nuper
2692 4650 2886 4714 istinc
2944 4649 3204 4713 rediens
3261 4648 3572 4714 narravit.
3602 4650 3657 4725 ²)
3744 4645 3879 4713 Sed
3936 4666 4208 4728 gravem

2292 4836 2435 4892 978.
2476 4839 2500 4889 1
2564 4838 2659 4891 sic.

2468 4839 2531 4969 23
2572 4904 2938 4959 Gauchfflnm
2998 4922 3173 4972 nuper
3246 4904 3494 4959 Genevae
3545 4904 3721 4969 faisse
3771 4907 3996 4956 testatur
4049 4901 4211 4955 ettam

2264 4975 2576 5041 Bonivard,
2619 4990 2783 5028 nouv.
2824 4976 3002 5042 police
3049 4975 3116 5027 de
3156 4973 3222 5027 G.
3256 4991 3314 5042 p.
3348 4972 3418 5027 86
3451 4974 3547 5043 qui
3579 4974 3747 5038 refert
3793 4986 3910 5024 eum
3946 4986 3983 5023 a
4015 4976 4211 5025 senatu

2263 5046 2509 5099 auditum
2544 5044 2721 5109 fuisse
2763 5045 2825 5095 in
2870 5059 3041 5097 causa
3078 5042 3329 5108 Perrt'm’,
3379 5043 3475 5096 ubi
3507 5041 3835 5094 declaravit.-
3882 5039 4071 5092 havoir
4106 5055 4210 5108 ouy

2264 5114 2332 5166 de
2369 5115 2423 5166 18
2458 5112 2665 5166 boucha
2701 5111 2769 5163 de
2804 5111 2876 5164 M.
2913 5113 2981 5164 de
3019 5111 3375 5179 Besurigaud.
3413 5110 3798 5163 ambassadeur
3832 5124 3971 5177 pour
4005 5108 4056 5160 le
4092 5108 4210 5178 Roy

2266 5199 2372 5234 aux
2407 5183 2624 5251 Ligues,
2663 5197 2768 5248 que
2804 5181 2872 5233 de
2907 5198 2996 5233 ees
3032 5180 3473 5247 ‹thevan—legere
3522 5188 3683 5248 (quos
3726 5177 3978 5232 dicebant
4029 5176 4211 5232 Pern'·

2265 5266 2397 5303 aum
2442 5251 2709 5303 Genevam
2754 5249 3100 5303 introducere
3138 5249 3388 5308 voluisse)
3437 5248 3640 5301 nestoit
3686 5249 3832 5313 rien,
3882 5263 3973 5300 car
4018 5237 4210 5298 Perrin

2268 5318 2496 5372 nhavoit
2529 5319 2648 5371 rien
2684 5318 2814 5369 faict
2859 5336 2984 5371 saus
3029 5320 3080 5371 le
3122 5318 3213 5386 luy
3251 5319 3658 5386 communiquer
3704 5323 3762 5370 et
3797 5333 3865 5370 ne
3899 5317 3989 5382 luy
4025 5314 4211 5367 bavoit

2265 5387 2457 5442 iamais
2491 5387 2867 5454 communique
2902 5388 3033 5440 cela.
