4825 6175
195 420 272 486 ει
1996 420 2159 486 1546
2202 417 2400 486 MAI.
3390 366 3394 371 ’
4117 423 4206 489 82

196 628 344 676 cum
390 605 662 673 Mero
711 614 1226 691 componeretur.
1315 604 1499 673 Sane
1552 613 1715 673 sunt
1769 625 1998 673 omnes
2041 626 2146 673 ec-

201 693 434 762 clesiae
485 692 689 759 huius
744 691 1196 759 admonendae
1216 744 1233 772 ,
1299 699 1377 758 ut
1431 691 1721 758 officium
1777 692 2023 759 faciant
2080 698 2150 756 et

201 800 343 847 sese
390 786 724 864 opponant
775 799 1045 845 murum
1102 786 1332 844 contra
1384 778 1791 844 insanientes
1845 789 1977 844 tam
2023 777 2147 842 mi-

197 886 358 932 sere.
426 866 528 930 'Pu
570 864 680 932 hic
721 872 908 948 potes
943 866 998 931 si
1035 864 1377 965 quisquam
1414 863 1595 944 alias,
1641 872 1708 929 et
1748 883 1977 929 omnes
2010 882 2147 929 ces·

197 959 418 1018 santes
452 971 690 1036 urgere
733 949 945 1017 debes.
1013 951 1339 1020 Dominus
1371 949 1561 1016 Iesus
1597 969 1754 1014 suae
1795 949 2150 1033 prospiciat

200 1035 512 1104 ecclesiae
569 1045 637 1101 et
693 1046 757 1101 te
813 1057 963 1104 cum
1019 1037 1156 1102 suis
1213 1036 1515 1101 omnibus
1569 1043 1806 1101 servet.
1912 1032 2150 1101 Saluta

199 1122 360 1187 mihi
408 1121 771 1205 Myconium
813 1142 964 1188 cum
1010 1121 1156 1188 aliis
1197 1122 1343 1205 piis.
1413 1120 1593 1187 Casti
1643 1119 1853 1186 andus
1894 1127 1994 1186 est
2026 1119 2148 1184 tibi

199 1209 652 1293 typographus
678 1208 758 1294 ¹⁰)
814 1205 984 1291 quod
1029 1216 1162 1272 tam
1208 1206 1379 1272 male
1423 1229 1586 1273 excu
1635 1207 1760 1271 erit
1802 1214 1937 1271 tam
1981 1206 2150 1270 bene

202 1315 242 1360 a
283 1304 348 1360 te
394 1302 745 1360 tractatum
789 1293 1073 1359 Paulum
1128 1294 1419 1358 tertium.
1522 1292 1839 1359 Bueerum
1892 1311 2149 1374 quoque

203 1388 268 1448 et
311 1379 473 1446 alios
514 1380 655 1463 pios
700 1378 1126 1464 Argentorati
1181 1378 1496 1445 salutabis
1553 1387 1623 1443 et
1672 1378 1809 1442 illic
1852 1397 2148 1442 meorum

202 1464 479 1531 fratrum
538 1487 787 1531 memor
850 1467 998 1530 eris.
1098 1463 1286 1530 Vale.
1397 1464 1590 1529 Nunc

201 1550 367 1617 licet.
472 1549 708 1617 Saluta
764 1550 1107 1616 Parisinos
1176 1550 1553 1634 plurimum.

202 1658 360 1703 vum
401 1646 646 1722 optant.
736 1635 1049 1702 Neocomi
1103 1641 1196 1701 15.
1244 1635 1408 1701 Maii
1458 1641 1638 1700 1545.

971 1772 1277 1840 Farellus
1319 1782 1474 1839 tuus
1517 1793 1603 1836 ex
1648 1771 1869 1864 animo
1913 1780 2104 1837 totus.

1698 1461 1955 1528 Iuribus
2017 1483 2148 1527 non

1708 1549 1867 1614 ostri
1911 1555 1976 1613 te
2021 1547 2149 1614 sal-

967 2068 1375 2078 ————a-

1098 2285 1253 2356 644.

663 2420 1253 2491 PELLICANUS
1301 2421 1680 2489 CAMPIO.

374 2594 579 2660 Autor
631 2594 690 2659 ei
746 2598 835 2660 est
901 2599 972 2659 ut
1034 2591 1368 2661 Calvinum
1423 2594 1746 2659 conveniat
1782 2593 2152 2675 propediem

199 2681 483 2748 Aroviae
536 2700 679 2745 eum
721 2679 1147 2745 Helvetiorum
1208 2680 1429 2763 leyctis
1473 2679 1858 2761 adfuturum.
1953 2676 2152 2744 Cuius

198 2766 509 2833 indici-um
551 2766 625 2831 de
668 2786 827 2831 nova
869 2765 1308 2831 Turicensium
1349 2764 1726 2848 confessione
1760 2769 1971 2831 contra
2017 2764 2151 2830 Lu-

198 2853 444 2919 therum
486 2852 650 2918 edita
693 2853 1015 2917 excutitwr.

201 3024 312 3093 (Ex
348 3022 682 3094 autographo
718 3022 862 3076 Bibl.
899 3022 1049 3076 civic.
1096 3020 1272 3074 Turio.
1322 3020 1472 3076 MSS.
1520 3021 1583 3074 F.
1616 3020 1735 3073 Vol.
1771 3018 1840 3073 47
1891 3020 2017 3074 olim
2070 3018 2152 3085 12,

196 3095 296 3148 sol.
330 3091 449 3147 255.
520 3093 730 3146 Simler.
769 3092 896 3146 Vol.
934 3090 1017 3145 57.
1091 3090 1265 3158 Quum
1300 3092 1368 3144 de
1405 3096 1588 3145 textus
1623 3089 1971 3159 corruptione
2009 3090 2153 3159 cogi-

328 3163 435 3215 tari
468 3169 719 3230 nequeat,
756 3162 887 3216 satis
923 3160 1262 3230 negligenter
1295 3160 1555 3229 scriptam
1590 3158 1738 3213 dicas
1773 3158 2032 3227 oportet.)

200 3350 347 3419 Suo
384 3349 683 3417 Gerardo
728 3371 767 3414 a
811 3346 1057 3430 Campf
1092 3347 1378 3433 Phrysio
1435 3347 1737 3413 Emdano
1762 3353 1810 3426 ¹)
1850 3347 1921 3411 in
1979 3348 2155 3412 ther·

546 3437 672 3501 mis
713 3433 1083 3500 Helveticis
1101 3434 1159 3511 ²)
1207 3434 1415 3500 amico
1459 3434 1809 3500 carissimo,

383 3659 687 3726 Calvinus
724 3657 962 3723 dicitur
995 3658 1434 3725 interfuturus
1477 3656 1756 3722 comitiis
1797 3657 1869 3721 in
1905 3657 2157 3725 Arovio

204 3744 611 3816 celebrandis
653 3745 974 3829 vigesima
1028 3746 1242 3827 prima
1292 3742 1455 3808 Maii
1510 3742 1744 3825 quinta
1794 3741 1960 3808 feria
2003 3750 2157 3807 ante

204 3838 644 3918 pentecosten.
668 3835 726 3901 ⁸)
850 3829 1175 3913 Cuperem
1247 3838 1313 3892 te
1377 3849 1527 3894 eum
1593 3826 1830 3910 alloqui
1892 3838 2159 3910 propter

206 3919 545 4003 negotium
568 3915 1030 4014 waldensium
1072 3914 1387 4014 fidelium.
1458 3912 1662 4013 Nobis
1704 3913 2012 3996 loquutus
2057 3923 2160 3979 est

209 4005 289 4070 de
334 4006 431 4104 eis
471 4023 638 4130 qu⁴ae
682 4001 783 4066 dis
832 4002 1160 4101 licuerunt
1194 4001 1337 4149 sib}i
1354 4007 1423 4063 et
1456 3999 1621 4149 ffi
1638 4021 1706 4063 m
1744 4007 1968 4099 nostra
2004 4020 2157 4148 οοῑιᾶ

206 4089 489 4261 ζιζὲἳιὲἓ
504 4096 828 4240 ‘1221332212
860 4087 1298 4239 {ffi‘mffl
1328 4085 1816 4237 -ifssssffifimussssn
1859 4105 1942 4235 {⁶3
1986 4105 2158 4252 333.

208 4283 340 4327 non
384 4261 659 4346 impium
720 4259 920 4324 fuisse
962 4255 1421 4342 respondimus
1462 4277 1580 4339 per
1623 4255 1941 4337 exempla.
2035 4254 2159 4321 Sc-

209 4347 423 4415 cundo
437 4399 454 4426 ,
514 4346 685 4431 quod
729 4366 865 4411 non
904 4345 1065 4409 satis
1111 4342 1588 4441 declaravimus
1632 4341 2157 4442 communionem

211 4433 465 4500 Christi
507 4432 845 4498 nobiscum
898 4451 1016 4513 per
1072 4449 1363 4495 coenam.
1465 4427 1591 4493 Cui
1638 4437 1804 4527 'item
1851 4436 2012 4493 satls
2056 4448 2159 4526 re-

211 4518 612 4603 spondimus.
701 4518 924 4582 Tertio
943 4567 957 4588 .
1026 4514 1196 4598 quod
1258 4513 1789 4615 quozostadmm·
1815 4532 2159 4579 excusau-

213 4626 378 4671 mus.
466 4603 721 4685 Quarto
764 4603 971 4668 latine
1026 4600 1488 4685 respondimus
1538 4608 1605 4664 et
1646 4598 1875 4663 dunus
1916 4607 2159 4664 tracta-

386 4860 472 4924 10)
512 4859 668 4928 Ενρο
701 4859 959 4913 Basileae
1000 4858 1100 4912 hoc
1133 4856 1449 4926 opust-uam·
1494 4870 1746 4909 aciacum
1778 4854 1980 4920 fuerat,
2015 4854 2163 4923 qued

220 4931 602 4998 {querebamus
682 4998 695 5010 ·
710 4943 801 5009 unp
833 4928 1116 5009 ‚scribe-rem
1124 4942 1188 4980 us
1228 4925 1469 5046 Ρνοῑέςρ.
1518 4923 1652 4978 VII.
1689 4921 1772 4976 29.

244 4998 388 5053 844„
424 4997 479 5065 1)
532 4999 580 5053 V
724 4997 905 5051 davum
938 5001 1188 5050 mmmm
1224 4994 1328 5060 (N.
1398 4993 1503 5057 91).

419 5067 480 5133 2)
520 5066 797 5131 Βαᾶεπασ,
829 5065 948 5119 πίει·
972 5064 1235 5132 fallimur.

421 5136 479 5204 3)
521 5135 694 5190 Feria
740 5135 935 5204 quinta
980 5140 1059 5188 est
1106 5134 1223 5188 dies
1260 5130 1442 5193 Iovis,
1490 5129 1615 5184 stilo
1669 5128 2033 5184 ecclesiastico
2081 5128 2160 5183 sie

224 5201 411 5273 diemo,
480 5204 793 5259 Pentecoste
836 5202 1033 5257 incidit
1083 5202 1143 5256 in
1187 5199 1273 5256 24.
1314 5199 1475 5253 Maii.
1546 5198 1638 5251 De
1671 5195 1770 5253 hoe
1802 5203 2065 5253 conventu
2098 5197 2162 5251 in
2258 5211 2331 5266 op

226 5286 394 5328 causa
435 5272 805 5328 Waldensium
839 5273 1100 5327 celebrato
1133 5287 1181 5324 v.
1220 5269 1412 5324 Houin
1451 5283 1509 5321 er
1546 5265 1680 5322 KG.
1721 5265 1843 5322 ΙΙΙ.
1880 5263 1997 5322 764.

422 5340 481 5409 4)
524 5341 606 5409 C'f.
641 5357 721 5411 ep.
771 5341 952 5411 Voqtii
982 5339 1149 5409 paulo
1183 5353 1354 5408 supra
1483 5337 1729 5408 criptam.

430 5426 651 5483 Caluini
675 5441 860 5496 opera.
945 5426 1055 5481 Vol.
1092 5423 1237 5479 XII.

2251 607 2545 674 verimus
2588 606 2935 674 Lam
2977 629 3174 692 quam
3218 610 3390 675 ferre
3432 610 3638 693 possit
3680 609 3883 693 plebs.
3903 610 3959 692 ὅ)
4022 611 4206 677 'Pan-

2252 692 2401 759 dem
2446 700 2516 759 et
2558 713 2818 778 semper
2851 714 2923 759 se
2956 705 3250 761 nostram
3284 693 3560 778 probare
3597 696 3991 762 sententiam
4035 697 4204 762 dixit

2252 787 2321 845 et
2360 777 2718 845 amicitiam
2774 778 3250 865 redintegravit
3309 802 3349 847 a
3398 802 3530 864 qua
3573 802 3911 866 nunquam
3954 781 4200 849 cecide-

2252 871 2372 929 rat.
2462 864 2746 929 Interim
2788 865 3075 931 secundo
3133 864 3264 950 legi
3322 866 3749 933 confessionis
3804 875 3939 933 tres
3978 876 4199 951 partes

2250 956 2325 1016 et
2363 948 2532 1014 mihi
2576 948 2921 1034 displicere
2975 972 3108 1018 non
3169 959 3475 1033 possunt,
3534 952 3658 1017 nisi
3701 951 3874 1036 quod
3916 953 4201 1020 necessi-

2254 1041 2457 1101 tatem
2502 1035 2767 1120 deploro
2820 1056 2984 1119 quae
3042 1036 3229 1103 nobis
3284 1037 3658 1103 huiusmodi
3712 1039 4201 1121 responsionem

2250 1129 2400 1206 post
2442 1128 2542 1185 tot
2582 1121 2858 1188 iniurias
2899 1122 3171 1188 iteratas
3216 1121 3547 1188 doctrinae
3590 1132 3659 1188 et
3700 1123 4008 1190 ecclesiae
4050 1145 4202 1190 nos-

2253 1216 2396 1272 trae
2440 1213 2509 1272 et
2530 1205 2784 1273 Christi
2827 1208 3115 1273 extorsit.
3180 1208 3456 1274 Utinam
3491 1208 3724 1274 ultima
3766 1209 3854 1274 sit
3886 1209 3969 1276 ad
4004 1230 4202 1292 quam

2252 1312 2584 1376 cogamur.
2671 1293 3009 1359 Timemus
3077 1303 3296 1359 autem
3369 1315 3499 1360 non
3567 1294 3759 1361 facile
3819 1294 4205 1361 mutandam

2253 1385 2542 1444 mentem
2609 1378 2737 1445 viri
2802 1389 2940 1444 tam
3002 1379 3436 1445 vehementis.
3540 1379 3873 1446 Dominus
3939 1380 4203 1465 negotio

2254 1485 2372 1530 suo
2413 1473 2757 1530 succurrat
2798 1473 2868 1531 et
2910 1464 3235 1548 largiatur
3276 1485 3501 1547 pacem
3548 1467 3616 1530 in
3661 1464 3790 1531 fide
3833 1474 3902 1532 et
3942 1467 4205 1550 regimi-

2253 1550 2449 1616 nibus
2494 1587 2576 1597 —
2624 1588 2705 1598 -—-
2753 1585 2832 1597 —
2891 1550 3073 1615 xviii.
3119 1551 3282 1616 Maii
3335 1552 3686 1635 ocyssime,
3744 1560 3820 1617 ut
3875 1571 4119 1634 parcas.
4142 1553 4202 1629 ⁶)

3027 1687 3211 1752 Tuus
3256 1685 3600 1752 Conradus
3641 1687 4030 1755 Pellicanus.

3158 2213 3311 2285 645.

2785 2351 3261 2420 CALVINUS
3304 2352 3677 2419 VIllE'PO.

2431 2524 2540 2590 Ex
2580 2526 2803 2591 itinere
2853 2526 3056 2592 redux
3097 2524 3253 2607 quid
3306 2524 3576 2607 sinyulis
3625 2525 3695 2588 in
3746 2524 3898 2591 loeis
3952 2526 4214 2608 effecerit

2257 2617 2315 2677 et
2357 2611 2788 2691 impetraverit
2827 2616 3049 2676 narrat
3089 2630 3339 2677 summa
3381 2630 3637 2690 sequens
3675 2610 3941 2694 fastiyia
3981 2631 4209 2676 rerum.

2259 2780 2682 2851 (Autographon
2740 2781 2797 2833 in
2844 2780 2979 2834 Bibl.
3039 2780 3344 2834 Genevensi
3387 2782 3489 2833 sub
3545 2780 3690 2834 vitro
3750 2780 4058 2849 expositum
4107 2787 4208 2835 est.

2257 2851 2380 2905 Alia
2414 2866 2570 2904 exem
2611 2848 2749 2903 laria
2784 2852 3004 2902 exstant
3037 2848 3315 2903 lonvillaei
3343 2847 3473 2902 Cod-
3502 2849 3702 2902 Genev.
3742 2848 3884 2901 111⁸,
3916 2848 4011 2902 fol.
4049 2848 4119 2902 38
4142 2868 4209 2916 v„

2258 2918 2538 2974 Turretini
2616 2917 2705 2972 cd.
2745 2916 2864 2981 111,
2899 2918 2993 2970 sol.
3033 2915 3162 2980 117,
3211 2918 3430 2971 Simleri
3466 2917 3592 2971 Vol.
3628 2915 3724 2982 57,
3775 2918 3868 2986 qui
3923 2917 4213 2988 descripsit

2260 3005 2328 3043 ex
2366 2987 2530 3042 Arch.
2579 2988 2848 3040 Beruens.
2895 2987 3037 3054 Epp.
3085 2984 3211 3039 VII.
3301 3027 3311 3036 .
3348 2983 3464 3039 666.
3517 3015 3575 3025 -
3628 2985 3852 3054 Anglice
3897 2987 4097 3056 legitur
4144 3003 4212 3041 ex

2740 3071 2883 3110 vers.
2919 3054 3199 3110 Constabli
3237 3003 3392 3109 'lpom
3426 3054 3468 3108 1.
3503 3067 3559 3124 p.
3593 3052 3745 3121 436.)

2263 3243 2531 3327 Optimo
2574 3243 2761 3308 fratri
2796 3263 2944 3308 meo
2979 3244 3179 3308 Petro
3202 3243 3432 3308 Vireto
3467 3244 3711 3308 eximio
3736 3242 3988 3309 Christi
4022 3264 4211 3310 servo

2643 3329 2893 3413 pastori
2936 3329 3399 3395 Lausannensi
3441 3327 3835 3395 fidelissimo.

2433 3467 2745 3552 Ignosces
2788 3464 2959 3549 quod
3001 3465 3213 3531 isthac
3241 3467 3288 3548 ¹)
3335 3484 3467 3530 non
3511 3464 3836 3531 redierim.
3906 3466 4211 3532 Festina-

2260 3553 2413 3617 bam
2470 3552 2714 3618 multas
2774 3552 2856 3618 ob
2928 3571 3160 3617 causas
3222 3551 3336 3617 sed
3400 3552 3746 3634 praecipue
3801 3550 3973 3634 quod
4026 3552 4212 3618 nobis

2258 3636 2666 3705 indicaverat
2700 3635 3016 3704 Claudius
3059 3635 3357 3702 Farelbus
3368 3638 3424 3717 ²)
3465 3637 3729 3701 domum
3779 3636 4137 3702 Geraia-tonis
4152 3638 4210 3722 ⁸)

2260 3733 2442 3806 peste
2484 3725 2726 3788 iterum
2767 3723 3084 3789 infestari.
3174 3723 3481 3788 Breviter
3527 3723 3804 3787 referam
3853 3722 4011 3805 quid
4055 3744 4212 3789 con-

2262 3811 2521 3892 sequuti
2577 3809 2913 3875 fuerimus.
3003 3809 3328 3874 Bernates
3382 3829 3513 3873 non
3575 3816 3833 3872 tantum
3893 3807 4213 3874 dederunt

2260 3894 2434 3978 quod
2460 3895 2874 3976 petieramus,
2918 3893 3031 3960 sed
3070 3894 3214 3959 aliis
3237 3914 3492 3977 quoque
3520 3895 3791 3958 fuerunt
3823 3892 4206 3959 hortatores.

2262 3981 2562 4064 Tigurini
2653 3981 2879 4046 statim
2966 3988 3359 4046 conventum
3440 3979 3723 4045 Aroviae
3800 3977 4207 4045 indixerunt.

2262 4067 2449 4131 Alios
2514 4086 2589 4131 eo
2656 4074 2974 4132 vocarunt
3028 4067 3309 4148 propriis
3373 4065 3649 4130 nunciis.
3753 4064 4209 4131 Schafusianis

2263 4161 2330 4216 et
2361 4151 2841 4217 Basiliensibus
2898 4151 3234 4216 iusserunt
3290 4170 3411 4215 nos
3468 4150 3857 4234 significare.
3945 4149 4212 4217 Interea

2262 4238 2780 4321 Argentoratum
2824 4236 3095 4319 profecti
3157 4257 3401 4302 sumus.
3488 4236 3623 4301 Ubi
3680 4256 3762 4300 ne
3818 4258 4024 4301 unum
4070 4237 4211 4319 qui-

2263 4322 2413 4388 dem
2458 4322 2633 4388 diem
2675 4322 3040 4404 transigere
3091 4321 3309 4399 licuit,
3368 4322 3630 4386 tametsi
3681 4342 3942 4386 summa
3983 4321 4210 4386 celeri-

2261 4417 2397 4474 tate
2440 4410 2566 4474 iter
2608 4405 2938 4473 faciebam
3008 4407 3295 4472 Aroviae
3339 4427 3475 4471 non
3520 4406 3653 4471 tale
3699 4406 4032 4473 decretum
4077 4407 4210 4471 fac-

2266 4506 2404 4560 tum
2450 4502 2554 4560 est
2595 4492 2785 4576 quale
2828 4501 3174 4576 optassem.
3193 4498 3249 4571 ⁴)
3327 4492 3559 4574 Itaque
3602 4492 3704 4559 bis
3745 4494 3817 4556 in
3862 4491 4210 4559 consilium

2467 4783 2530 4918 (533
2565 4782 2997 4906 mmmm
3047 4852 3261 4916 motio
3317 4865 3386 4904 ex
3437 4851 3512 4904 iis
3563 4866 3701 4919 quae
3747 4849 3813 4903 de
3852 4846 4075 4903 Calvina·
4119 4850 4211 4903 ia·-

2264 4936 2393 4976 nere
2426 4927 2477 4975 et
2509 4920 2805 4975 Armenes·
2837 4924 3102 4974 conventu
3136 4919 3395 4974 dicuntur
3429 4920 3691 4987 expedies.

2289 4989 2434 5044 645.
2472 4988 2531 5070 1)
2564 5005 2665 5058 per
2699 4989 3062 5043 Lemannum
3097 5003 3205 5057 quo
3252 4988 3468 5043 Vir-etus
3502 5003 3629 5055 erqo
3665 4991 3791 5040 ante
3814 4984 4038 5040 Caluini
4067 4985 4212 5039 redi·

2259 5065 2375 5114 m
2469 5125 2529 5195 2)
2561 5063 2718 5195 {tuem
2762 5126 2934 5195 ἐρίων·
2991 5131 3103 5179 tum
3147 5125 3401 5192 temporis
3452 5123 3723 5178 Genevam
3777 5123 4008 5178 rediisse
4052 5122 4212 5177 dieas

2332 5201 2530 5329 mill)
2637 5263 2663 5317 i
2692 5264 2809 5331 ipse
2841 5278 2910 5316 m.
2951 5260 3098 5317 Iulio
3133 5267 3377 5331 verqente
3412 5261 3596 5315 eadem
3631 5265 3911 5328 correptus
3945 5259 4093 5314 obiit.

2469 5331 2527 5399 4)
2563 5280 2920 5401 ῗῳαίίοηακ
2953 5346 3065 5386 non
3099 5331 3287 5386 werae
3319 5329 3464 5384 mitti
3495 5330 3728 5385 iubebat.
3766 5412 3800 5466 6
