4825 6175
599 411 720 473 107

1438 588 1561 659 661
1583 588 1701 655 bis.

1111 742 1540 813 BUOERUS
1588 740 2028 816 GALVINO.

591 921 789 992 (Huius
843 919 1130 973 Sarravius
1186 921 1416 984 autogra
1453 914 1561 968 hon
1616 913 1673 967 in
1726 929 1825 965 sua
1868 911 2186 992 collectione
2241 927 2299 964 se
2346 910 2549 964 habere

1039 991 1276 1040 testatur
1309 985 1362 1038 d.
1467 1023 1482 1039 .
1516 983 1641 1037 Iulii
1678 980 1814 1036 1545
1848 980 2122 1051 scriptae.)

1505 1439 1659 1511 662.

1134 1596 1607 1665 GALVINUS
1652 1594 2023 1662 VIRETO.

778 1773 943 1856 Quid
985 1793 1061 1838 eae
1093 1776 1287 1838 mente
1320 1770 1513 1836 amici
1548 1771 1618 1834 in
1652 1769 1853 1835 libello
1887 1788 2001 1834 suo
2035 1768 2363 1834 numeria
2395 1769 2552 1849 quid

586 1881 779 1945 porro
817 1860 1024 1942 facere
1062 1856 1409 1924 instituerit
1445 1855 1773 1940 siqnificat.

600 2032 710 2102 (Ex
758 2028 1070 2101 apographo
1115 2025 1246 2080 Cod.
1295 2025 1498 2079 Genev.
1549 2023 1680 2092 145,
1726 2025 1817 2077 fol.
1855 2023 1950 2090 83,
1998 2039 2120 2077 cum
2164 2023 2548 2094 inscriptione:

603 2100 824 2155 Calvina
874 2097 1160 2166 responsio
1206 2093 1282 2148 ad
1338 2095 1724 2149 accusationes.
1796 2093 2091 2163 Exemplar
2134 2093 2449 2146 mendosum
2497 2101 2554 2146 et

1113 2164 1319 2234 passim
1354 2182 1387 2216 a
1421 2162 1618 2216 Vireto
1655 2162 2046 2226 emendatum.)

769 2320 847 2387 Si
901 2318 1066 2384 mihi
1129 2317 1423 2383 nondum
1489 2315 1573 2382 ad
1632 2315 1955 2400 fugandos
2020 2313 2233 2385 Caroli
2296 2338 2553 2383 morsus

598 2409 758 2475 satis
799 2407 1033 2470 fuisset
1067 2403 1290 2480 animi,
1337 2411 1558 2468 tamen
1595 2410 1708 2466 tua
1743 2400 2029 2486 eleganti
2063 2401 2181 2466 illa
2214 2403 2551 2485 facetaque

596 2493 888 2578 pulicum
925 2499 991 2555 et
1024 2490 1325 2556 cimicum
1364 2487 1794 2553 similitudine
1828 2508 2096 2570 prorsus
2138 2488 2552 2553 inflammare

597 2588 878 2664 poteras.
967 2574 1044 2640 Si
1087 2574 1272 2640 nulla
1313 2572 1713 2639 intermissio
1755 2574 1989 2638 fuisset
2029 2573 2217 2652 facta,
2262 2574 2552 2658 quinque

599 2672 717 2731 aut
780 2685 897 2729 sex
964 2661 1193 2725 diebus
1259 2669 1606 2743 postquam
1664 2657 1745 2723 ad
1801 2667 1867 2723 te
1932 2659 2323 2741 scripseram
2388 2680 2550 2743 opus

596 2751 831 2815 fuisset
871 2747 1260 2814 absolutum.
1331 2744 1467 2812 Sed
1511 2766 1597 2809 ex
1636 2766 1713 2809 60
1755 2751 2047 2828 tempore
2089 2745 2187 2809 fui
2223 2744 2554 2810 Thononii

598 2847 668 2901 et
711 2834 998 2900 Traliani
1015 2884 1032 2912 ,
1062 2833 1112 2915 ¹)
1167 2853 1297 2915 qua
1338 2832 1735 2914 profectione
1791 2829 2070 2896 biduum
2127 2830 2550 2913 perdidimus.

597 2921 830 2988 Altero
875 2916 1108 2984 deinde
1147 2917 1342 2983 biduo
1391 2916 1730 2982 Galla-sius
1772 2925 1996 2982 noster
2040 2914 2261 2982 abfuit.
2314 2918 2554 2983 Restat

600 3018 821 3072 tamen
886 3004 1075 3070 nobis
1142 3002 1466 3068 duntaxat
1528 3022 1888 3086 paucarum
1953 3000 2269 3068 horarum
2334 3024 2548 3086 opera.

598 3091 1104 3159 Admonitiones
1144 3098 1302 3155 tuae
1344 3087 1511 3153 mihi
1555 3096 1781 3172 gratae
1822 3087 2129 3168 fuerunt,
2173 3111 2351 3173 quan
2396 3111 2550 3155 uam

595 3180 862 3245 futurae
924 3178 1246 3261 gratiores
1302 3176 1358 3240 si
1401 3174 1673 3240 liberius
1737 3175 2170 3258 improbasses
2239 3175 2352 3259 qui
2396 3174 2553 3259 quid

597 3263 931 3330 iudicabas
993 3259 1557 3327 animadversione
1627 3258 1916 3344 dignum.
2007 3260 2199 3327 Nunc
2268 3259 2427 3326 dum
2478 3269 2554 3326 tu

596 3349 767 3415 mihi
809 3348 1021 3432 parcis
1038 3399 1053 3426 ,
1108 3346 1356 3412 videris
1405 3345 1688 3410 nimium
1731 3344 2004 3411 timidus
2047 3345 2158 3412 vel
2199 3344 2554 3431 indulgens

599 3457 743 3501 esse
808 3454 1060 3513 censor,
1125 3453 1261 3497 non
1328 3433 1480 3515 quia
1546 3430 1627 3496 ad
1693 3432 1928 3496 vivum
1991 3431 2275 3497 resecari
2331 3434 2554 3498 omnia

596 3522 767 3587 vitia
822 3519 1187 3604 oportuerit
1203 3569 1219 3596 ,
1277 3517 1390 3583 sed
1447 3518 1598 3600 quia
1640 3517 1839 3582 nimis
1882 3517 2249 3584 verecunde
2292 3538 2552 3584 mecum

597 3606 772 3690 agis,
819 3625 895 3669 ac
938 3605 994 3669 si
1039 3623 1354 3670 censurae
1399 3603 1819 3687 asperitatem
1865 3604 2154 3669 suaviori
2197 3603 2553 3670 verborum

596 3690 1016 3759 condimento
1050 3689 1353 3775 mitigare
1390 3688 1617 3755 velles.
1677 3689 1762 3753 In
1797 3689 2354 3774 apophthegmate
2388 3697 2551 3775 puto

596 3776 922 3844 Senecam
984 3775 1151 3840 mihi
1214 3773 1589 3858 praebuisse
1653 3794 1916 3840 causam
1981 3776 2238 3841 erroris.
2257 3775 2317 3861 ²)
2405 3774 2553 3842 Scis

596 3863 883 3930 alterum
937 3881 1191 3946 quoque
1247 3882 1383 3925 non
1439 3860 1735 3925 absimile
1780 3859 2014 3926 Catoni
2069 3860 2287 3927 tribui.
2376 3861 2551 3926 Nam

639 3970 797 4014 uum
851 3947 1108 4012 baiulus
1153 3967 1374 4012 arcam
1425 3946 1644 4011 ferens
1699 3965 1776 4010 60
1818 3947 1890 4010 111
1935 3956 2181 4011 terram
2224 3955 2552 4031 prostrato

595 3970 901 4100 dixisset:
951 4053 1125 4112 cave,
1172 4031 1507 4115 respondit
1539 4031 1680 4096 ille:
1727 4032 1912 4097 Bene
1947 4053 2191 4111 mones,
2236 4033 2351 4099 sed
2388 4054 2552 4099 sero.

597 4118 734 4186 Sed
779 4141 981 4204 quum
1029 4117 1424 4184 Plutarchus
1442 4169 1458 4196 ,
1506 4116 1797 4183 Socratis
1839 4138 1980 4182 esse
2023 4117 2187 4182 illud
2230 4119 2405 4202 quod
2451 4141 2553 4185 re-

594 4208 753 4284 fero,
798 4213 1078 4270 testetur
1119 4205 1192 4268 in
1234 4203 1402 4268 libro
1449 4202 1530 4268 de
1573 4203 1795 4268 liberis
1839 4202 2215 4282 educandis,
2262 4216 2330 4269 et
2371 4225 2553 4271 acce-

596 4291 713 4357 dat
755 4291 1166 4367 Lactantius,
1211 4309 1451 4354 nomen
1476 4287 1768 4355 Socratis
1809 4291 2089 4371 reposui.
2109 4291 2165 4366 ⁸)
2230 4291 2313 4355 In
2359 4290 2559 4355 comi-

595 4379 709 4442 tiis
764 4379 857 4441 ita
911 4377 1079 4441 mihi
1135 4375 1534 4459 temperavi,
1591 4396 1674 4439 ne
1732 4374 1940 4439 ullum
1999 4383 2173 4441 esset
2229 4376 2358 4440 nisi
2412 4374 2554 4441 1000

640 4463 901 4542 ositum,
943 4461 1067 4528 1100
1103 4471 1220 4541 est,
1262 4461 1453 4526 sicuti
1487 4481 1593 4525 res
1631 4459 1951 4544 exigebat.
2008 4462 2138 4528 Ubi
2176 4460 2256 4526 de
2290 4461 2554 4527 inscitia

622 4569 856 4632 equor,
912 4548 1094 4613 illam
1138 4566 1307 4631 quae
1367 4544 1485 4610 tibi
1529 4546 1773 4629 placuit
1816 4548 2265 4629 exceptionem
2309 4546 2549 4626 addidi,

595 4656 793 4718 quam
826 4654 1109 4718 agnosco
1143 4654 1278 4698 non
1313 4630 1615 4698 debuisse
1649 4632 2015 4715 praeteriri.
2074 4634 2181 4698 Ex
2200 4634 2259 4719 ⁴)
2303 4632 2553 4699 invidis

601 4808 697 4815 ——-
732 4810 743 4813 -

618 4908 767 4964 662.
802 4906 860 4972 1)
899 4907 973 4959 M.
1011 4904 1197 4960 Calvin
1234 4923 1268 4957 a
1302 4906 1417 4959 este
1470 4923 1593 4960 vers
1630 4907 1704 4960 M.
1742 4909 1792 4960 le
1833 4908 2013 4960 ballifz
2048 4907 2117 4960 de
2152 4909 2377 4964 Thonon
2413 4926 2552 4978 pour

594 4985 883 5045 presenter
918 4974 1347 5043 Champereaulx
1382 4976 1667 5043 predicant
1702 4977 1770 5029 de
1810 4977 2107 5029 Dralliantz
2143 4983 2246 5033 etc.
2283 4977 2443 5047 (Req.
2478 4979 2555 5033 du

601 5049 818 5106 conscit
849 5047 924 5102 ad
958 5045 1042 5101 13.
1079 5046 1187 5100 Iul.
1221 5045 1345 5100 vide
1377 5062 1587 5115 quoque
1621 5047 1694 5101 N.
1732 5046 1880 5111 661.)

803 5117 863 5179 2)
900 5115 1035 5170 Vide
1068 5114 1186 5180 660,
1223 5120 1331 5168 not.
1359 5114 1445 5167 11.

801 5185 863 5248 3)
905 5182 998 5239 Sic
1022 5184 1249 5238 Vir-etus.
1281 5181 1412 5237 God.
1447 5183 1605 5239 habet
1620 5203 1635 5232 .·
1668 5186 1910 5253 repositi.
1952 5182 2245 5253 Sequentia
2274 5184 2357 5239 ita
2382 5200 2553 5238 emen·

596 5252 788 5307 danda
823 5259 885 5307 at
914 5268 1048 5320 pro.-
1085 5252 1332 5320 comitiis,
1370 5253 1517 5322 legas
1553 5254 1830 5307 conviciis.

802 5321 859 5388 4)
899 5323 954 5376 V.
994 5321 1409 5389 superscripsit.-
1448 5322 1616 5386 Quod.

2102 395 2630 465 EPISTOLAE
2671 390 3115 458 661bis-664

4485 395 4592 458 108

2654 585 2771 645 aut
2811 579 3151 645 malevolis
3191 578 3438 658 laudes,
3485 580 3720 663 quibus
3761 580 3898 647 illic
3939 599 4268 659 ornamur,
4314 587 4382 645 et
4421 601 4595 663 prae-

2653 665 2882 732 sertim
2943 685 3064 747 ego
3082 718 3097 745 ,
3159 686 3529 731 sermonem
3595 665 3863 731 daturas
3928 667 4309 750 suspicaris,
4367 663 4436 730 id
4488 665 4598 731 tibi

2652 750 2950 818 concedo.
3014 749 3149 818 Sed
3190 751 3379 817 video
3403 773 3556 817 cum
3600 772 3719 817 sua
3758 752 4231 818 obtrectatione
4269 751 4410 817 fore
4451 750 4598 816 ridi-

2654 837 2852 902 culos.
2948 836 3096 921 Ego
3146 837 3426 903 Gallasii
3488 838 3695 903 nostri
3739 858 3983 903 nomen
4025 838 4377 903 mutuabor
4440 836 4601 920 quod

2653 922 2838 1005 operi
2893 923 3262 988 inscribam.
3352 924 3502 988 Erit
3561 905 3729 988 haec
3786 924 4004 1007 opinio
4065 922 4361 988 adiutum
4421 944 4460 987 a
4501 942 4600 987 me

2654 1008 2885 1073 fuisse:
2925 1007 3169 1091 aliquid
3203 1017 3426 1074 tamen
3461 1010 3602 1075 eius
3639 1030 3781 1075 esse
3815 1009 4171 1092 proprium.
4217 1009 4364 1093 Ego
4389 1014 4601 1073 autem

2654 1095 2796 1159 eius
2841 1100 3150 1176 tanquam
3198 1115 3309 1159 ore
3355 1093 3435 1160 de
3479 1116 3585 1160 me
3620 1096 3714 1160 ita
3755 1095 4063 1177 loquutus
4106 1093 4285 1171 sum,
4343 1104 4421 1158 ut
4459 1114 4602 1177 po&

2655 1199 2794 1245 sem
2836 1179 2960 1244 hoc
3003 1187 3349 1262 praetextu
3393 1180 3659 1245 eludere
3694 1181 3752 1247 si
3788 1181 3935 1263 quis
3975 1199 4085 1244 me
4128 1187 4427 1245 autorem
4470 1199 4605 1244 esse

2655 1273 2908 1349 arguat.
2998 1264 3234 1330 Dicam
3292 1267 3466 1330 enim
3523 1266 3688 1330 mihi
3755 1266 4070 1331 iniuriam
4123 1267 4300 1343 fieri,
4358 1265 4415 1330 si
4468 1266 4606 1347 quis

2656 1350 2816 1415 adeo
2860 1370 2968 1414 mc
3008 1351 3288 1433 ineptire
3338 1352 3597 1417 sentiat.
3662 1352 3755 1416 Et
3797 1358 4022 1416 tamen
4067 1349 4222 1433 quid
4264 1350 4402 1416 illic
4443 1351 4606 1414 mihi

2657 1435 2919 1500 dabitur
2936 1437 2996 1517 ἃ)
3056 1447 3318 1518 praeter
3360 1436 3645 1503 nominis
3687 1435 4177 1502 celebritatem?
4270 1435 4454 1501 Dum
4493 1435 4608 1501 ha-

2655 1522 2847 1586 betur
2886 1521 2966 1586 de
3002 1523 3191 1587 nobis
3227 1523 3436 1588 tribus
3471 1543 3703 1602 serm0,
3743 1522 4201 1606 praedicamur
4235 1522 4446 1588 sancti
4482 1522 4610 1587 viri

2655 1615 2722 1673 et
2766 1607 2846 1672 de
2891 1606 3164 1672 ecclesia
3220 1609 3462 1691 optime
3513 1609 3748 1673 meriti.
3839 1609 4066 1691 Neque
4119 1627 4279 1673 vero
4335 1608 4462 1673 hoc
4519 1627 4611 1673 se-

2655 1691 2945 1758 cundum
3004 1691 3241 1775 puduit
3296 1691 3482 1758 nobis
3539 1713 3852 1777 arrogare
3889 1694 3965 1758 in
4008 1713 4156 1759 mea
4193 1694 4401 1776 ipsius
4458 1713 4605 1777 per·

2655 1798 2835 1843 sona.
2926 1778 3179 1843 Verum
3236 1778 3593 1862 prudentes
3650 1790 3718 1844 et
3772 1780 3919 1844 sani
3973 1801 4060 1844 ex
4115 1778 4611 1845 circumstantia

2653 1864 3113 1942 aestimabunt,
3160 1865 3332 1929 sitne
3375 1864 3540 1930 levis
3581 1865 3893 1930 iactantia
3935 1887 4020 1931 an
4062 1873 4434 1949 opportuna
4475 1864 4609 1949 glo-

2655 1950 2865 2014 riatio.
2927 1950 3229 2032 Denique
3266 1951 3427 2015 haec
3462 1951 3710 2034 optima
3743 1957 3847 2016 est
3885 1949 4348 2016 moderationis
4383 1950 4614 2034 regula

2656 2045 2735 2099 ut
2777 2034 2946 2098 nihil
3000 2036 3186 2101 nobis
3241 2056 3577 2101 sumamus
3634 2037 3765 2101 nisi
3805 2037 3984 2102 iusta
4025 2038 4282 2101 ratione
4326 2036 4609 2120 impulsi.

2654 2120 2804 2185 Hoc
2861 2120 2919 2185 si
2977 2119 3060 2185 ad
3118 2122 3611 2187 excusationem
3673 2122 3833 2188 satis
3889 2131 4022 2201 est,
4078 2120 4235 2205 quid
4278 2120 4394 2186 ubi
4439 2122 4615 2206 cogit

2656 2205 3055 2271 necessitas?
3127 2206 3420 2290 Crepent
3460 2228 3615 2291 ergo
3659 2207 3858 2273 medii
3902 2209 4017 2291 qui
4059 2208 4231 2273 ferre
4273 2216 4615 2291 nequeunt

2657 2299 2733 2356 ut
2785 2291 2868 2356 de
2926 2292 3113 2357 nobis
3163 2307 3343 2358 recte
3399 2295 3646 2358 sentiat
3701 2294 4043 2377 quispiam.
4133 2293 4272 2357 Nec
4324 2313 4489 2359 vero
4547 2294 4614 2357 in

2653 2377 2931 2442 historia
2975 2377 3401 2460 spectandum
3459 2379 3626 2443 mihi
3682 2380 3807 2444 fuit
3848 2387 3926 2444 ut
3966 2379 4099 2462 illis
4142 2378 4608 2444 satisfacerem.

2653 2462 2801 2528 Hac
2844 2463 3020 2527 enim
3063 2463 3327 2529 tandem
3370 2465 3624 2530 ratione
3666 2463 3733 2528 id
3778 2485 4265 2548 consequemur,
4309 2464 4369 2528 si
4400 2473 4613 2528 totam

2653 2548 2813 2613 mali
2856 2548 3114 2632 culpam
3152 2558 3270 2615 aut
3302 2571 3610 2635 magnam
3644 2558 3900 2632 partem
3935 2552 4006 2614 in
4043 2571 4163 2614 nos
4199 2549 4608 2632 recipiamus.

2653 2634 2799 2717 Ego
2842 2655 2999 2700 vero
3041 2643 3629 2719 temperamentum
3667 2636 3860 2717 quale
3892 2637 4080 2719 potui
4110 2636 4183 2700 in
4220 2645 4610 2718 argumento

2655 2719 2966 2802 perplexo
3011 2718 3297 2785 adhibui.
3387 2720 3571 2787 Nihil
3627 2720 3767 2786 dixi
3811 2721 3940 2786 nisi
3983 2719 4153 2804 quod
4189 2728 4363 2786 esset
4403 2722 4611 2787 veris·

2656 2805 2917 2870 simum.
2976 2804 3110 2872 Sed
3146 2806 3359 2872 multa
3393 2809 3590 2872 etiam
3627 2807 3978 2889 suppressi,
4011 2806 4119 2873 vel
4162 2805 4337 2890 quod
4382 2827 4612 2890 super·

2654 2911 2949 2957 vacanea
2991 2901 3183 2957 erant
3221 2893 3324 2958 vel
3366 2892 3538 2976 quod
3581 2892 3892 2957 obfutura
3933 2898 4124 2957 erant
4165 2913 4419 2959 causae.
4441 2892 4504 2980 θ)

3422 3186 3832 3195 -———-——-——.....

3564 3401 3720 3475 sss.

3083 3555 3706 3644 BALDUINU81)
3751 3556 4187 3625 OALVINO.

2829 3729 3088 3796 Moram
3118 3729 3360 3794 redi-tus
3391 3734 3658 3795 excusat.
3720 3729 4004 3796 Lutetiae
4035 3731 4276 3814 largior
4308 3732 4615 3816 evm-yda·

2657 3837 2828 3902 seyes
2868 3835 3057 3898 quam
3098 3814 3245 3897 quis
3284 3820 3607 3896 sperasset.
3656 3814 4126 3897 Pontificioram
4154 3817 4341 3899 furor
4372 3817 4448 3882 in
4469 3838 4614 3902 per-

2658 3903 2988 3986 sequendis
3010 3902 3168 3984 piis.

2978 4072 3086 4140 (Ex
3121 4073 3455 4142 autographo
3490 4071 3622 4126 Ood.
3659 4071 3866 4127 Genev.
3903 4071 4032 4139 110,
4068 4073 4158 4126 fol.
4191 4070 4301 4140 58.)

2788 4247 2852 4311 A
2895 4245 3363 4328 Monseigneur
3403 4242 3744 4309 Monsieur
3785 4243 4064 4311 Charles
4108 4243 4482 4328 despeville.

2833 4378 2904 4447 S.
2950 4381 3027 4446 P.
3094 4380 3372 4465 Ignosce
3414 4380 3807 4460 necessitati,
3857 4379 4072 4446 Carole
4111 4381 4609 4458 humanissime,

2658 4468 2715 4535 si
2771 4467 2934 4534 haec
2989 4473 3170 4532 aetas
3238 4464 3323 4530 ad
3389 4472 3650 4531 tantum
3704 4467 3920 4533 virum
3994 4475 4129 4532 tam
4197 4467 4611 4534 familiariter

2860 4769 2918 4836 5)
2953 4772 3011 4826 V.
3048 4774 3282 4828 convexit
3295 4792 3313 4825 .-
3346 4773 3595 4827 dabatur.

2658 4909 2725 4966 N
2770 4840 2918 4963 6696)
2963 4841 3116 4898 Patet
3157 4842 3441 4910 epistolam
3497 4843 3758 4909 scriptam
3804 4855 3918 4895 esse
3955 4847 4078 4909 post
4126 4840 4206 4897 N.
4241 4840 4346 4895 660
4389 4847 4443 4897 et
4486 4849 4610 4897 anto

2677 4979 2820 5034 663.
2856 4978 2887 5030 1
2952 4976 3043 5032 De
3067 4978 3375 5045 Balduino,
3411 4978 3569 5032 caius
3602 4978 3735 5033 haec
3759 4977 3949 5046 prima
3984 4976 4062 5032 ad
4096 4983 4344 5033 nostrum
4377 4979 4607 5047 epistola

2656 5063 2770 5103 esse
2861 5050 2871 5060 '
2937 5053 3055 5117 tur,
3099 5063 3239 5116 quae
3282 5046 3497 5116 quidem
3530 5046 3607 5099 ad
3640 5061 3743 5101 nos
3816 5047 4048 5108 ervenit,
4095 5052 4157 5100 at
4206 5052 4449 5101 caeterae
4489 5049 4606 5116 fere

2657 5132 2840 5172 omnes
2879 5116 3081 5170 Rochii
3122 5118 3340 5170 nomine
3423 5117 3434 5127 '
3469 5122 3630 5184 nata,
3674 5131 3767 5169 ver
3802 5131 3838 5168 a
3879 5114 4110 5181 fecimus
4144 5116 4206 5169 in
4241 5114 4492 5186 Proleyq.
4549 5114 4603 5169 Τ.

2659 5184 2770 5252 IX,
2799 5202 2858 5253 p.
2892 5183 2963 5237 43
3009 5199 3114 5253 seq.
3187 5184 3352 5238 Anno
3381 5131 3526 5236 {⁸344
3571 5189 3815 5252 ver-yeme
3863 5184 4075 5238 videtur
4115 5184 4354 5252 primam
4399 5185 4606 5240 adiisse

2664 5254 2976 5321 Calvinum,
3021 5259 3134 5306 tam
3181 5253 3460 5307 Lutetiam
3507 5258 3555 5306 et
3603 5253 4026 5320 Arymtoratum
4082 5255 4434 5322 concessisse,
4478 5268 4603 5307 mox

2661 5322 2915 5377 Parisios
2967 5321 3261 5377 redituras.
3333 5321 3596 5376 Fortasse
3661 5328 3842 5376 tamen
3892 5321 4099 5390 aliquis
4152 5323 4438 5378 coniecerit
4486 5337 4602 5376 eum
