4825 6175
190 409 289 472 121

182 589 476 660 tuen’dum
519 596 773 674 putant.
843 588 1145 656 Farellus
1185 589 1552 656 Tus-sanum
1594 590 1856 675 cogitat.
1884 594 1905 633 ¹
1920 592 1972 675 ¹)
2038 590 2117 657 Si

183 679 307 746 fieri
344 684 562 760 posset
601 683 682 741 ut
723 674 807 741 ad
852 674 1025 741 diem
1058 675 1244 741 Iovis
1288 674 1534 759 aliquid
1568 677 1695 742 hac
1730 675 1812 742 de
1848 698 1922 742 re
1957 677 2117 743 scri-

181 767 364 841 beres,
405 761 572 827 mihi
614 761 1177 827 consultissimum
1220 762 1575 827 videretur.
1667 762 1839 828 Nam
1883 784 2117 828 vereor

180 871 254 916 ne
293 848 510 931 gravis
552 849 746 913 ruina
789 855 1103 929 sequatur
1151 848 1432 913 Tuscani
1476 847 1853 928 discessum,
1911 849 1968 914 si
2012 868 2116 913 ec-

178 935 421 1003 clesiam
472 933 656 999 illam
711 933 989 1000 deserat.
1093 931 1172 1000 Si
1226 934 1384 1017 quid
1442 935 1811 1016 scripturus
1876 955 1964 1010 es,
2033 933 2118 999 da

177 1040 421 1105 operam
464 1027 541 1086 ut
583 1019 819 1085 saltem
861 1017 945 1084 ad
990 1018 1161 1085 diem
1198 1018 1481 1085 Veneris
1515 1020 1578 1084 N
1582 1040 1919 1086 eocomum
1960 1021 2117 1085 mit-

178 1115 354 1184 tatur,
416 1113 531 1171 aut
586 1106 878 1170 Bernam
940 1106 1023 1170 ad
1077 1104 1253 1170 diem
1302 1103 1593 1184 sabbati,
1657 1115 1771 1171 aut
1815 1104 1896 1171 ad
1942 1105 2115 1171 diem

177 1192 552 1258 dominicum
612 1192 671 1256 si
724 1190 1034 1273 expedire
1091 1190 1431 1256 iudicaris:
1493 1189 1627 1257 Sed
1685 1192 1743 1257 si
1786 1191 1891 1256 die
1935 1192 2116 1258 Iovis

175 1279 562 1345 Neocomum
605 1278 1026 1359 perferretur,
1074 1275 1181 1341 die
1224 1277 1505 1341 Veneris
1548 1277 1842 1342 Bernam
1885 1298 2116 1342 conce-

175 1363 343 1430 deret
401 1363 518 1446 qui
580 1384 728 1427 eam
782 1362 1181 1446 legationem
1237 1363 1571 1446 suscipiet.
1675 1363 1810 1429 Sed
1868 1363 1948 1428 de
2008 1363 2115 1428 his

173 1449 462 1516 omnibus
502 1470 696 1533 agam
740 1469 893 1514 cum
938 1448 1210 1514 Farello.
1301 1449 1662 1532 Postquam
1703 1456 1851 1514 tuas
1886 1448 2115 1515 literas

173 1535 489 1612 habemus,
535 1536 849 1601 faciemus
893 1534 1070 1617 quod
1109 1532 1440 1600 videbitur
1484 1535 1864 1600 consultius.

327 1620 606 1687 Gaudeo
640 1623 733 1686 sic
766 1620 1144 1686 consultum
1174 1641 1318 1686 esse
1345 1620 1628 1687 Girardo
1658 1630 1732 1686 ut
1754 1620 1984 1687 scribis
2010 1621 2110 1697 ¹²).

169 1707 241 1771 Id
279 1709 457 1771 enim
498 1728 704 1790 quum
747 1704 832 1770 ad
876 1715 941 1771 te
975 1707 1209 1788 scripsi
1241 1707 1627 1790 cogitabam.
1691 1707 1941 1772 Misisti
1975 1714 2114 1771 tres

170 1801 499 1859 coronatos
562 1791 677 1856 sed
743 1793 933 1857 cuius
996 1792 1233 1875 gratia,
1299 1813 1434 1857 non
1498 1795 1836 1876 scripsisti.
1937 1792 2115 1857 Mihi

170 1899 308 1963 ergo
367 1879 742 1963 significato
810 1878 1022 1959 primo
1084 1898 1343 1961 quoque
1405 1886 1718 1961 tempore.
1828 1878 2114 1962 Reliqua

170 1966 488 2029 committo
544 1964 887 2029 tabellario
941 1964 1054 2046 qui
1106 1972 1333 2028 nostra
1384 1966 1605 2030 omnia
1648 1964 1847 2030 novit.
1937 1965 2112 2029 Nam

169 2050 311 2116 adeo
352 2051 597 2117 obruor
638 2058 717 2114 ut
759 2050 873 2114 vix
916 2050 1227 2115 suffurari
1271 2050 1394 2116 hoc
1427 2050 1762 2116 tantillum
1798 2050 2114 2134 temporis

168 2137 478 2218 potuerim
525 2157 653 2219 quo
694 2135 859 2201 haec
904 2135 987 2200 ad
1033 2144 1097 2200 te
1138 2137 1383 2219 raptim
1418 2136 1792 2202 scriberem.
1884 2135 2114 2218 Scrip-

169 2223 380 2288 sissem
424 2222 514 2288 ad
543 2222 866 2287 Textorem
908 2222 967 2286 si
1009 2229 1323 2287 vacasset.
1390 2221 1721 2305 Cuperem
1761 2221 2114 2287 admodum

167 2328 300 2372 eum
345 2308 688 2391 hucusque
744 2306 1051 2373 advolare
1104 2328 1303 2374 causa
1357 2308 1603 2373 uxoris.
1628 2310 1713 2385 ¹⁸)
1801 2307 1975 2373 Nam
2015 2307 2116 2373 illi

167 2393 343 2459 valde
397 2402 648 2458 metuo.
752 2390 890 2458 Sed
949 2401 1105 2458 ante
1161 2400 1306 2460 octo
1364 2401 1479 2458 aut
1536 2392 1760 2459 decem
1816 2393 1955 2458 dies
1997 2394 2115 2458 vix

165 2501 263 2545 ero
302 2480 503 2546 domi.
594 2478 674 2546 Si
702 2479 1010 2544 'Bernam
1065 2478 1433 2553 concedam.
1499 2501 1626 2562 quo
1682 2491 1943 2562 praeter
1997 2501 2114 2545 ne-

167 2565 400 2649 gotium
465 2565 743 2630 fratrum
797 2586 905 2630 me
960 2566 1159 2630 etiam
1202 2565 1494 2630 invitant
1535 2564 1757 2648 aliqua
1797 2585 1884 2630 ex
1928 2573 2115 2648 parte

166 2672 233 2716 ea
281 2651 362 2717 de
416 2649 659 2735 quibus
719 2665 933 2715 tecum
991 2650 1257 2727 contuli,
1317 2648 1398 2715 de
1448 2652 1686 2717 comite
1740 2659 1808 2716 et
1849 2651 2000 2717 aliis
2042 2651 2115 2716 id

166 2758 359 2821 genus
401 2736 709 2819 negotiis.
802 2735 1116 2802 Salutant
1157 2745 1224 2801 te
1264 2737 1490 2802 nostri.
1561 2736 1796 2802 Saluta
1837 2758 2113 2802 uxorem

165 2830 221 2887 et
261 2822 672 2889 domesticos.
766 2822 1074 2888 Nicotaus
1126 2843 1259 2888 non
1308 2829 1412 2887 est
1461 2821 1590 2889 hic.
1669 2823 1771 2888 Eo
1818 2823 1963 2904 ipso
2009 2823 2115 2888 die

164 2928 277 2991 quo
321 2918 482 2975 tuae
522 2909 757 2974 literae
811 2908 975 2973 mihi
1031 2907 1325 2974 redditae
1369 2917 1545 2988 sunt,
1594 2908 1904 2975 Nicotaus
1945 2909 2114 2974 Ber-

161 3014 304 3059 nam
347 3000 786 3074 concesserat,
843 2996 1083 3061 missus
1127 3014 1168 3058 a
1209 2994 1574 3079 Morgiensi
1619 2993 1846 3070 classe,
1905 3002 1981 3059 ut
2034 2994 2114 3060 il-

159 3076 291 3147 lum
329 3080 628 3148 habeant
670 3080 1067 3147 ministrum.
1134 3078 1321 3146 Vale.
1392 3080 1790 3148 Lausannae
1827 3079 1925 3146 28.
1958 3079 2114 3146 Iulii

1297 3269 1483 3334 Tuus
1527 3271 1601 3335 Τ.
1648 3269 1939 3334 Viretus.

940 3616 1047 3622 -.---
1060 3615 1359 3623 „am-Q

1063 3882 1211 3953 670.

640 4020 1130 4089 MYCONIUS
1174 4022 1643 4089 FARELLO.

337 4192 670 4257 Tossauus
733 4193 916 4258 exsul
977 4192 1293 4259 Basileae.
1388 4194 1759 4259 Novissima
1816 4213 1892 4257 ex
1947 4193 2121 4260 Wor-

168 4278 383 4342 macia.
478 4278 790 4344 Rumores
832 4280 1086 4345 sinistri
1128 4300 1206 4345 esc
1250 4281 1405 4346 aula
1447 4281 1643 4362 reaia.

169 4445 270 4509 (Ex
314 4449 648 4518 apographis
683 4449 893 4502 duobus
931 4449 1132 4503 Genev.
1172 4452 1301 4506 Cod.
1339 4451 1469 4504 111Ιι
1498 4492 1512 4517 ,
1550 4450 1641 4503 fol.
1678 4449 1746 4503 66
1784 4456 1839 4501 et
1877 4449 1992 4516 116,
2028 4449 2120 4503 fol.

170 4513 247 4569 95.
299 4518 594 4586 Descripta
629 4526 809 4571 exstat
847 4535 1060 4587 quoque
1081 4520 1291 4574 Bernae
1327 4521 1469 4590 Epp.
1510 4519 1629 4573 VII.
1666 4537 1716 4588 p.
1756 4516 1856 4570 707
1892 4524 1949 4571 et
1980 4518 2122 4587 apud

172 4584 452 4640 Simlerum
504 4589 540 4640 l.
577 4588 612 4639 l.
653 4588 947 4657 Inscriptio
996 4591 1167 4641 abest.
1252 4590 1412 4642 Prius
1464 4590 1599 4641 illud
1636 4588 1913 4656 exemplar
1948 4587 2123 4640 Gene-

172 4670 325 4709 vense
361 4658 433 4709 ab
472 4673 798 4711 amanuense
821 4657 1001 4709 Vireti
1038 4659 1372 4727 descriptum
1410 4665 1465 4710 et
1485 4658 1708 4712 Calvino
1744 4658 1967 4709 missum
2002 4657 2122 4721 fuit,

867 4744 973 4777 una
1007 4743 1128 4779 cum
1164 4726 1231 4779 N.
1271 4726 1414 4793 677.)

338 5052 433 5113 11)
483 5051 595 5119 Qui
627 5060 806 5107 tamen
844 5053 1318 5115 Monbelqardiam
1353 5068 1602 5103 reversus
1636 5059 1727 5103 est.

339 5118 431 5186 12)
452 5121 749 5202 ‘Epistola‘
774 5121 993 5175 Calvim‘
1029 5121 1103 5173 Ν.
1140 5119 1242 5200 662
1280 5121 1347 5172 de
1380 5122 1480 5173 hoc
1514 5121 1656 5171 nihil
1691 5122 1861 5175 habet.

174 5199 293 5254 “⁹⁰
328 5190 1415 5319 ’1113σὲἕὲᾞὲῗέαξῖῗὲἳεέἵὲῒὶἶῗέὧ
1430 5189 1933 5325 matta-⁶22...
1962 5257 2120 5311 am-

178 5336 361 5392 umque
397 5326 657 5393 reddidit,
694 5336 743 5381 et
778 5328 996 5382 tandem
1030 5342 1178 5395 spem
1215 5326 1410 5380 salutis
1446 5343 1650 5380 omnem
1687 5328 1740 5379 ei
1770 5326 1981 5380 ademit.

1937 5121 2123 5172 Aliam

1971 404 2136 468 1545
2181 400 2376 471 JUL.

4066 409 4183 472 122

2394 591 2639 656 Petrus
2704 591 3027 658 Tossanus
3083 590 3316 657 relicto
3381 590 3681 675 principe
3736 613 3856 659 suo
3913 595 4185 660 commi-

2221 677 2442 760 gravit
2487 677 2570 742 ad
2612 697 2751 743 nos.
2780 677 2831 758 ¹)
2919 677 3109 743 Uxor
3163 698 3318 742 cum
3369 676 3593 743 liberis
3650 677 3900 762 aliquot
3954 678 4185 747 diebus

2220 769 2482 828 retenta
2536 772 2655 842 est,
2715 763 2773 828 si
2827 764 2920 828 sic
2972 773 3193 845 posset
3243 762 3385 845 ipse
3437 765 3694 829 moveri
3738 763 3821 829 ad
3865 764 4179 831 reditum:

2221 848 2337 914 sed
2380 870 2488 914 res
2533 857 2636 914 est
2677 854 2932 914 tentata
2975 850 3239 913 frustra.
3331 848 3628 914 Tandem
3688 850 3844 932 quid
3900 851 4185 935 principi

2219 934 2486 999 venerit
2526 935 2600 998 in
2643 942 2936 1000 mentem
2980 935 3219 1013 nescio,
3266 944 3333 998 et
3373 934 3523 999 illos
3559 935 3810 1001 dimisit
3850 957 3989 1001 una
4032 959 4185 1002 oum

2222 1020 2626 1103 supellectile
2682 1020 2951 1104 reliqua.
3052 1021 3293 1086 Tentat
3346 1027 3569 1086 tamen
3612 1021 3828 1088 adhuc
3872 1021 4184 1089 reducere

2220 1104 2481 1171 blande.
2583 1106 2789 1171 Petiit
2838 1115 2916 1170 ut
2973 1105 3218 1171 scribat
3258 1104 3495 1188 quibus
3538 1117 3855 1190 gravatus
3897 1108 3985 1173 sit
4024 1107 4183 1173 hac-

2218 1197 2447 1256 tenus:
2493 1199 2875 1257 curaturum
2917 1214 2988 1257 se
3033 1200 3109 1256 ut
3144 1212 3312 1275 quae
3347 1192 3484 1255 sint
3518 1191 3927 1258 emendanda
3961 1214 4183 1259 emen-

2220 1274 2482 1342 dentur.
2572 1279 3054 1360 Exspectamus
3097 1279 3322 1360 itaque
3366 1277 3521 1362 quid
3565 1279 3769 1361 possit
3813 1299 3956 1344 esse
4000 1279 4180 1345 futu-

2219 1383 2399 1427 rum:
2461 1360 2633 1446 quod
2691 1363 2954 1446 quidem
3010 1364 3065 1428 si
3119 1364 3317 1428 fuerit
3370 1383 3410 1428 a
3451 1385 3525 1428 re
3567 1363 3861 1443 Domini,
3920 1375 4182 1431 consta-

2218 1446 2319 1512 bit
2360 1448 2706 1514 cuiusnam
2741 1449 3089 1515 consilium
3126 1450 3454 1515 exstiterit
3496 1449 3822 1529 abitionis,
3866 1450 3940 1514 in
3983 1472 4184 1534 quam

2222 1553 2344 1617 ego
2387 1555 2732 1618 nunquam
2775 1536 2957 1618 potui
3002 1535 3391 1610 consentire,
3450 1534 3655 1601 donec
3706 1547 3967 1601 coactus
4012 1559 4180 1602 sum.

2221 1619 2640 1686 Wormaciae
2670 1631 2828 1686 sunt
2871 1620 3085 1686 adhuc
3113 1619 3351 1687 Caesar
3380 1628 3447 1685 et
3470 1622 3933 1688 Fordinandus.
4003 1621 4184 1703 Quid

2220 1715 2423 1788 agant
2499 1706 2847 1772 nescimus.
2955 1706 3198 1772 Infesti
3275 1716 3432 1772 sunt
3494 1708 3839 1792 evangelio
3905 1705 4181 1787 Christi,

2218 1791 2389 1873 quod
2412 1802 2680 1857 certum.
2750 1790 3114 1859 Conciones
3137 1793 3615 1876 Augustiniani
3636 1793 4107 1860 Colmariensis
4123 1794 4183 1873 2)

2220 1876 2674 1942 Fordinandus
2714 1876 2900 1943 audit
2940 1878 3318 1960 frequenter
3332 1929 3349 1956 ,
3396 1877 3637 1945 Caesar
3676 1879 3911 1956 nullas,
3959 1892 4035 1943 ut
4077 1879 4183 1945 cui

2220 1962 2539 2029 satisfacit
2580 1963 2814 2047 religio
2859 1963 3216 2046 hispanica.

2393 2048 2579 2115 Civis
2621 2048 3012 2115 Basiliensis
3056 2050 3333 2116 veniens
3374 2050 3482 2115 his
3526 2048 3759 2116 diebus
3805 2072 3889 2117 ex
3933 2051 4013 2116 Ti

2219 2133 2389 2198 mihi
2433 2135 2749 2213 narravit,
2795 2135 3130 2212 nuncium,
3174 2136 3289 2219 qui
3323 2144 3591 2219 propter
3624 2136 4022 2203 Waldenses
4055 2137 4183 2202 fuit

2218 2221 2459 2286 missus
2487 2220 2569 2286 ad
2601 2221 2876 2300 Gallum,
2911 2220 3186 2287 rediisse
3224 2222 3367 2287 sine
3402 2221 3631 2296 literis,
3679 2221 3925 2288 dixisse
3959 2230 4183 2288 autem

2219 2326 2307 2371 ex
2365 2327 2478 2371 ore
2529 2306 2708 2372 Galli
2751 2306 3081 2373 audivisse
3125 2329 3227 2373 se:
3287 2306 3467 2388 Quid
3511 2307 3668 2373 isti?
3738 2309 3885 2392 Ego
3923 2306 4183 2393 perdidi

2217 2391 2600 2457 haereticos.
2702 2394 2923 2475 Atque
2977 2393 3103 2459 hac
3165 2413 3320 2459 voce
3363 2393 3607 2460 multos
3651 2394 4021 2477 Tigurinos,
4064 2396 4183 2476 qui

2218 2478 2511 2543 faverint
2559 2477 2745 2544 Gallo
2760 2528 2775 2556 ,
2822 2478 3020 2561 plane
3064 2478 3392 2545 defecisse.
3483 2478 3562 2546 Si
3614 2479 3776 2545 haec
3819 2501 3981 2545 vera
4020 2486 4182 2545 sunt

2219 2583 2340 2646 ego
2383 2571 2560 2629 certe
2605 2563 2914 2640 admiror,
2960 2565 3264 2646 quamvis
3307 2565 3488 2632 Galli
3520 2566 3827 2647 impietas
3870 2587 3910 2630 a
3953 2564 4182 2631 multis

2217 2649 2351 2712 iam
2394 2650 2587 2715 annis
2625 2649 2828 2715 fuerit
2869 2649 3037 2714 mihi
3082 2659 3150 2715 et
3191 2652 3495 2717 omnibus
3538 2652 3897 2717 notissima.
3987 2649 4179 2729 Vale,

2218 2743 2286 2800 et
2340 2734 2685 2801 Christum
2741 2756 2862 2819 pro
2916 2757 3026 2800 me
3082 2746 3296 2802 orato:
3364 2737 3681 2803 mutuiter
3748 2738 3982 2802 fratres
4032 2737 4182 2818 pios

2219 2819 2441 2887 valere
2484 2821 2675 2905 cupio
2717 2821 2789 2886 in
2834 2822 3138 2887 Domino.
3229 2823 3533 2889 Basileae
3585 2825 3829 2907 raptim
3874 2825 3977 2889 29.
4022 2821 4180 2888 Iulii

2220 2927 2394 2972 anno
2446 2911 2627 2971 1545.

3359 2982 3368 2994 ”
3433 3010 3786 3096 Myconius
3829 3019 4002 3076 tuus.

3132 3625 3275 3695 6¹71.

2687 3778 3236 3846 BALDUINUS
3281 3779 3720 3846 CALVINO.

2398 3952 2572 4018 Fere·
2602 3952 2877 4017 eiusdem
2921 3953 3273 4035 armamenti
3315 3970 3389 4017 ac
3423 3953 3614 4034 prior
3670 3952 3933 4032 epistola
3985 3955 4180 4033 pauco

2225 4044 2368 4103 ante
2408 4040 2642 4102 missa:
2686 4037 2802 4103 hac
2845 4039 3119 4102 amioum
3177 4037 3490 4119 quendam
3540 4037 3855 4103 Genevam
3887 4040 4181 4121 pronitas-

2224 4130 2453 4190 centem
2495 4123 2891 4202 commendat,
2933 4124 3071 4203 ipse
3111 4143 3254 4188 ἠοω
3296 4129 3691 4204 sequuuoeus.

2255 4431 2402 4486 670.
2436 4430 2495 4499 1)
2534 4430 2960 4496 Christophorus
2993 4444 3182 4494 comes,
3216 4446 3327 4484 non
3363 4429 3634 4498 Georgius
3667 4436 3728 4483 ut
3751 4429 4013 4484 Simlerus
4048 4430 4178 4496 vult,

2226 4502 2355 4554 inde
2401 4502 2471 4554 ab
2526 4514 2675 4551 anno
2725 4496 2862 4550 1542
2911 4498 3349 4563 Monbekardici
3402 4501 3686 4551 comitante
3745 4499 4179 4566 administrator,

2227 4570 2642 4637 Anyelandrum
2688 4573 2737 4620 et
2773 4567 3053 4619 Blaesium
3108 4569 3375 4635 theoloqos
3413 4566 3776 4635 Lutlieranos,
3822 4584 3856 4620 α
3897 4567 4179 4632 Selmepfto

2227 4640 2332 4691 sibi
2367 4637 2765 4690 commendatos
2799 4637 3170 4699 arcessiverat‚
3218 4642 3270 4688 et
3297 4650 3398 4703 per
3433 4651 3522 4688 eos
3557 4638 3700 4688 ritus
3735 4643 3783 4687 et
3828 4637 3965 4701 loyes
3999 4636 4179 4690 eccles.

2222 4713 2391 4773 prout
2440 4707 2502 4758 in
2547 4706 2750 4758 ducatu
2797 4704 3231 4769 Wirtemberyz'co
3277 4705 3532 4757 valebant
3577 4706 3736 4758 etiam
3781 4704 3894 4757 mic
3936 4705 4178 4769 promul·

2223 4776 2444 4842 gandae
2489 4776 2722 4827 curavit.
2812 4772 2970 4840 Quod
3012 4781 3134 4838 post
3178 4774 3370 4824 varias
3415 4775 3668 4841 ambayes
3713 4773 4010 4824 Tossanum
4055 4789 4176 4841 per—

2226 4846 2393 4896 movit
2426 4849 2489 4896 ut
2527 4842 2944 4907 Monbelqardia
2979 4842 3167 4893 relicta
3202 4841 3478 4894 Basileam
3535 4858 3591 4895 se
3625 4840 3904 4906 conferret,
3953 4858 4018 4893 ea*
4065 4858 4177 4910 qua

2227 4914 2361 4964 urbe
2406 4911 2460 4963 d.
2506 4911 2588 4963 19.
2629 4913 2763 4978 Apr.
2813 4911 2888 4963 ad
2925 4911 3234 4977 principem
3281 4912 3503 4977 scripsit
3547 4912 3853 4963 missionem
3902 4910 4179 4977 flayitam.

2172 4982 2178 5055 ξ
2234 4981 2345 5035 Sub
2408 4980 2569 5043 finem
2634 4982 2776 5031 anni
2824 4979 3204 5032 conciliatione
3256 4979 3408 5042 faeta
3439 4979 3942 5055 ,Monbelyardiam
3997 4979 4178 5035 rediit.

2172 5058 2178 5127 ι
2231 5050 2436 5118 (Heyd,
2469 5049 2576 5100 ΗΖ.
2609 5046 2796 5102 Ulrt'ch
2822 5047 2947 5100 111.
2979 5048 3094 5099 152.
3149 5046 3490 5112 Goyuel‚rof.
3514 5049 3579 5098 de
3602 5047 3977 5100 BIontbo'liard
3990 5066 4043 5114 p.
4060 5047 4176 5111 44).

2434 5116 2494 5179 2)
2535 5118 2617 5169 Io.
2656 5118 3016 5183 Hoffmeister,
3071 5118 3297 5180 Auyust.
3342 5113 3506 5169 Colm.
3540 5118 3714 5182 prior,
3759 5120 4177 5181 protestantium

2228 5187 2432 5239 ardens
2467 5185 2840 5249 adversarius,
2885 5186 2982 5254 qui
3022 5185 3257 5236 maxime
3291 5185 3353 5235 in
3387 5185 3618 5237 comitiis
3653 5186 3885 5250 imperii,
3937 5184 4176 5239 Worma·

2228 5258 2336 5310 tiae
2382 5260 2433 5308 et
2469 5252 2819 5318 Rattsbonae,
2867 5251 3347 5306 concionabundus
3381 5252 3486 5304 eelz·
3520 5254 3609 5303 sui
3644 5252 3961 5306 documenta
3991 5253 4177 5307 edebat

2228 5331 2278 5377 et
2311 5340 2362 5377 a.
2404 5321 2536 5376 1546
2573 5329 2633 5375 in
2668 5324 2770 5377 hac
2803 5324 3096 5390 posteriori
3126 5322 3257 5374 urbe
3292 5321 3555 5390 colloquio
3589 5321 3854 5386 interfuit.
