4825 6175
165 436 241 498 73
1763 446 1924 508 1545
1966 442 2568 514 APRJL.-MA1.

160 628 225 686 te
292 623 754 690 contenderem
843 635 910 692 et
991 628 1107 694 tibi
1190 651 1310 713 pro
1354 651 1637 697 summa
1712 631 1829 697 illa
1904 633 2108 698 animi

158 709 401 791 pietate
474 717 669 792 atque
750 712 1190 794 humanitate,
1270 737 1466 801 quam
1541 719 1865 801 insignem
1941 719 2106 783 mihi

158 794 546 874 exhibuisti,
625 799 874 879 gratias
947 820 1241 885 agerem:
1320 823 1582 882 verum,
1662 811 1740 868 ut
1818 814 1887 868 tu
1967 806 2107 889 ipse

157 879 425 945 modum
487 885 987 963 supervacaneis
1048 886 1351 952 laudibus
1415 897 1482 953 et
1550 888 1683 954 illis
1741 890 2106 973 gratiarum

157 965 527 1033 actionibus
570 970 1065 1053 praescripsisti,
1122 980 1341 1038 tecum
1386 975 1454 1038 in
1500 977 1874 1057 praesentia
1914 996 2104 1059 agam

157 1053 358 1133 (quod
406 1076 535 1120 non
583 1064 842 1120 tantum
887 1058 1149 1124 iubebat
1191 1058 1298 1123 lex
1344 1059 1461 1124 illa
1504 1059 1944 1137 Atheniensis,
1992 1083 2106 1126 ve·

156 1157 303 1201 rum
348 1139 550 1204 etiam
593 1137 956 1207 christiana
1000 1142 1192 1208 hodie
1236 1145 1557 1228 admittit)
1600 1144 1737 1210 ἄνευ
1782 1149 2108 1233 προοιμιᾰῖν

154 1227 253 1286 καὶ
294 1230 528 1288 παθῶν
574 1225 808 1291 dicere.
899 1228 1158 1295 Novisti
1205 1250 1474 1297 arcanos
1530 1242 1788 1298 nostros
1835 1233 2108 1299 affectus

156 1317 348 1390 atque
405 1311 719 1377 interiora
778 1314 1080 1394 animi‚⁸)
1149 1315 1469 1382 desiderio
1523 1327 1783 1383 vestrae
1839 1339 2108 1384 consue-

155 1394 405 1461 tudinis
450 1399 579 1462 iam
627 1399 892 1480 penitus
936 1402 1211 1490 accepsi,
1258 1403 1557 1486 suspiria.
1647 1402 1841 1484 Quod
1886 1404 2108 1486 itaque

153 1481 357 1545 instat
412 1486 627 1565 potius
686 1486 1037 1567 perficiam.
1140 1488 1484 1568 DominuS,
1548 1512 1754 1573 spere,
1811 1492 2107 1574 ingratas

153 1566 499 1650 compedes
536 1570 914 1654 disrumpet.
983 1572 1262 1637 Interim
1299 1575 1829 1640 commendamus
1866 1577 2107 1641 sanctis

152 1654 458 1733 precibus
492 1657 732 1722 vestris
769 1656 1200 1740 dispersiones
1235 1659 1518 1740 Israelis,
1565 1664 1912 1746 praecipue
1948 1681 2106 1727 vero

151 1737 415 1804 infirma
464 1742 735 1806 Domini
774 1744 1061 1821 vascula,
1105 1765 1346 1810 uxores
1382 1755 1655 1812 nostras.
1747 1747 1885 1811 Vix
1930 1749 2106 1811 enim

151 1823 454 1890 crederes
490 1848 680 1912 quam
711 1839 884 1894 totus
908 1832 1161 1896 saeviat
1194 1843 1260 1896 et
1294 1831 1626 1897 crudelius
1666 1834 1876 1916 magis
1911 1842 2106 1916 atque

150 1915 355 1998 magis
400 1913 709 2000 insurgat
754 1927 978 1981 noster
1014 1917 1399 1983 Antiochus.
1417 1919 1473 2003 ⁴)
1561 1918 1907 1985 Publicata
1953 1928 2110 1984 sunt

155 1997 360 2067 edicto
406 2002 612 2065 etiam
660 2004 865 2085 ipsius
915 2002 1171 2085 publico
1216 2013 1396 2068 certa
1444 2004 1759 2086 quaedam
1801 2004 2109 2088 dogmata

154 2094 344 2169 atque
391 2087 656 2154 articuli
715 2088 1052 2153 doctorum
1098 2090 1587 2155 Levanensium
1642 2090 1852 2155 multo
1895 2090 2106 2175 magis

154 2171 521 2256 blasphemi
575 2195 770 2257 quam
824 2173 921 2236 illi
980 2174 1415 2258 Serboniei.⁶)
1516 2176 1845 2240 Misissem
1894 2174 1977 2241 ad
2020 2185 2104 2255 te,

154 2258 256 2323 sed
302 2281 446 2324 non
490 2258 618 2324 fuit
661 2261 866 2324 otium
915 2280 1025 2325 eos
1067 2260 1387 2338 vertendi,
1435 2282 1587 2325 nam
1623 2261 1940 2328 flandrica
1984 2262 2105 2325 lin-

152 2365 272 2427 gua
328 2345 566 2428 scripti
621 2353 791 2412 sunt.
889 2344 1218 2411 Dominus
1279 2345 1575 2413 Falesius
1619 2348 1760 2412 heri
1818 2349 1948 2413 huc
1993 2370 2103 2412 ve-

148 2431 253 2495 nit.
273 2432 330 2507 ⁶)
398 2431 609 2496 Illum
653 2434 1007 2496 convenire
1050 2439 1244 2516 atque
1279 2433 1519 2516 alloqui
1556 2433 1667 2499 vix
1712 2434 1912 2518 potui,
1960 2442 2104 2498 tum

151 2517 223 2581 ob
269 2516 656 2595 discessum,
704 2528 845 2582 tum
890 2518 1089 2582 etiam
1134 2519 1287 2600 quia
1329 2520 1404 2598 is,
1451 2526 1526 2583 ut
1547 2518 1712 2583 mihi
1754 2520 2103 2585 renuncia-

148 2609 280 2666 tum
324 2614 454 2683 est,
501 2602 582 2668 de
624 2603 878 2669 itineris
912 2604 1211 2668 molestia
1244 2604 1456 2669 lassus
1492 2604 1690 2669 dubia
1726 2606 2102 2672 valetudine

152 2686 592 2753 decumbebat.
682 2688 908 2770 Quare
964 2710 1083 2773 ego
1142 2710 1260 2755 nos
1317 2692 1524 2775 ipsos,
1592 2693 1878 2755 maxime
1947 2713 2100 2758 vero

150 2775 331 2839 etiam
375 2774 504 2839 illa
545 2769 911 2840 infirmiora
943 2774 1230 2854 vascula,
1278 2788 1349 2840 ut
1386 2775 1541 2856 dixi,
1589 2797 1676 2840 ex
1712 2778 1934 2842 animo
1980 2778 2099 2843 tibi

149 2858 546 2927 commendo,
614 2861 750 2926 Nos
796 2861 993 2925 etiam
1039 2861 1298 2925 interim
1347 2862 1415 2925 in
1462 2863 1704 2927 nostris
1748 2864 2098 2947 gemitibus

149 2952 206 3009 et
257 2945 580 3031 lacrymis
635 2944 877 3025 (adhuc
937 2947 1111 3010 enim
1176 2949 1238 3010 iu
1308 2947 1439 3012 illis
1500 2948 1970 3031 acquiescimus
2031 2958 2099 3014 et

148 3028 290 3097 dum
348 3032 548 3098 nobis
589 3031 919 3098 Dominus
975 3033 1171 3098 aliam
1227 3034 1735 3099 consolationem
1793 3035 2098 3102 ostendat

147 3118 221 3182 ad
275 3138 386 3184 eas
446 3120 876 3195 recurrimus)
943 3119 1233 3185 Domino
1288 3119 1888 3187 commendabimus
1944 3143 2094 3187 ves-

146 3210 312 3270 trum
355 3211 699 3272 certamen
743 3214 1173 3287 sanctumque
1217 3206 1676 3270 ministerium.
1743 3206 1868 3272 Ille
1913 3208 2094 3273 dabit

147 3289 306 3357 vires
351 3298 419 3356 et
470 3290 751 3357 sufficiet
808 3292 1061 3356 animos
1116 3311 1309 3373 pares
1365 3298 1589 3356 tantae
1644 3292 1838 3357 molis
1891 3295 2089 3376 operi.

148 3373 348 3443 Maior
407 3382 520 3443 ost
579 3377 908 3442 Dominus
973 3398 1169 3459 quam
1232 3376 1347 3441 ille
1414 3378 1626 3443 hostis
1694 3379 2091 3444 communis:

147 3463 373 3539 maior,
430 3462 710 3546 inquam
731 3514 746 3541 ‚
808 3470 907 3528 est
953 3460 1259 3528 Christus
1312 3464 1497 3528 cuius
1543 3464 1834 3546 auspicia
1877 3464 2092 3546 sequi-

147 3548 297 3612 mini
338 3559 409 3616 et
458 3547 803 3615 classicum
848 3549 983 3613 iam
1018 3549 1142 3613 toti
1196 3549 1339 3614 orbi
1381 3549 1715 3614 intonatis.
1792 3549 2090 3615 Necdum

150 3638 237 3697 tot
275 3637 474 3701 annis
516 3635 748 3700 luctati
792 3635 950 3699 estis
1004 3641 1160 3715 quot
1202 3634 1577 3717 prophetae,
1625 3635 1733 3719 qui
1775 3636 1844 3700 in
1890 3636 2093 3701 simili

151 3737 335 3786 arena
396 3730 566 3789 sunt
621 3721 882 3787 versati.
989 3719 1271 3785 Ventum
1328 3728 1428 3786 est
1490 3721 1573 3786 ad
1631 3742 1964 3788 summum
2028 3730 2095 3786 et

152 3825 284 3888 spes
326 3809 506 3876 bona
560 3808 740 3873 fovet
783 3827 921 3873 nos.
1009 3806 1154 3873 Iam
1213 3808 1391 3871 enim
1435 3804 1641 3872 Satan
1700 3815 1899 3890 atque
1953 3809 2093 3875 eius

152 3893 423 3958 ministri
466 3892 775 3959 exhausti
819 3890 1139 3956 malorum
1184 3891 1498 3957 videntur
1540 3912 1769 3957 omnes
1812 3894 2093 3960 nocendi

155 3985 313 4043 artes
356 3978 735 4045 adhibuisse
779 3987 977 4061 atque
1014 3978 1211 4042 etiam
1255 3978 1640 4060 profudisse.
1728 3979 1891 4042 Fuit
1926 3980 2095 4044 Baal

154 4060 217 4125 in
256 4064 491 4148 populo
535 4064 899 4130 Israelitico
959 4063 1185 4128 multis
1227 4063 1420 4128 annis
1480 4073 1833 4147 antequam
1874 4065 2091 4129 insur-

155 4161 373 4229 gerent
412 4150 791 4234 prophetae.
880 4149 1013 4216 Ubi
1054 4170 1212 4216 vero
1256 4149 1657 4215 Hieroboam
1704 4150 1876 4217 hanc
1920 4149 2093 4213 εἰδω-

156 4235 427 4314 lupanar
470 4237 643 4302 tueri
686 4237 928 4319 coepit,
983 4246 1123 4300 tum
1180 4235 1367 4300 velut
1424 4236 1688 4319 agmine
1732 4237 1898 4301 facto
1943 4258 2093 4300 eru-

154 4332 379 4400 perunt
418 4322 781 4407 prophetae
825 4342 866 4386 a
907 4321 1052 4386 Deo
1098 4321 1325 4398 exciti,
1385 4331 1451 4386 et
1503 4321 1819 4403 paulatim
1879 4324 2093 4404 coepit

158 4408 479 4475 concidere
535 4406 812 4483 idolum,
882 4405 1056 4490 quod
1104 4407 1172 4471 in
1238 4407 1478 4490 populo
1533 4405 1666 4471 Dei
1730 4408 2091 4491 principem

155 4488 353 4558 locum
398 4493 699 4559 habebat.
788 4493 1056 4559 Luctati
1102 4504 1257 4558 sunt
1300 4493 1657 4576 prophetae
1706 4493 1898 4558 annis
1940 4493 2093 4575 plus

157 4595 336 4657 quam
379 4580 757 4664 quingentis
807 4578 1125 4644 adversus
1179 4578 1303 4643 hoc
1347 4578 1611 4656 malum,
1668 4598 1788 4643 nec
1832 4588 2092 4643 tantum

344 4819 404 4886 3)
453 4818 646 4873 Utrum
697 4820 829 4873 haee
889 4818 1193 4887 significent
1252 4817 1505 4885 Crispum
1578 4817 1822 4899 nondum
1880 4818 2095 4886 publice

159 4889 689 5012 ιειῑέιιπριέίῗξᾶεἰιέῗνίε
730 4888 893 4954 fidem
941 4888 1184 4951 dedisse,
1239 4903 1314 4939 an
1351 4887 1507 4941 aliud
1543 4888 1830 4956 qutdptam
1867 4888 1974 4941 sibe
2008 4903 2091 4941 ve·

160 5093 206 5141 h
252 4997 265 5022 ⁹
347 5023 406 5091 4)
445 5025 536 5107 De
584 5025 841 5078 Caesarie
884 5026 945 5078 in
992 5024 1183 5091 Belqio
1230 5025 1461 5105 saevitia
1506 5025 1569 5076 in
1616 5023 1949 5103 evanqelicos
1991 5039 2090 5091 pa-

166 5097 320 5215 11353‘1.
338 5094 1063 5287 fffffffofffflffiliffhvffmvoem
1068 5091 2091 5232 fffflssffssssrssffi‘ssssissffssesskssli

347 5231 407 5298 ὃ)
448 5232 559 5313 ΘΓ..
635 5270 646 5282 .
685 5230 787 5284 729
820 5238 930 5287 not.
968 5231 997 5283 1
1034 5236 1085 5285 et
1122 5228 1364 5285 Slet'dan.
1400 5229 1487 5310 11,
1523 5228 1645 5283 372.

169 5299 558 5425 ...maa
573 5297 1762 5437 00z2e..221..eze:5..222011122eaf
1784 5297 2090 5432 aaa·

4077 450 4162 513 ‘14

2209 631 2627 714 profecerunt
2668 640 2990 713 quantum
3036 653 3149 698 vos
3194 632 3384 697 annis
3427 633 3683 716 viginti,
3730 633 3788 698 si
3829 654 3969 698 rem
4009 652 4161 716 pro-

2210 717 2358 800 pius
2402 718 2830 782 conferamus.
2921 715 3028 782 Ita
3069 715 3398 782 Dominus
3452 737 3572 801 per
3629 728 3918 783 vestram
3976 719 4161 784 infir-

2210 803 2509 868 mitatem
2553 810 2768 867 totum
2808 801 3031 867 orbem
3073 803 3387 886 paulatim
3433 805 3747 869 concutit:
3810 804 3984 869 ultro
4027 806 4160 871 iam

2210 900 2532 954 corruunt
2565 888 2824 953 moenia
2866 888 3166 954 inimicae
3206 889 3391 955 urbis
3433 890 3767 967 Hiericho,
3810 891 3985 956 ultro
4030 889 4161 958 dis-

2210 974 2440 1039 siliunt
2493 974 2727 1038 altaria
2768 973 3196 1052 Hieroboam,
3253 985 3481 1041 eontra
3536 977 3747 1060 surgit
3804 998 3966 1060 opus
4015 997 4161 1042 ves-

2210 1069 2410 1124 trum.
2523 1061 2738 1142 Atque
2821 1059 3071 1124 utinam
3140 1082 3560 1145 cognosceres
3624 1068 3838 1127 totum
3902 1071 4162 1128 vestrae

2210 1146 2525 1211 sementis
2568 1148 2871 1224 fructum,
2913 1149 3023 1228 qui
3067 1147 3126 1212 si
3169 1166 3345 1210 nunc
3380 1148 3559 1225 latet,
3595 1156 3770 1213 certe
3805 1148 3977 1213 bona
4011 1168 4163 1231 spes

2211 1242 2328 1309 est,
2375 1230 2727 1313 aliquando
2770 1239 3071 1315 erumpet
3113 1254 3196 1297 ex
3240 1232 3378 1298 suis
3422 1233 3639 1299 sulcis.
3707 1232 3936 1314 Quare
3977 1233 4163 1299 lubet

2211 1318 2407 1382 etiam
2468 1317 2540 1380 in
2599 1316 2832 1383 mediis
2897 1317 3033 1382 iam
3097 1316 3476 1384 bacchantis
3533 1317 3765 1384 mundi
3827 1320 4160 1385 furoribus

2210 1409 2386 1467 certo
2431 1423 2712 1485 sperare,
2757 1402 2943 1469 brevi
2971 1403 3333 1469 Dominum
3356 1406 3573 1470 Deum
3615 1426 3791 1470 nova
3832 1405 4162 1470 facturum

2210 1489 2446 1552 omnia.
2535 1487 2619 1551 In
2677 1488 2912 1554 melius
2973 1490 3193 1554 omnia
3245 1489 3486 1555 referet
3549 1511 3829 1573 suosque
3895 1492 4157 1557 fovebit.

2209 1574 2462 1638 Verum
2523 1573 2676 1656 quid
2737 1573 2928 1640 audio
2984 1574 3065 1640 de
3123 1574 3462 1642 martino?
3484 1579 3534 1654 7)
3632 1575 3970 1652 ProfectO,
4029 1577 4160 1642 nisi

2210 1659 2493 1724 adfuerit
2527 1658 2874 1739 Dominus,
2921 1682 3152 1726 vereor
3195 1681 3281 1725 ne
3325 1660 3435 1726 det
3476 1662 3707 1728 turbas
3752 1673 3825 1726 ut
3865 1661 3977 1727 ille
4020 1662 4159 1727 Da-

2211 1767 2353 1810 vus,
2422 1745 2696 1812 Utinam
2736 1794 2747 1808 .
2791 1795 2806 1810 .
2844 1794 2860 1810 .
2902 1797 2916 1812 .
2962 1746 3080 1812 sed
3122 1744 3349 1811 desino
3391 1746 3588 1830 plura
3625 1748 3924 1813 scribere.
3988 1745 4157 1813 Sum

2210 1832 2388 1896 enim
2442 1831 2698 1914 longior
2751 1837 2818 1896 et
2866 1832 2934 1896 in
2988 1831 3249 1916 publica
3302 1831 3638 1899 commoda
3689 1854 3883 1918 pecco
3927 1834 4040 1917 qui
4093 1841 4158 1899 te

2212 1915 2490 1982 detineo.
2581 1918 2803 1982 Etiam
2853 1939 2973 2001 ego
3031 1919 3407 1984 institutum
3449 1920 3577 1985 iter
3617 1938 3691 1983 ac
3734 1917 4014 1985 reditum
4056 1920 4158 1983 in-

2209 2011 2390 2067 terea
2435 2024 2745 2069 remoror.
2834 2004 3018 2069 Bene
3071 2002 3219 2069 vale
3272 2006 3522 2087 itaque,
3581 2005 3682 2070 vir
3733 2003 4157 2087 praestantis-

2211 2088 2393 2167 sime,
2439 2097 2504 2153 et
2548 2090 2789 2170 amicos
2833 2110 3062 2155 omnes
3104 2110 3251 2154 meo
3295 2092 3563 2156 nomine
3607 2090 3848 2169 saluta,
3907 2089 4156 2173 praeci-

2209 2195 2338 2258 pue
2386 2174 2727 2241 Nicolaum
2768 2177 3190 2259 cognatumss)
3235 2198 3385 2242 cum
3427 2184 3570 2241 tota
3606 2175 3874 2255 familia,
3921 2175 4157 2240 Henri-

2208 2279 2349 2324 eum
2390 2260 2577 2326 illum
2623 2271 2923 2325 nostrum
2980 2282 3128 2327 eum
3173 2283 3411 2341 uxore,
3465 2262 3786 2326 Dominos
3821 2261 4155 2339 Davidem,

2211 2343 2290 2409 de
2328 2345 2553 2412 Sancto
2585 2347 2864 2426 Andrea,
2912 2347 3325 2430 Maydovzade,
3365 2347 3729 2414 Dessaachz
3774 2355 3971 2430 atque
4005 2345 4155 2413 illos

2207 2429 2372 2497 duos
2415 2433 2669 2498 itineris
2710 2433 3104 2499 Parisiensis
3153 2435 3438 2499 comites.

2760 2569 2945 2635 'I'uus
2991 2592 3072 2635 ex
3109 2568 3327 2635 animo
3372 2569 3655 2636 Ioannes
3698 2568 3989 2654 Crispus.
4013 2572 4070 2652 ⁹)

2953 2846 3358 2854 ...m-m

3103 3064 3258 3136 838.

2728 3203 3202 3271 OALVINUS
3249 3202 3620 3270 VIRE'PO.

2371 3373 2556 3440 Duos
2593 3375 2829 3458 fratres
2870 3375 3267 3452 commendat,
3321 3375 3617 3455 alterum,
3660 3380 3731 3439 ut
3770 3375 4036 3455 videbar,
4079 3375 4152 3439 in

2196 3481 2349 3544 ayro
2407 3460 2683 3527 Vadensi
2738 3462 3086 3526 ministerio
3141 3462 3544 3527 ecclesiastico
3583 3462 3964 3543 functurum,
4006 3460 4152 3525 alta

2195 3567 2342 3612 rum
2382 3548 2495 3628 qui
2536 3546 2770 3613 relictis
2823 3548 3157 3612 sacerdotii
3213 3548 3483 3613 lautitiis
3539 3568 3740 3628 nuper
3796 3547 3883 3613 aa
3925 3551 4138 3614 ease-a

2184 3635 2447 3715 piorum
2480 3633 2839 3698 transierat.

2200 3806 2312 3871 (Ex
2347 3811 2574 3873 autogra
2612 3803 2683 3857 ho
2732 3803 2863 3857 Ood.
2913 3803 3117 3857 Genev.
3167 3802 3308 3858 107³.
3353 3803 3446 3858 fol.
3494 3802 3615 3856 298.
3687 3804 3925 3857 Exstant
3971 3817 4168 3856 exem-·

2196 3874 2372 3944 plaria
2407 3873 2563 3925 Ionv‘
2609 3874 2692 3926 aei
2740 3871 2873 3926 Ood.
2924 3871 3065 3925 1112,
3125 3872 3216 3927 fol.
3265 3871 3333 3925 37
3411 3871 3687 3925 Turretini
3735 3871 3862 3926 Ood.
3905 3869 4024 3937 108,
4057 3870 4149 3924 fol.

2397 3939 2511 4007 184,
2549 3942 2828 3995 Beruense
2866 3942 3007 4011 Epp.
3045 3940 3173 3996 VII.
3211 3958 3267 4010 p.
3303 3913 3389 4006 433,
3429 3941 3644 3995 Simleri
3681 3940 3806 3994 Vol.
3841 3938 3957 4004 57.)

2198 4097 2465 4163 Eximio
2521 4094 2771 4160 Christi
2825 4096 3097 4160 Domini
3145 4095 3353 4161 nostri
3409 4114 3599 4161 servo
3656 4095 3856 4160 Petro
3915 4093 4149 4159 Vireto

2196 4182 2694 4250 Lausannensis
2751 4181 3060 4247 ecclesiae
3082 4268 3094 4281 ο
3118 4182 3361 4279 pastori
3414 4181 3602 4246 fratri
3659 4187 3726 4244 et
3782 4180 3990 4246 amieo
4045 4199 4150 4244 ca-

3042 4289 3316 4332 rissimo.

4121 4340 4132 4365 Ἰ

2371 4385 2443 4454 S.
2506 4387 2709 4453 Hunc
2750 4386 3020 4451 fratrem
3074 4387 3332 4470 publice
3392 4383 3575 4454 vobis
3617 4384 4146 4452 commendamus

2404 4539 2464 4607 7)
2502 4537 2788 4595 Lathero?

2404 4608 2461 4675 8)
2499 4610 2678 4677 ipsias
2725 4624 2801 4661 an
2854 4604 3109 4662 Caluini?
3197 4606 3505 4660 Genusium
3551 4606 3944 4663 crediderimus
3984 4606 4150 4659 innui

2197 4680 2312 4733 nisi
2355 4678 2445 4733 hic
2486 4678 2725 4744 fortasse
2770 4680 2830 4730 in
2873 4678 3062 4730 ultimo
3109 4676 3353 4742 nomine,
3400 4674 3672 4730 evidenter
3718 4692 3883 4730 carru
3923 4681 4004 4741 to,
4051 4674 4145 4740 (de

2203 4746 2424 4813 Saules)
2469 4746 2651 4800 lateat.
2739 4745 2932 4799 Etiam
2977 4746 3039 4798 in
3087 4743 3414 4798 Maldonato
3456 4751 3753 4811 peccatum.
3897 4744 3947 4798 ic
3990 4751 4049 4797 ut
4088 4742 4146 4798 S.

2195 4816 2456 4871 Andreas
2488 4822 2540 4869 et
2574 4813 2771 4868 David
2806 4813 3102 4867 Busanton
3136 4812 3312 4881 Belga
3339 4812 3467 4879 fuit.

2402 4883 2464 4950 9)
2502 4886 2681 4937 Autor
2715 4884 2973 4951 epistolae
3004 4883 3122 4949 ipse
3159 4881 3331 4951 Belya
3370 4881 3549 4947 fuisse
3582 4880 3826 4944 videtur,
3867 4880 3981 4933 iam
4016 4879 4143 4933 olim

2201 4952 2451 5007 Genevae
2502 4952 2723 5007 Calvini
2758 4949 3147 5018 familiaritate
3192 4965 3341 5005 usus.
3423 4949 3712 5004 Fortassis
3758 4949 3901 5002 idem
3946 4964 4013 5004 ac
4059 4947 4142 5003 10.

2202 5019 2494 5089 Crispinus
2530 5022 2794 5088 Atrebas,
2840 5023 2936 5089 qui
2969 5020 3218 5073 Lovam'i
3259 5025 3309 5073 et
3355 5018 3596 5073 Parisiis
3640 5016 3838 5071 studiis
3889 5016 4147 5071 iuridicis

2196 5092 2520 5146 incubuerat
2569 5089 2843 5144 Balduim'
2878 5090 3100 5153 amicus,
3212 5090 3234 5139 i
3306 5088 3473 5141 assim
3508 5089 3570 5140 in
3606 5088 3723 5140 suis
3757 5102 3876 5168 epp.
3911 5092 3961 5140 et
3995 5084 4143 5141 Bur·

2194 5160 2370 5228 quadi
2403 5165 2456 5213 et
2493 5130 2741 5227 &rapine
2785 5104 3237 5279 immittitu-'go
3323 5156 3401 5209 ad
3435 5163 3643 5223 tempus
3678 5170 3787 5209 scra
3828 5162 3915 5210 tae
3939 5170 4028 5236 ep.
4064 5161 4145 5208 at-

2195 5231 2331 5283 tinet
2363 5234 2477 5282 tum
2523 5243 2589 5282 ex
2634 5228 2900 5282 mentione
2947 5225 3060 5279 ατε·
3211 5241 3299 5277 um
3339 5223 3742 5278 Lovaneneium
3818 5223 4146 5288 efimendum

2195 5304 2275 5351 eet
2308 5313 2444 5364 quos
2474 5295 2677 5350 Caesar
2709 5296 2893 5365 pridie
2929 5294 3017 5348 Id.
3041 5293 3215 5347 Mart.
3251 5290 3389 5346 1545
3423 5293 3627 5359 sanxit,
3663 5298 3774 5345 tam
3809 5293 4044 5347 mam'me
4076 5308 4143 5345 ex

2194 5366 2377 5420 reditu
2404 5365 2682 5420 Senarclei
2714 5380 2834 5420 cum
2868 5363 3040 5418 literis
3077 5362 3514 5418 Melanehthonis
3550 5366 3602 5415 et
3634 5360 3874 5416 adventu
3908 5360 4140 5416 Faces—ii,
