4825 6175
624 421 750 484 555

623 604 937 672 Ferraria
977 602 1177 688 pedes
1219 603 1690 669 Francolinum
1733 603 1919 681 veni,
1975 623 2102 685 quo
2160 604 2231 669 in
2267 602 2409 670 loco
2452 624 2572 669 na·

625 690 765 759 vim
807 689 1123 755 Venetiae
1172 695 1439 754 euntem
1490 695 1727 754 nactus
1780 687 2057 753 ascendi.
2145 688 2352 755 Brevi
2403 695 2573 754 tem-

625 797 786 861 pore
827 774 1182 859 perductus
1215 795 1360 840 sum
1394 773 1730 853 Venetiae,
1774 773 1885 839 ubi
1922 771 2085 839 duos
2119 774 2256 839 fere
2289 772 2431 840 dies
2466 773 2575 857 egi

626 870 982 946 antequam
1045 868 1196 926 tuas
1260 860 1487 925 literas
1552 858 1637 924 ad
1691 859 2053 924 Antonium
2125 858 2497 925 Gamusium
2512 858 2579 941 ⁴).

624 947 844 1014 virum
886 947 1067 1030 pium
1194 945 1399 1011 rferre
1457 944 1798 1028 potuerim,
1855 944 1969 1027 qui
2011 942 2186 1009 haud
2229 944 2573 1029 vulgarem

625 1032 984 1098 amicitiam
1026 1052 1113 1096 no
1156 1031 1213 1096 is
1257 1030 1572 1097 exhibuit.
1659 1030 1830 1095 Nam
1888 1029 2088 1096 simul
2142 1036 2337 1113 atque
2379 1029 2573 1095 intel-

626 1117 795 1184 lexit
835 1115 1013 1183 unde
1048 1117 1364 1197 venirem,
1409 1115 1634 1182 sedulo
1679 1116 1932 1182 curavit
1964 1121 2039 1179 ut
2070 1115 2234 1180 mihi
2268 1136 2420 1181 cum
2454 1115 2574 1180 ali·

628 1211 790 1288 quot
829 1202 956 1286 piis
1000 1210 1173 1267 esset
1213 1201 1621 1267 familiaritas
1637 1251 1652 1280 ,
1711 1201 2101 1284 quibuscum
2144 1199 2375 1267 liceret
2414 1200 2573 1286 παῤ-

631 1288 934 1375 ρησιάζειν
972 1291 1109 1371 περὶ
1150 1285 1470 1371 εὐσεβείας.
1544 1284 1735 1367 Quod
1776 1307 2090 1371 magnum
2135 1294 2366 1370 reputo
2409 1286 2577 1351 sola-

629 1376 800 1440 tium
836 1374 910 1437 in
950 1373 1058 1439 his
1100 1372 1479 1457 regionibus
1494 1423 1508 1447 ‚
1565 1372 1635 1436 in
1685 1372 1921 1454 quibus
1960 1371 2129 1437 nihil
2168 1369 2355 1438 vides
2396 1370 2574 1436 aliud

628 1481 831 1545 quam
873 1478 1201 1525 summam
1257 1458 1661 1541 impietatem
1716 1464 1783 1521 et
1825 1459 2023 1521 κακῶν
2061 1456 2302 1521 Ἰλιάδα.
2392 1455 2575 1537 Qua-

628 1554 901 1631 propter
941 1544 1145 1610 statui
1185 1542 1294 1610 hio
1338 1550 1454 1608 aut
1493 1540 1762 1609 Paduae
1818 1543 2033 1626 aliquo
2085 1547 2377 1625 tempore
2434 1562 2575 1606 ma-

628 1651 806 1710 nere,
853 1629 1057 1696 donec
1115 1628 1470 1712 receperim
1523 1628 1750 1694 literas
1804 1648 1845 1692 a
1890 1628 2053 1694 meis
2109 1627 2193 1694 ad
2249 1648 2411 1711 quos
2470 1627 2576 1693 his

629 1716 859 1784 diebus
897 1715 1149 1798 scripsi.
1711 1729 1724 1740 ·

799 1801 974 1867 Novi
1038 1800 1145 1867 hic
1209 1800 1376 1865 nihil
1441 1799 1619 1865 aliud
1685 1799 1926 1865 dicitur
1989 1818 2184 1882 quam
2241 1818 2576 1865 summum

627 1887 1004 1972 pontificem
1044 1885 1275 1952 foedus
1316 1905 1670 1951 renovasse
1726 1904 1877 1951 cum
1921 1884 2196 1950 Venetis
2212 1935 2228 1962 ,
2289 1882 2460 1966 quod
2503 1884 2575 1948 in

627 1993 829 2039 causa
868 1980 972 2039 est
1016 1991 1135 2038 eur
1175 1971 1302 2054 ipsi
1342 1972 1414 2036 in
1459 1972 1603 2054 pios
1646 1971 1860 2036 acrius
1903 1970 2205 2035 saeviant
2244 1990 2440 2052 quam
2477 1989 2578 2034 so-

625 2057 733 2123 liti
778 2064 948 2124 sunt.
1037 2056 1314 2139 Neapoli
1369 2056 1475 2122 his
1531 2054 1756 2121 diebus
1810 2056 2103 2121 maxima
2144 2064 2289 2120 orta
2330 2064 2436 2120 est
2473 2075 2576 2120 se-

627 2144 787 2210 ditio
844 2143 1020 2208 inter
1074 2144 1251 2209 cives
1299 2150 1370 2207 et
1419 2142 1663 2206 milites
1717 2141 2048 2225 Hispanos
2100 2139 2609 2226 praesidiarios,·

621 2230 706 2297 ob
747 2228 934 2294 illam
973 2228 1382 2312 hispanicam
1421 2226 1908 2310 inquisitionem
1952 2246 2149 2309 quam
2191 2224 2575 2291 introduxe-

622 2323 729 2381 rat
770 2315 1035 2383 vicerex
1077 2315 1344 2380 hortatu
1386 2312 1631 2378 summi
1680 2312 2021 2396 pontificis.
2039 2313 2097 2396 ⁵)
2186 2310 2440 2378 Verum
2484 2311 2575 2379 oi·

623 2422 743 2469 ves
820 2400 1045 2466 multis
1121 2399 1526 2484 argumentis
1604 2398 1867 2464 adducti
1944 2420 2093 2465 eam
2155 2399 2572 2463 reiecerunt:

626 2487 785 2570 quip
832 2506 868 2551 e
977 2487 1046 2551 ui
1107 2485 1392 2551 libertati
1468 2484 1697 2551 obesse
1773 2484 2258 2561 existimarent,
2337 2481 2575 2548 deinde

627 2592 755 2656 quo
856 2571 923 2638 vi
970 2577 1160 2637 erent
1211 2570 1570 2637 maximam
1626 2569 1711 2635 ad
1767 2568 2303 2635 calumniandum
2360 2569 2573 2634 fenes-

625 2664 802 2724 tram
845 2657 1269 2742 sycophantis
1324 2664 1617 2740 apertam
1669 2677 1828 2722 esse.
1914 2655 2081 2721 'l'am
2123 2675 2341 2722 acrem
2382 2653 2576 2718 aiunt

623 2741 830 2810 fuisse
872 2741 1056 2809 illam
1097 2741 1479 2808 seditionem
1521 2750 1600 2806 ut
1630 2748 1892 2807 coactus
1935 2741 2022 2807 sit
2053 2741 2318 2807 vicerex
2359 2739 2433 2805 in
2466 2759 2570 2805 ar-

624 2850 768 2896 oem
833 2828 1163 2913 quandam
1227 2848 1298 2893 se
1355 2828 1640 2910 recipere
1705 2824 2050 2893 evitandae
2103 2825 2331 2891 mortis
2393 2846 2569 2909 ergo.

625 2916 711 2980 In
754 2915 879 2980 hac
923 2913 1194 2997 plurimi
1248 2912 1492 2977 milites
1547 2911 1744 2978 occisi
1796 2920 1968 2977 sunt.
2058 2910 2210 2992 Qua
2252 2910 2333 2976 de
2377 2930 2573 2977 causa

623 3008 863 3085 putant
905 2998 1097 3065 multi
1141 2998 1491 3064 Gaesarem
1533 2998 1605 3062 in
1649 2996 1768 3063 has
1811 3007 2031 3082 partes
2075 3004 2447 3063 venturum.

799 3085 877 3154 Si
932 3086 1142 3152 nostri
1200 3083 1284 3149 ad
1326 3105 1448 3150 vos
1505 3084 1811 3150 venerint
1868 3104 1980 3150 eos
2034 3081 2349 3149 salutabis
2403 3082 2570 3148 meis

626 3172 862 3272 verbis.
951 3171 1119 3236 Vale
1161 3170 1231 3235 in
1267 3169 1536 3236 Christo
1581 3168 1868 3235 Domino
1911 3179 2151 3248 nostro,
2197 3169 2301 3234 vir
2340 3167 2570 3234 huma-
2624 3187 2631 3201 ’

627 3258 915 3324 manime.
1003 3255 1306 3321 Venetiis
1357 3259 1451 3320 18.
1496 3254 1725 3337 Iulii⁶)
1778 3258 1957 3319 1547.

1447 3392 1631 3456 Tuus
1673 3411 1758 3456 ex
1803 3390 2020 3456 animo

1686 3508 2065 3593 Stephanus
2107 3510 2395 3575 Passius.

1399 3803 1803 3812 -.-.—-———-—————-

1522 4021 1672 4091 927.

1137 4172 1569 4242 BUOERUS
1613 4171 2048 4241 GALVINO.

795 4343 1159 4426 Deploratis
1190 4344 1374 4410 robus
1400 4343 1783 4428 gymnici-⁶·
1821 4364 2120 4428 mamam
2159 4343 2377 4427 οωῑραε
2408 4366 2568 4430 par-

623 4438 746 4500 tem
785 4431 951 4513 ipsis
992 4428 1427 4511 imputandam
1460 4430 1573 4511 qui
1611 4433 1742 4494 tam
1782 4430 2046 4513 segniter
2086 4430 2390 4516 evanyelii
2421 4452 2569 4498 cau-

622 4538 768 4585 sam
833 4515 1273 4593 sustinuerint,
1342 4534 1504 4596 quae
1559 4515 1691 4580 iam
1744 4515 1949 4581 solum
2003 4514 2211 4583 Deum
2264 4517 2569 4584 vindicem

626 4773 820 4839 (Manu
866 4773 1095 4893 miffi
1114 4788 1225 4848 non
1271 4776 1467 4826 exstat.
1538 4772 1640 4825 m
1675 4771 1818 4825 Besa
1851 4769 2055 4825 Genev.
2101 4787 2153 4841 p.
2190 4768 2273 4834 75,
2319 4770 2480 4828 Laus.
2512 4789 2568 4842 p.

817 4839 935 4909 150,
1096 4856 1180 4894 ov.
1214 4857 1267 4910 p.
1305 4838 1422 4909 169,
1458 4837 1669 4894 Ohouet
1702 4856 1757 4909 p.
1794 4836 1913 4903 100,
1949 4841 2124 4897 Amat.
2157 4856 2210 4909 p.
2246 4836 2362 4906 45.)

830 5046 887 5113 4)
927 5045 1178 5100 maenam
1210 5045 1373 5101 diam
1392 5044 1622 5115 Ιηιραηὶ
1642 5044 1896 5100 nonnulli
1916 5060 1946 5098 e
1967 5043 2382 5099 Gammaeionm·
2410 5049 2569 5114 acute

623 5115 904 5186 eva-⁸901&
950 5112 1178 5170 addicti.
1247 5112 1349 5180 (F.
1389 5113 1596 5184 Meyer,
1643 5112 1734 5169 die
1777 5129 1855 5168 ev.
1891 5111 2182 5168 Gemeinde
2214 5113 2277 5167 in
2309 5113 2567 5170 Low-no

831 5320 891 5390 6)
927 5319 1596 5390 apo-inammlunii.

2168 413 2693 483 EPIS'POLAE
2738 419 3078 483 926—929

4484 421 4583 484 556

2846 602 2909 670 Ο
2953 605 3045 668 mi
3091 602 3376 681 Calvino,
3438 624 3613 669 anne
3664 602 3852 669 Deus
3906 602 4052 669 ideo
4097 602 4379 669 defuerit
4416 605 4589 672 verbo

2675 709 2814 765 suo,
2857 690 3011 773 quia
3048 709 3170 754 nos
3203 689 3366 754 illud
3400 696 3540 755 tam
3573 709 3800 755 secure
3833 688 4389 774 contempsimus?
4450 691 4588 756 'Pam

2676 774 2890 840 subito
2903 824 2919 852 ,
3001 782 3264 857 tamque
3331 774 3515 840 foede
3593 785 3661 840 et
3727 774 3967 841 misere
4044 774 4335 842 concidit
4407 777 4590 842 omnis

2677 860 2981 943 superbia
3021 869 3267 927 nostra.
3355 859 3470 927 sio
3511 860 3692 926 ultus
3738 869 3842 927 est
3879 861 3950 926 in
3992 860 4202 939 nobis,
4254 870 4324 926 et
4364 861 4591 928 ulcisci·

2677 951 2785 1011 tur
2839 943 3053 1012 adhue
3115 946 3332 1012 iustus
3389 946 3575 1011 Deus
3631 946 4092 1012 contumeliam
4155 948 4440 1012 nominis
4487 948 4590 1027 sui,

2676 1052 2876 1114 quam
2920 1053 2961 1096 a
2998 1040 3222 1097 nostra
3264 1051 3494 1113 passus
3550 1039 3652 1096 est
3705 1039 3841 1098 tam
3899 1030 4216 1097 diuturna
4277 1041 4347 1097 et
4402 1033 4594 1115 perni-

2676 1117 3036 1183 ciosissima
3069 1116 3415 1201 hypocrisi.
3503 1115 3885 1182 Vindioabit
3928 1137 4166 1182 nomen
4210 1138 4405 1183 suum
4438 1130 4501 1183 et
4525 1118 4595 1183 ab

2679 1201 3102 1269 Antichristis
3147 1224 3188 1267 a
3221 1201 3458 1285 quibus
3489 1202 3772 1268 infinitis
3815 1211 3883 1267 et
3923 1201 4463 1286 petulantissimis
4494 1203 4595 1268 ho·

2677 1285 2783 1353 die
2836 1289 3117 1356 afficitur
3172 1287 3552 1371 opprobriis.
3642 1287 3780 1353 Sed
3836 1308 4043 1371 quum
4094 1307 4214 1354 nos
4267 1288 4597 1353 sentientes

2678 1373 2963 1451 tandem,
3009 1374 3181 1440 siout
3222 1393 3349 1456 quo
3392 1373 3677 1456 prolapsi
3720 1394 3977 1451 sumus,
4033 1373 4131 1439 ita
4183 1375 4389 1439 etiam
4428 1393 4600 1456 quam

2678 1459 2972 1541 graviter
3016 1458 3193 1524 istud
3247 1480 3476 1524 sumus
3532 1458 3914 1538 oommeriti‚
3972 1459 4491 1524 converterimus
4528 1457 4599 1524 ad

2678 1544 2893 1628 ipsum
2938 1544 3314 1610 caedentem
3357 1564 3479 1610 nos
3520 1553 3801 1627 patrem:
3846 1565 3960 1609 ora
4003 1545 4342 1619 nobiscum
4374 1544 4603 1609 instan-

2678 1637 2782 1694 ter
2802 1629 3162 1695 Dominum
3181 1630 3405 1696 Iesum
3440 1629 3817 1714 largitorem
3861 1630 4304 1712 poenitentiae
4348 1644 4419 1694 et
4448 1627 4599 1706 fidei,

2680 1722 2754 1780 ut
2794 1714 2979 1780 nobis
3023 1716 3383 1781 crassitiem
3439 1713 3650 1782 cordis
3693 1713 4064 1799 pertundet,
4119 1724 4186 1780 et
4225 1722 4605 1798 compungat

2677 1800 2841 1866 illud
2885 1822 3039 1868 vero
3080 1801 3440 1884 impietatis
3482 1808 3746 1866 nostrae
3789 1821 3989 1866 sensu
4033 1809 4100 1866 et
4141 1798 4383 1878 dolore,
4430 1808 4604 1883 atque

2680 1885 2794 1951 det
2844 1907 2961 1951 nos
3015 1886 3142 1968 ipsi
3202 1893 3372 1951 totos
3425 1885 3692 1951 eredere
3733 1893 3801 1950 et
3855 1905 4231 1951 consecrare
4245 1937 4261 1963 ,
4319 1906 4452 1968 quo
4502 1905 4605 1969 per

2679 1992 2827 2035 eum
2871 1978 3122 2054 patrem
3164 1972 3430 2038 veniam
3490 1991 3836 2036 exoremus
3892 1981 4267 2036 nostrorum
4323 1982 4607 2055 peccato-

2680 2077 2846 2133 rum,
2891 2066 2957 2121 et
2999 2056 3446 2122 remissionem
3492 2057 3935 2140 praesentium
3972 2057 4413 2142 flagellorum:
4460 2076 4608 2139 quae

2678 2162 2837 2207 sane
2879 2141 3011 2207 nisi
3053 2142 3184 2208 cito
3241 2163 3281 2206 a
3331 2140 3520 2208 nobis
3587 2149 4079 2221 removeantur,
4142 2142 4422 2207 exitium
4504 2143 4610 2206 mi-

2679 2236 2924 2293 nantur
2985 2227 3189 2293 nobis.
3302 2226 3721 2292 Exoisionem
3786 2226 4050 2310 quidem
4116 2249 4151 2292 r
4285 2227 4299 2241 ‘
4370 2226 4610 2294 christi

2678 2333 2814 2378 non
2870 2322 3122 2390 metuo,
3189 2333 3420 2379 verum
3473 2310 3727 2378 confido
3782 2311 3946 2378 illud
4000 2332 4194 2396 praec
4219 2334 4333 2378 are
4390 2333 4612 2397 propa-

2676 2395 2968 2548 gandum
2983 2449 3000 2477 ‚
3055 2404 3121 2462 et
3167 2396 3647 2464 Antichristum
3716 2399 3785 2463 in
3837 2396 3974 2464 dies
4021 2398 4232 2484 magis
4282 2406 4611 2482 proteren-

2724 2505 2862 2549 um:
2929 2481 3045 2550 sed
3103 2503 3332 2549 vereor
3387 2490 3464 2548 ut
3515 2483 3704 2549 nobis
3746 2481 4098 2550 Germanis
4154 2484 4489 2550 Dominus
4541 2481 4615 2549 ad

2677 2590 2818 2635 rem
2863 2569 3033 2636 hanc
3089 2570 3189 2635 uti
3232 2567 3409 2635 velit.
3495 2567 3776 2637 Caetera
3818 2569 3925 2635 hic
3966 2578 4206 2636 noster.
4295 2570 4614 2636 Dominus

2678 2657 2769 2721 sit
2807 2654 3164 2722 vobiscum.
3253 2653 3488 2720 Saluta
3541 2661 3692 2719 tuos
3734 2675 3963 2720 omnes
4004 2656 4169 2721 meis
4210 2654 4442 2721 verbis
4483 2655 4616 2720 offi-

2676 2740 3045 2807 ciosissime.
3140 2743 3233 2806 19.
3278 2739 3432 2805 Iulii
3481 2744 3662 2804 1547.

3819 2877 4005 2943 'I'uus
4045 2877 4363 2944 Bucerus.

3447 3172 3851 3181 --—-——-—

3574 3389 3725 3460 ⁹28.

3116 3541 3608 3611 CRISPINUS
3638 3548 3685 3623 ¹)
3728 3540 4164 3610 GALVINO.

2849 3713 2974 3781 Res·
3014 3714 3375 3780 domesticae
3427 3717 3626 3780 stam
3665 3695 3863 3795 usquc
3905 3733 4149 3796 anceps,
4183 3712 4479 3797 publicae
4506 3732 4610 3796 po-

2674 3800 2900 3867 riculis
2927 3799 3172 3882 plenus.
3250 3800 3335 3864 In
3362 3799 3591 3882 patria
3629 3798 3954 3881 spoliatus,
3998 3820 4043 3865 a
4082 3800 4225 3867 suis
4264 3804 4611 3884 separatum,

2674 3887 2833 3952 votis
2869 3886 3095 3967 expetit
3133 3884 3361 3967 quibus
3390 3903 3517 3965 pro
3548 3888 3812 3968 tempore
3845 3883 4045 3968 potiri
4085 3886 4312 3967 nequit.

3010 4055 3121 4122 (lh
3156 4054 3489 4125 autographo
3525 4052 3655 4109 Ood.
3693 4052 3895 4109 Genev.
3932 4052 4050 4123 112,
4082 4055 4175 4109 rol.
4209 4054 4287 4124 ὖ.)

2997 4242 3467 4328 Monseigneur
3502 4243 3845 4310 Monsieur
3884 4240 4281 4325 Despeville.

2842 4379 3106 4445 Literas
3146 4387 3315 4459 tuas,
3358 4380 3467 4445 vir
3508 4379 3938 4456 ornatissime,
3980 4381 4080 4443 21.
4120 4378 4296 4444 Iunii
4340 4381 4604 4465 scriptas

2672 4466 2888 4565 accepi
2938 4470 3035 4530 14.
3081 4464 3279 4615 Iffi
3320 4463 3506 4546 Quae
3547 4463 4602 4619 mihidffigumoeg’zlugxtafisg

2670 4551 3121 4736 ᾏῖξῖξιῖξῳ
3163 4570 3958 4786 mzffi'ffpmmm
4014 4634 4135 4735 api
4195 4635 4338 4719 ipse
4351 4572 4601 4736 Pmeliqn'

2669 4730 3094 4874 mm&
3128 4741 3355 4872 33&
3394 4720 3892 4889 233¹&ss
3923 4740 4220 4873 22²3&
4255 4721 4601 4875 3¹?ssssoeth

2668 4893 2887 4975 itaque
2929 4892 3222 4957 animum
3265 4891 3349 4956 ad
3379 4892 3572 4959 istam
3615 4913 3815 4976 quam
3855 4893 3989 4959 tuis
4031 4891 4243 4959 literis
4273 4893 4599 4978 praedicas

2669 4978 2991 5045 rationem
3033 4975 3286 5041 ferendi
3446 4978 3713 5044 uissimo
3766 4978 3984 5044 animo
4035 4977 4199 5046 haee
4241 4981 4461 5047 omnia
4496 4980 4595 5045 in·

2668 5062 3023 5130 commoda.
3110 5060 3304 5127 Illam
3344 5083 3519 5130 emm
3573 5062 3885 5131 excitavit
3928 5061 4283 5144 Dominus,
4342 5076 4407 5135 et
4453 5084 4593 5132 cum

2702 5318 2844 5373 028.
2879 5318 2938 5386 1)
2987 5317 3122 5374 Vide
3152 5319 3383 5378 omino,
3411 5319 3484 5375 N.
3517 5317 3637 5374 808.
