4825 6175
629 418 754 481 547

716 621 787 667 re
830 599 1056 667 voluit.
1143 598 1438 682 Paginae
1483 597 1679 662 etiam
1725 595 1891 662 duae
1934 595 2329 681 compositae
2370 594 2581 661 latina

684 707 875 770 agua,
910 683 1025 750 ubi
1058 682 1312 749 ridetur
1345 690 1485 748 tota
1517 682 1861 766 scriptura,
1904 681 2230 749 laceratur
2250 681 2577 759 Christus,

628 770 1091 837 immortalitas
1155 770 1410 834 animae
1480 777 1748 834 vocatur
1815 769 2143 833 somnium
2205 774 2275 832 et
2335 765 2579 846 fabula,

634 856 912 939 denique
957 863 1097 920 tota
1137 853 1367 939 religio
1412 852 1815 919 convellitur.
1843 855 1923 935 ¹¹)
2012 853 2163 919 Non
2222 859 2380 935 puto
2438 871 2580 918 esse

628 942 824 1009 illum
868 949 1185 1018 autorem,
1231 938 1344 1004 sed
1388 940 1543 1022 quia
1586 945 1688 1004 est
1730 938 1870 1004 eius
1904 958 2136 1004 manus
2180 958 2446 1003 causam
2481 935 2580 1000 di·
2619 989 2622 992 .

633 1048 780 1094 cere
815 1033 1098 1110 cogetur.
1167 1022 1563 1107 Quanquam
1595 1024 1742 1089 fieri
1777 1032 1996 1107 potest
2028 1030 2104 1089 ut
2135 1024 2278 1107 ipse
2312 1020 2395 1086 ab
2432 1021 2580 1088 aliis

633 1112 858 1179 audita
932 1113 1004 1175 in
1068 1110 1606 1177 commentarium
1683 1130 1803 1175 sua
1864 1109 2173 1175 Minerva
2232 1107 2575 1192 redegerit.

635 1196 813 1264 Sunt
855 1198 1029 1262 enim
1087 1194 1352 1260 mutilae
1409 1195 1772 1259 sententiae
1829 1195 2109 1260 refertae
2159 1193 2578 1259 barbarismis

634 1291 703 1349 et
746 1281 1154 1349 soloecismis.
1186 1283 1265 1361 ¹²)

808 1367 1038 1433 Iacoba
1060 1370 1166 1450 ¹⁸),
1222 1365 1408 1431 cuius
1465 1386 1754 1432 sororem
1810 1364 2012 1430 habet
2074 1364 2406 1430 Galla-sius
2422 1415 2437 1444 ,
2495 1385 2579 1428 an

635 1460 825 1536 capta
871 1452 957 1518 sit
1010 1452 1245 1517 nescio.
1344 1452 1470 1516 Est
1526 1449 1787 1534 quidem
1839 1472 1879 1515 a
1922 1449 2176 1516 Senatu
2224 1449 2576 1516 decretum.

632 1539 740 1605 De
776 1537 1065 1604 Vendelio
1091 1540 1172 1615 ¹⁴)
1215 1536 1458 1619 pendet
1498 1536 1711 1601 adhuc
1745 1537 2098 1602 sententia:
2144 1535 2406 1601 tametsi
2442 1554 2578 1599 non

633 1623 859 1708 procul
905 1624 1088 1689 abest
1129 1643 1169 1686 a
1213 1620 1513 1704 periculo.
1581 1622 1650 1687 Is
1694 1630 1837 1687 erat
1870 1642 2090 1686 rerum
2127 1630 2338 1687 status
2372 1641 2579 1703 quum

636 1707 1001 1776 scriberem.
1091 1707 1276 1772 Nosti
1317 1727 1550 1789 parum
1604 1707 1896 1773 cordatos
1950 1705 2137 1772 nobis
2180 1727 2322 1771 esse
2361 1705 2581 1791 syndi-

637 1815 763 1861 cos.
794 1796 874 1874 ιὃ)
964 1793 1227 1875 Alioqui
1263 1800 1529 1857 senatus
1568 1794 1827 1876 egregie
1871 1799 1972 1857 est
2014 1789 2096 1857 ad
2141 1812 2402 1858 causam
2438 1792 2578 1856 ani-

636 1887 867 1945 matus.
933 1878 1037 1944 De
1064 1877 1362 1944 Sonnerz'o
1404 1878 1568 1942 mihi
1609 1877 2093 1960 responderunt
2132 1877 2368 1943 fratres
2409 1876 2580 1941 nihil

637 1987 707 2031 se
773 1964 852 2030 de
916 1964 1129 2047 priore
1195 1984 1316 2029 suo
1383 1962 1639 2030 decreto
1705 1972 1979 2028 mutare.
2011 1961 2092 2048 ¹⁶)
2191 1963 2334 2047 Ego
2399 1964 2578 2028 enim

635 2058 901 2116 taxatus
943 2051 1094 2132 quia
1137 2058 1213 2114 ut
1252 2048 1354 2113 illi
1409 2069 1745 2132 parcerem
1802 2045 2293 2132 supersederam
2337 2070 2377 2113 a
2419 2049 2577 2113 scri·

635 2135 865 2202 bendo.
955 2133 1242 2216 Quidam
1285 2134 1687 2200 mentionem
1727 2133 1952 2199 iniecit
1991 2132 2276 2198 ministri
2322 2133 2577 2216 Ooppe-

607 2222 756 2286 *tini
787 2222 864 2291 ¹⁷)
909 2225 1016 2303 qui
1062 2220 1275 2285 locum
1325 2221 1522 2285 etiam
1565 2228 1824 2284 mutare
1865 2218 2083 2285 vellet.
2154 2217 2229 2284 Si
2265 2217 2421 2301 quid
2458 2227 2575 2297 est,

633 2305 897 2371 consulo
941 2314 1018 2370 ut
1060 2313 1287 2369 tentet.

803 2390 996 2471 Quod
1042 2389 1121 2454 de
1165 2390 1299 2455 illis
1344 2389 1595 2455 duabus
1637 2392 1924 2456 victoriis
1966 2387 2387 2456 continebant
2430 2389 2575 2454 lite-

631 2495 744 2540 rae
780 2475 1017 2540 Buceri
1059 2476 1491 2540 certissimum
1535 2484 1650 2540 est.
1738 2476 1909 2540 Nam
1952 2476 2077 2541 hac
2112 2476 2377 2541 transiit
2420 2475 2577 2539 ami-

632 2582 747 2627 cus
789 2559 1053 2642 quidam
1078 2560 1158 2645 ¹3)
1204 2580 1406 2636 meus,
1453 2561 1557 2627 oui
1600 2583 1705 2627 res
1741 2563 2004 2644 penitus
2038 2570 2369 2644 comperta
2413 2568 2570 2625 erat.

629 2646 735 2712 De
776 2646 973 2710 tertia
1016 2646 1212 2710 etiam
1256 2646 1531 2712 victoria
1573 2647 1885 2713 nuncium
1931 2647 2133 2713 fuisse
2176 2646 2447 2711 allatum
2491 2667 2574 2710 ex

631 2731 882 2797 duobus
938 2731 1126 2808 locis,
1179 2731 1554 2813 priusquam
1601 2732 1974 2816 Argentina
2030 2740 2353 2807 moveret,
2409 2731 2573 2796 mihi

631 2816 976 2896 indicavit,
1038 2837 1408 2898 quanquam
1469 2837 1602 2881 non
1654 2815 1937 2882 audebat
1989 2838 2106 2900 pro
2161 2826 2337 2883 certo
2397 2838 2573 2883 asse·

631 2922 797 2967 rere.
830 2905 911 2977 ⁸⁹)
996 2902 1348 2966 Praeterea
1390 2900 1551 2965 mihi
1593 2902 1838 2981 retulit,
1884 2925 2083 2985 quum
2127 2902 2576 2986 Landyravius

631 2986 761 3052 fide
804 2994 1065 3070 accepta
1106 2986 1400 3068 Lipsiam
1446 2988 1766 3066 venisset,
1823 3009 1894 3052 re
1938 2988 2183 3055 infecta
2226 3010 2301 3054 ac
2345 2988 2571 3071 despe-

631 3080 778 3138 rata
814 3093 1153 3139 reversum
1198 3093 1339 3138 esse
1384 3094 1459 3138 ac
1501 3094 1679 3140 nunc
1733 3073 1880 3140 colli
1930 3096 2039 3139 ere
2097 3096 2339 3141 novum
2397 3074 2572 3139 mili-

630 3167 782 3224 tem.
806 3160 897 3242 20)
983 3157 1062 3221 In
1109 3158 1314 3221 literis
1358 3158 1594 3224 Buceri
1629 3160 1789 3224 falso
1902 3160 2137 3226 enrichi
2177 3180 2421 3226 nomen
2464 3182 2573 3243 po-

631 3245 829 3308 situm
875 3254 1032 3309 erat.
1119 3243 1291 3308 Nam
1336 3242 1512 3309 hunc
1572 3242 1784 3311 adhuc
1844 3246 2137 3312 vinctum
2182 3258 2299 3310 aut
2340 3246 2570 3312 saltem

641 3600 774 3656 Vide
802 3529 1099 3653 &agridia
1133 3537 1311 3587 tamen
1354 3549 1466 3587 non
1493 3533 1706 3601 profert
1738 3535 2114 3601 procuratoris
2144 3537 2495 3603 requisitor-iu·
2343 3536 2354 3548 '
2452 3536 2464 3548 ‘
2496 3551 2567 3589 m.

800 3667 867 3721 12
875 3678 892 3730 )
934 3640 1220 3749 Sequentia
1255 3684 1426 3749 usque
1459 3670 1535 3722 ad
1566 3670 1726 3736 finem
1769 3670 1831 3723 in
1865 3668 1983 3723 edd.
2021 3669 2420 3740 desiderantur,
2456 3687 2568 3726 non

628 3752 755 3790 vero
789 3738 850 3789 in
882 3752 1127 3791 versione
1159 3738 1393 3806 anylica.

801 3803 892 3872 13)
935 3805 1216 3875 laqueline
1254 3806 1530 3860 Maronne
1599 3820 1700 3859 uae
1741 3803 2001 3859 Gruetum
2043 3805 2469 3863 denunciaverat
2503 3810 2566 3862 in

628 3874 864 3927 vinculis
898 3873 1242 3930 detinebatur
1275 3890 1343 3928 us
1381 3890 1446 3928 ue
1477 3872 1556 3927 ad
1624 3915 1636 3928 .
1676 3872 1815 3927 Iulii
1849 3873 2096 3943 (Royet).

799 3940 892 4004 14)
933 3942 1129 3997 Petrus
1176 3943 1361 3998 Vande
1383 3985 1396 4010 ‚
1432 3943 1590 3996 Sieur
1625 3941 1691 3996 de
1728 3940 1986 4009 Saconw,
2023 3948 2256 4009 senator,
2287 3949 2478 4011 postea
2513 3960 2568 3999 a.

630 4007 768 4062 1548
803 4009 1080 4080 syndicus,
1115 4014 1270 4079 parti
1307 4010 1533 4065 Calvino
1567 4010 1830 4065 adversae
1860 4010 2129 4078 addictus,
2175 4024 2293 4065 cum
2333 4011 2568 4067 Pei-rino

628 4079 768 4199 gb}
790 4077 1494 4203 pulsssmffm‘aengdconceslzo
1476 4080 1594 4201 :titt
1628 4078 1890 4201 aaffgssl
1903 4080 1948 4133 Ι.
1995 4076 2078 4135 79.
2136 4078 2428 4135 Bonivard
2462 4082 2493 4136 l.
2532 4082 2566 4137 1.

767 4163 895 4278 ⁹15)
934 4214 1023 4270 Eo
1057 4163 1205 4270 agio
1233 4216 1414 4283 fasces
1439 4162 1851 4271 qenebantpffir.
1888 4215 1956 4269 de
1974 4216 2045 4297 ‘la
2081 4214 2237 4285 Rive,
2272 4217 2403 4273 Ant.
2446 4217 2565 4273 Obi-

627 4281 786 4349 cand,
825 4281 1071 4338 Hudriot
1103 4284 1179 4337 du
1214 4283 1443 4339 Molard
1474 4291 1524 4339 et
1559 4283 1767 4340 manc.
1802 4284 2037 4354 Bequm.

800 4349 894 4414 16)
932 4350 1009 4405 N.
1046 4350 1149 4405 905
1182 4359 1234 4408 et
1265 4351 1383 4406 907.

800 4417 896 4483 17)
931 4421 1089 4474 cuius
1132 4437 1328 4503 nornen
1370 4421 1700 4490 iquoramus.
1781 4420 1997 4490 Anylus
2029 4421 2092 4475 in
2125 4421 2343 4476 nomine
2377 4422 2572 4492 oppidi

622 4487 1146 4622 fmlgfblgtobtbffe
1158 4494 1432 4623 Cnbbllilgge}
1441 4488 1885 4613 Οῗῗυξιῖρξιῗιξωε
1916 4557 1978 4611 in
2009 4558 2298 4627 maryine).
2375 4558 2456 4625 Of.
2494 4559 2572 4616 N.

626 4621 747 4689 ⁷49,
782 4630 895 4758 Tg)
923 4622 1047 4748 {nio
1073 4701 1296 4763 praeter
1346 4694 1567 4749 unicam
1612 4693 1764 4748 illam
1806 4693 1875 4748 de
1919 4710 2028 4764 qua
2076 4695 2149 4750 N.
2185 4694 2315 4763 917,
2370 4703 2479 4751 not.
2519 4694 2569 4766 2,

623 4760 778 4874 Ma
797 4762 1075 4894 {dft‘veae
1128 4827 1367 4883 sleidan.
1421 4830 1521 4883 111.
1570 4827 1656 4895 22,
1723 4829 1921 4887 Ram
1959 4829 2058 4884 1v.
2103 4830 2221 4884 409.
2308 4832 2567 4901 Rommez,

628 4898 866 4979 Philipp:
904 4897 1001 4951 der
1041 4897 1447 5021 Grossmpitss‘qe
1463 4899 1508 4952 Ι.
1527 4896 1631 4952 535
1647 4912 1719 4952 ss.
1779 4896 1926 4967 Quos
1950 4900 2039 4953 hic
2069 4900 2254 4981 fusius
2285 4916 2569 4984 excerpere

627 4983 738 5020 non
758 4972 964 5020 attinet.
1020 4964 1171 5020 Satis
1186 4974 1292 5020 erit
1401 4968 1453 5021 h.
1479 4970 1514 5022 l.
1534 4967 1919 5021 musti-andum
1943 4974 2006 5021 ut
2030 4983 2339 5024 memineris
2359 4972 2566 5042 Phazp-

619 5051 754 5115 Μ
1095 5034 1815 5158 ...mamm
1800 5035 2075 5161 w...
2097 5039 2567 5164 ...τε

628 5117 1127 5251 ἷετιιᾷςέεὶορίταεεο,
1174 5171 1391 5226 tandem
1428 5173 1481 5226 d.
1508 5170 1612 5254 ⁶19.
1651 5172 1814 5227 Iunii
1845 5174 2011 5228 Halis
2047 5174 2254 5231 Samon.
2339 5175 2571 5232 Caesari

625 5241 781 5304 flexis
819 5239 1063 5306 yenubus
1106 5241 1264 5304 fidem
1305 5247 1673 5309 praestitisse,
1718 5243 1817 5312 qui
1859 5248 2036 5298 tamen
2082 5259 2201 5299 eum
2248 5247 2310 5299 in
2343 5248 2565 5303 vincula

623 5309 862 5364 coniecit.
943 5307 1101 5377 Quod
1135 5308 1337 5364 Noster
1365 5327 1471 5380 pro
1504 5317 1739 5379 tempore
1771 5313 2048 5368 nesciebat.
2172 5339 2176 5346 «

1894 4188 1907 4200 θ

2172 407 2700 475 EPISTOLAE
2745 410 3083 473 921-923

2636 4597 2642 4602 ·
2672 4563 2791 4616 licet
2824 4576 2891 4614 ex
2925 4577 3003 4629 ep.
3037 4561 3114 4614 ad
3146 4561 3208 4617 Z.
3244 4563 3593 4616 amanuensis
3632 4561 3851 4618 Caluini

4485 412 4585 473 548

2681 595 2849 660 bene
2889 592 3218 660 inclusum
3277 601 3455 661 tenet
3496 593 4070 678 Landyravius.‘²¹)
4159 592 4297 660 Sed
4336 592 4591 662 Bucam

2682 677 2763 746 de
2807 678 3042 749 Erioho
3082 677 3486 761 loquebatur,
3533 680 3646 762 qui
3689 678 3964 746 eandem
4007 678 4347 746 nobiscum
4389 678 4593 747 doctri·

2679 787 2833 831 nam
2871 765 3229 849 profitetur,
3276 773 3344 829 et
3381 772 3606 831 tamen
3648 764 3722 830 in
3767 763 4092 831 turbanda
4133 763 4404 834 ecclesia
4436 786 4595 832 suam

2682 870 2947 934 operam
2990 857 3274 934 tyranno
3324 850 3513 917 locat.

2850 936 3125 1002 Utinam
3145 937 3236 1015 ²²)
3278 933 3504 1003 induci
3555 943 3824 1003 senatus
3879 942 4098 1004 vester
4153 942 4374 1020 posset
4423 942 4491 1000 ut
4536 936 4597 1001 in

2678 1019 2961 1106 petendo
2994 1019 3257 1086 foedere
3287 1029 3630 1105 occuparet
3661 1021 3912 1105 priores
3953 1029 4193 1107 partes.
4260 1019 4418 1086 Vult
4447 1020 4600 1086 enim

2679 1108 2943 1173 Pharao
2985 1107 3234 1190 rogari,
3292 1116 3357 1172 et
3412 1114 3604 1190 putat
3657 1109 3997 1173 maiestate
4055 1127 4175 1173 sua
4230 1108 4369 1172 fore
4409 1105 4599 1191 indig-

2680 1213 2842 1259 num
2884 1192 2941 1259 si
2983 1193 3270 1259 minores
3313 1194 3575 1260 ambiat.
3666 1192 3802 1259 Sed
3853 1193 3977 1259 hoc
4033 1203 4101 1258 et
4156 1192 4287 1258 alia
4339 1191 4603 1259 viderint

2679 1299 2961 1362 quorum
3025 1298 3131 1344 res
3196 1279 3431 1362 agitur.
3534 1277 3719 1344 Nihil
3779 1286 3957 1345 certe
4020 1279 4213 1363 cupio
4269 1278 4402 1344 nisi
4452 1276 4603 1361 quod

2680 1364 2869 1431 vobis
2912 1361 3320 1431 commodum
3366 1363 3582 1430 iudico
3627 1373 3695 1430 et
3735 1364 3914 1429 utile.
3936 1365 4027 1441 2⁸)

2851 1450 3037 1528 Vale,
3057 1447 3148 1535 ²⁴)
3192 1448 3397 1514 frater
3440 1460 3508 1514 et
3550 1450 3758 1516 amice
3798 1449 4241 1534 integerrime,
4299 1471 4435 1515 una
4473 1470 4604 1515 cum

2681 1555 2891 1600 uxore
2935 1544 3197 1617 totaque
3239 1534 3505 1600 familia.
3595 1533 3926 1601 Dominus
3981 1545 4043 1600 te
4087 1556 4346 1618 semper
4389 1533 4605 1620 guber·

2679 1627 2795 1685 net
2850 1621 3094 1704 tibique
3160 1619 3348 1687 adsit.
3450 1621 3721 1687 Fratres
3776 1620 4090 1687 salutabis
4154 1642 4298 1686 meo
4363 1621 4605 1687 nomine

2683 1705 3045 1789 diligenter.
3109 1706 3255 1790 Ego
3298 1714 3367 1770 et
3410 1726 3578 1771 uxor
3620 1727 3768 1772 mea
3809 1714 3876 1772 te
3921 1728 3994 1773 ac
4039 1716 4223 1773 tuam
4267 1705 4606 1773 salutamus

2681 1793 2749 1857 in
2793 1792 3096 1856 Domino.
3186 1796 3241 1855 2.
3289 1791 3445 1856 Iulii
3497 1797 3676 1855 1547.

3577 1928 3886 2029 *Ioannes
3930 1928 4249 1995 Calvinus
4293 1936 4463 1995 tuus.

2852 2132 3174 2214 Nepotem
3191 2133 3283 2216 ²⁵)
3344 2143 3529 2198 tuum
3589 2130 3832 2198 diutius
3883 2134 4122 2198 retinui
4168 2155 4367 2217 quam
4414 2133 4609 2198 vellet.

2679 2218 2804 2283 Est
2860 2221 3038 2282 enim
3104 2218 3513 2284 verecundus
3568 2226 3635 2282 et
3690 2217 3976 2283 timidus.
4075 2219 4367 2285 Proinde
4425 2240 4612 2302 quum

2681 2301 2935 2368 videret
2977 2325 3110 2368 non
3154 2302 3439 2368 inveniri
3483 2302 3941 2382 conditionem,
3985 2303 4247 2370 nolebat
4289 2304 4455 2369 mihi
4497 2326 4613 2370 mo-

2678 2388 2888 2453 lestus
2954 2409 3112 2454 esse.
3215 2389 3362 2474 Ego
3428 2390 3689 2454 tametsi
3754 2410 3989 2472 parum
4054 2392 4194 2473 spei
4259 2391 4609 2474 affulgeret,

2678 2474 2974 2540 volebam
3017 2474 3236 2539 omnia
3278 2475 3461 2558 prius
3502 2475 3791 2557 experiri
3833 2494 4029 2558 quam
4074 2498 4224 2540 eum
4267 2476 4611 2541 remittere.

2677 2560 2811 2624 Per
2854 2580 3005 2625 eum
3043 2569 3216 2625 certe
3276 2583 3411 2624 non
3469 2562 3664 2625 stetit.
3755 2561 3922 2625 Nam
3980 2575 4378 2627 mercatores
4420 2562 4614 2626 nostri

2678 2665 2793 2727 per
2835 2666 2923 2724 se,
2969 2655 3046 2710 ut
3088 2646 3465 2728 plurimum,
3511 2646 3815 2711 tabernas
3849 2645 4240 2712 custodiunt.
4331 2646 4615 2713 Famulis

2677 2739 2745 2795 et
2785 2729 3195 2796 institoribus
3249 2738 3531 2796 utuntur
3587 2731 3668 2795 ad
3723 2731 4092 2815 colligenda
4144 2733 4434 2797 nomina.
4520 2732 4615 2797 Ita

2675 2817 2922 2881 factum
2966 2826 3067 2881 est
3120 2825 3195 2881 ut
3244 2837 3437 2881 nemo
3490 2816 3856 2882 industriae
3914 2818 4053 2883 eius
4110 2818 4482 2902 periculum
4530 2818 4615 2882 fa·

2676 2921 2825 2966 cere
2867 2901 3268 2967 sustinuerit.
3353 2902 3506 2967 Non
3549 2912 3651 2968 est
3684 2902 3889 2985 igitur
3925 2902 4101 2986 quod
4141 2924 4295 2969 eum
4341 2924 4610 2970 meuses.

2676 2988 2847 3053 Nam
2891 3008 3012 3072 ego
3053 2996 3119 3052 et
3159 2985 3515 3053 modestiae
3572 3000 3639 3052 et
3691 2988 4088 3072 frugalitatis
4142 2999 4208 3055 et
4260 2989 4615 3056 industriae

2676 3073 3123 3139 testimonium
3167 3073 3419 3139 deferre
3453 3073 3549 3138 illi
3594 3075 3967 3157 potuissem,
4013 3076 4069 3141 si
4112 3076 4430 3142 inventus
4472 3075 4614 3141 fuis-

2676 3169 2777 3224 set
2818 3157 3141 3223 dominus.
3230 3158 3365 3224 Sed
3410 3180 3487 3224 ea
3531 3171 3632 3224 est
3675 3159 3865 3225 hodie
3908 3163 4076 3227 ratio
4122 3161 4299 3228 urbis
4346 3171 4613 3236 nostrae,

2675 3253 2751 3309 ut
2790 3245 3078 3308 tenuiter
3120 3266 3190 3311 se
3235 3245 3408 3309 domi
3452 3245 3834 3311 contineant
3875 3245 4046 3326 boni,
4087 3246 4370 3330 improbi
4406 3255 4613 3312 autem

2675 3340 2741 3393 et
2807 3349 2926 3394 nos
2990 3339 3057 3394 et
3098 3338 3357 3396 nostros
3416 3331 3688 3413 fugiant.
3799 3329 3877 3397 Si
3936 3330 4349 3417 Lugdunum
4426 3332 4611 3400 velles

2674 3416 2962 3491 mittere,
3032 3415 3167 3479 illic
3221 3417 3388 3481 forte
3460 3413 3641 3481 locus
3695 3426 3883 3482 esset.
3981 3418 4149 3483 Mihi
4208 3427 4437 3483 tamen
4492 3438 4612 3483 non

2672 3498 2998 3583 probatur.
3111 3501 3379 3566 Mallem
3457 3510 3830 3585 temporum
3891 3503 4310 3586 iniquitatem
4391 3502 4610 3569 redimi

2670 3586 2961 3669 pecunia.
3052 3585 3252 3664 Vale,
3324 3587 3526 3652 frater
3579 3594 3648 3651 ct
3704 3587 3911 3654 amice
3968 3589 4425 3673 integerrime,
4488 3607 4609 3654 una

2672 3690 2824 3736 cum
2867 3671 3141 3747 familia,
3201 3672 3307 3738 cui
3363 3672 3718 3754 plurimam
3775 3672 4054 3760 salutem
4109 3694 4460 3756 precamur
4500 3693 4608 3757 ego

2670 3764 2739 3822 et
2778 3777 2962 3821 uxor.
3058 3754 3567 3841 Christophorum
3621 3758 3823 3824 etiam
3878 3763 4275 3842 compatrem
4318 3768 4609 3826 nostrum

2671 3848 2737 3906 et
2778 3850 3179 3926 symmystas
3215 3842 3531 3908 salutabis
3571 3843 3920 3928 diligenter
3959 3844 4301 3912 amborum
4337 3845 4607 3912 nomine.

2670 4034 2745 4041 .-
2770 4034 3079 4041 -Ἥ-

2840 4147 2934 4214 21)
2977 4148 3232 4216 θιιεῑΐονὺ
3291 4150 3315 4202 i
3347 4155 3565 4218 captum
3599 4168 3649 4206 a.
3689 4148 3840 4220 1545,
3875 4151 3974 4208 sed
4003 4154 4119 4207 iam
4153 4154 4253 4208 hoc
4284 4153 4407 4224 ipse
4441 4167 4604 4210 nense

2674 4217 2834 4272 Maio
2872 4218 3110 4272 libertati
3141 4234 3203 4272 re
3280 4220 3429 4273 itum.
3500 4216 3592 4273 De
3625 4216 3835 4276 Ericm
3867 4236 3917 4275 v.
3952 4220 4031 4277 N.
4069 4219 4187 4276 917.

2842 4285 2934 4355 22)
2972 4287 3093 4341 Hoc
3126 4303 3331 4343 comma
3365 4288 3512 4342 linea
3525 4287 3756 4343 inducta
3775 4289 4007 4345 deletum
4035 4296 4087 4344 et
4119 4291 4474 4347 cancellatum
4502 4292 4621 4346 ποκ’

2669 4361 2847 4411 exstat
2879 4358 2943 4408 in
2974 4356 3276 4425 exemplari
3307 4355 3613 4411 Jonvalaei.

2840 4422 2936 4491 23)
2973 4424 3048 4478 In
3090 4426 3334 4493 marqine
3385 4424 3649 4479 Calvinus
3699 4441 3869 4481 manu
3914 4430 4153 4496 propria
4208 4427 4458 4483 addidit.-
4508 4427 4597 4493 Qui

2671 4492 3044 4562 transscripsit
3078 4508 3144 4545 ex
3178 4493 3355 4547 literis
3399 4494 3469 4545 ad
3503 4494 3816 4548 Zerkintem
3849 4495 4069 4550 modum
4105 4503 4428 4551 excesserat.
4498 4494 4598 4551 Sci·

3882 4581 4048 4633 quum
4091 4581 4205 4620 non
4236 4567 4354 4620 uisi
4382 4567 4599 4620 κακοῖσι

2673 4646 2740 4684 σω
2780 4628 3084 4684 Germania
3128 4630 3324 4685 allatos
3365 4630 3471 4684 buc
3505 4633 3808 4697 transferre
3840 4633 4131 4702 debuisset,
4176 4634 4337 4688 etiam
4374 4649 4511 4705 quae
4539 4630 4593 4686 0.

2673 4698 2752 4753 ad
2783 4698 3008 4820 eundeevn
3055 4698 3120 4752 de
3162 4697 3672 4820 senatuaaBernensi
3712 4702 4011 4771 scripserat
4051 4703 4268 4757 incaute
4310 4702 4596 4768 traam

2675 4767 2897 4836 ideoque
2982 4807 2995 4820 .
3028 4768 3146 4834 ipse
3177 4782 3340 4822 cance
3417 4772 3509 4822 vit.

2843 4834 2938 4901 24)
2971 4833 3129 4889 Haec
3157 4834 3377 4890 Caluini
3406 4851 3574 4890 manu
3607 4839 3814 4905 scripta
3827 4861 3841 4888 .-
3866 4839 4256 4907 praecedentia
4287 4841 4446 4907 mh,
4478 4838 4594 4895 inde

2671 4919 2709 4959 a
2742 4904 2945 4959 verbis.-
2982 4903 3135 4968 Quod
3170 4903 3238 4957 de
3273 4903 3381 4957 illis
3418 4944 3431 4957 .
3472 4947 3485 4959 .
3517 4945 3528 4957 .
3571 4945 3585 4960 .
3622 4908 3808 4961 aliena
3837 4907 4077 4970 fuerunt.

2840 4970 2935 5036 25)
2980 4970 3130 5039 Quae
3161 4978 3458 5042 sequuntur
3502 4975 3562 5028 in
3596 4974 3749 5030 codd.
3783 4990 3897 5030 non
3929 4977 4193 5046 leguntur,
4239 4993 4306 5033 ac
4337 4979 4594 5033 nescim

2669 5041 2814 5095 unde
2832 5040 2983 5094 Besa
3005 5043 3308 5108 sumpserit.
3360 5040 3542 5097 Nobis
3576 5043 3829 5099 videntur
3860 5044 3965 5100 huc
3997 5061 4109 5100 non
4138 5046 4410 5115 pertinere

2667 5111 2730 5164 in
2760 5111 2872 5176 fine
2904 5109 3260 5190 salutationes
3293 5109 3472 5165 denuo
3504 5112 3715 5166 eaedem
3750 5115 3985 5169 veniant.
4039 5116 4254 5184 Anytus
4286 5131 4401 5170 non
4431 5062 4589 5170 m

2670 5179 2794 5232 Iam
2827 5190 2996 5245 nepos
3031 5184 3133 5231 iste
3164 5179 3264 5247 qui
3293 5179 3383 5233 hic
3416 5180 3784 5237 introducitur
3825 5182 4036 5237 Far-elli
4066 5189 4172 5252 est,
4215 5190 4264 5238 et
4308 5186 4411 5253 qui
4446 5183 4587 5250 infra

2666 5247 2943 5301 salutatur
2982 5244 3424 5314 christophorus,
3470 5250 3655 5303 nullus
3699 5250 3814 5303 nisi
3856 5251 4164 5307 Libet-tetus
4210 5250 4586 5308 Neocomensis.

2668 5315 2773 5370 Est
2808 5331 2937 5385 erqo
2965 5318 3376 5384 post-scriptum
3415 5316 3636 5373 Farello
3670 5319 4014 5376 destinatum.
