4825 6175
637 429 769 494 163

631 612 907 692 addens,
947 632 1082 678 non
1125 629 1269 676 esse
1311 628 1474 691 opus
1514 609 1716 695 longa
1748 609 2232 688 deliberatione,
2275 614 2589 676 conatum

629 701 787 766 eius
827 699 985 763 ferri
1029 717 1164 762 non
1212 715 1402 777 posse
1416 743 1433 774 ,
1492 695 2124 779 archiepiscopatum
2168 702 2235 761 et
2277 694 2589 761 electora-

633 792 784 851 tum
819 784 961 850 eius
996 802 1140 848 esse
1173 780 1562 846 beneficium
1611 782 1936 864 pontificis
1951 832 1968 858 ‚
2014 782 2120 846 cui
2164 780 2293 846 nisi
2338 779 2588 845 obtem-

637 878 828 956 peret
882 869 1052 934 nihil
1109 868 1347 933 horum
1402 867 1687 932 retinere
1751 887 1903 933 eum
2052 887 2174 932 sse.
2267 864 2370 931 Ad
2427 865 2591 932 haec

642 958 986 1039 episcopus
1028 953 1292 1038 proprio
1335 972 1447 1017 ore
1490 953 1625 1036 egit
1666 952 1911 1037 gratias
1999 974 2036 1018 e
2079 952 2290 1036 spatio
2346 950 2589 1016 delibe-

637 1039 866 1107 randi:
926 1039 1162 1106 adiecit
1217 1058 1287 1103 sc
1337 1037 1559 1120 ipsum
1617 1037 2090 1123 Imperatorem
2145 1037 2460 1121 elegisse,
2516 1037 2590 1100 in

638 1146 915 1193 munere
958 1125 1255 1191 electoris
1298 1143 1368 1188 se
1399 1125 1784 1189 innocenter
1823 1124 2120 1189 functum
2160 1144 2321 1200 esse,
2411 1131 2589 1187 etere

640 1221 713 1278 ut
757 1212 1125 1293 Imperator
1179 1215 1408 1275 contra
1464 1229 1535 1274 se
1597 1208 1851 1274 nullam
1905 1209 2231 1293 concipiat
2282 1209 2353 1272 in
2403 1208 2588 1292 'gna-

640 1298 910 1362 tionem.
976 1292 1346 1379 Respondit
1379 1294 1746 1377 Imperator
1779 1295 1974 1360 etiam
2017 1315 2134 1360 suo
2177 1314 2290 1359 ore
2330 1314 2402 1359 se
2438 1292 2587 1359 nul-

638 1382 775 1448 lam
818 1389 1049 1447 contra
1091 1401 1242 1445 eum
1294 1378 1815 1463 indignationem
1874 1381 2278 1462 concepisse,
2330 1378 2449 1444 sed
2502 1399 2587 1443 ex

637 1474 918 1554 paterna
959 1465 1416 1531 benevolentia
1458 1486 1609 1531 eum
1643 1486 1931 1545 monere,
1972 1486 2058 1530 ne
2099 1464 2224 1532 sibi
2265 1473 2452 1529 tanta
2485 1465 2587 1528 in-

640 1549 978 1620 commoda
1031 1558 1322 1618 accersat
1374 1558 1443 1615 et
1500 1549 1830 1617 dedecora.
1925 1551 2034 1616 Ita
2086 1550 2248 1617 abiit
2303 1549 2587 1614 iucundo

638 1638 832 1703 vultu
877 1638 1220 1721 episcopus
1276 1637 1358 1701 ab
1399 1635 1837 1720 Imperatore,
1896 1635 1978 1700 ad
2029 1656 2224 1718 quem
2281 1633 2587 1700 nonnihil

638 1721 1114 1807 cogitabundus
1155 1723 1492 1806 ingressus
1548 1729 1722 1800 erat,
1778 1721 1850 1786 in
1906 1722 2070 1788 urbe
2123 1730 2257 1785 tam
2302 1720 2584 1798 inimica,

641 1816 709 1875 et
750 1828 1011 1874 veneno
1055 1807 1204 1891 plus
1258 1827 1457 1890 quam
1500 1808 1812 1890 viperino,
1855 1804 2028 1890 quod
2077 1806 2399 1888 Groperus
2418 1807 2476 1888 ¹²)
2521 1816 2589 1870 et

639 1893 988 1977 complices
1031 1895 1172 1959 eius
1227 1890 1663 1971 diffuderunt,
1717 1893 2187 1975 hpemwmm
2248 1901 2316 1956 et
2364 1891 2586 1956 aulam
2690 1970 2697 1983 ⁸

638 1980 780 2045 eius
804 1999 1237 2063 magnamque
1270 1978 1454 2045 urbis
1477 1984 1729 2060 partem
1751 1976 2078 2044 horrende
2111 1977 2583 2042 inflammante.

636 2066 731 2131 Et
770 2064 1128 2149 episcopus,
1164 2062 1514 2148 quatriduo
1549 2064 1718 2129 facta
1752 2062 2214 2128 deliberatione
2249 2063 2586 2144 rescripsit

634 2150 1046 2233 Imperatori,
1067 2152 1123 2221 ⁸)
1168 2171 1239 2214 se
1281 2149 1355 2213 in
1395 2148 1698 2214 instituta
1739 2149 2218 2226 reformatione,
2262 2169 2429 2231 quae
2464 2168 2584 2213 no-

636 2238 816 2302 vatio
880 2245 1229 2303 vocaretur
1293 2234 1375 2300 ab
1437 2232 1829 2300 adversariis
1892 2234 2165 2313 iniuria,
2231 2243 2582 2316 sequutum

637 2342 781 2388 esse
846 2322 1149 2404 spiritum
1215 2327 1543 2386 sanctum:
1621 2326 1849 2386 contra
1927 2319 2105 2386 hunc
2177 2339 2447 2401 peccare
2513 2339 2584 2384 se

635 2428 826 2491 posse
847 2411 882 2447 ¹*
943 2405 1415 2472 reaedificando
1468 2404 1669 2488 impie
1734 2425 1898 2488 quae
1964 2405 2068 2487 pie
2134 2404 2580 2471 destruxisset.

638 2491 826 2570 Orat,
870 2491 1240 2574 Imperator
1293 2490 1463 2557 hanc
1520 2490 1903 2574 religionem
1963 2491 2173 2573 ipsius
2228 2490 2388 2557 velit
2430 2490 2583 2555 boni

638 2577 997 2644 consulere.
1106 2577 1474 2660 Imperator
1542 2586 1764 2641 autem
1829 2597 1963 2641 non
2029 2584 2404 2659 exspectato
2461 2574 2584 2640 hoc

636 2683 949 2745 responso
993 2661 1191 2728 biduo
1234 2668 1381 2745 post
1436 2670 1827 2727 conventum
1887 2662 2015 2745 ipsi
2058 2661 2242 2726 misit
2284 2662 2582 2744 episcopo

636 2748 975 2815 solennem
1052 2748 1448 2824 citationem,
1463 2748 1523 2826 ⁴)
1589 2768 1721 2830 qua
1784 2768 1933 2813 eum
1999 2747 2162 2813 citat
2225 2748 2297 2811 in
2362 2747 2580 2811 aulam

636 2855 848 2913 suam,
892 2833 1261 2917 ubicunque
1301 2832 1419 2897 illa
1460 2832 1689 2911 fuerit,
1749 2832 1834 2898 ad
1879 2837 1962 2897 30
2006 2832 2198 2906 diem.
2267 2852 2584 2915 exsequu-

635 2928 828 2984 turus
866 2918 1143 3002 impium
1183 2928 1249 2984 et
1283 2917 1660 2984 seditiosum
1702 2918 1935 3001 appell.
1957 2923 1992 2959 *
2035 2918 2193 2983 cleri
2230 2916 2580 2984 Colonien-

635 3004 745 3070 sis.
854 3004 1130 3087 Recepit
1191 3003 1351 3069 item
1424 3006 1494 3068 in
1558 3003 1997 3069 defensionem
2064 3024 2253 3068 suam
2318 3024 2581 3068 omnem

634 3090 1129 3175 pseudoclerum
1174 3098 1243 3156 et
1284 3090 1496 3173 coepit
1538 3090 1878 3174 praefectis
1921 3090 2203 3173 episcopi
2245 3089 2580 3169 mandare,

633 3185 711 3242 ut
753 3176 880 3259 ipsi
922 3175 1306 3260 religionem
1349 3175 1418 3240 in
1465 3174 1717 3259 oppidis
1751 3183 2025 3242 mutent.
2112 3175 2293 3240 Hinc
2334 3176 2581 3258 episco-

632 3282 758 3345 pus
792 3263 862 3326 in
899 3263 1210 3327 extremis
1244 3261 1639 3327 constitutus
1672 3270 2044 3327 nostrorum
2091 3271 2381 3328 statuum
2427 3281 2580 3327 con·

635 3347 858 3413 silium
916 3354 984 3412 et
1038 3347 1358 3412 auxilium
1425 3346 1745 3430 implorat,
1764 3348 1826 3429 ὅ)
1884 3345 2058 3429 quod
2108 3355 2185 3411 ut
2238 3347 2298 3411 ei
2354 3347 2463 3429 pie
2517 3355 2583 3412 et

635 3432 914 3498 feliciter
968 3439 1338 3516 praestetur
1392 3430 1678 3497 orandus
1722 3430 2029 3498 Christus
2084 3439 2186 3497 est
2200 3483 2217 3511 ,
2274 3439 2344 3497 et
2405 3433 2582 3498 exci-

633 3516 821 3582 tandi
864 3517 1067 3583 animi
1117 3518 1394 3600 piorum.
1480 3517 1675 3583 Hanc
1719 3539 1860 3583 rem
1903 3517 2025 3583 tibi
2059 3517 2364 3602 religiose
2405 3538 2581 3585 com-

633 3603 877 3670 mendo
891 3654 908 3681 ,
964 3613 1031 3668 et
1085 3602 1258 3669 hanc
1300 3602 1645 3686 epistolam
1707 3610 1786 3667 ut
1844 3604 2283 3669 communices
2328 3602 2583 3671 Farello

633 3695 859 3754 nostro
919 3696 986 3755 et
1040 3688 1187 3754 aliis
1240 3688 1552 3755 fratribus
1607 3708 1784 3772 rogo.
1872 3688 2061 3754 Alias
2118 3688 2339 3771 plura:
2406 3709 2583 3754 nunc

635 3795 775 3838 non
816 3783 917 3840 est
959 3781 1234 3856 tempus.
1299 3773 1490 3839 Vale.
1556 3772 1805 3839 Datum
1828 3775 2105 3860 Argent.
2151 3778 2210 3840 8.
2249 3774 2583 3858 Septemb.

641 3863 828 3927 1545.
917 3858 1220 3926 Salutate
1261 3880 1490 3925 omnes
1532 3859 1789 3925 fratres.

1762 3995 2096 4062 Martinus
2137 3996 2451 4063 Bucerus.

687 4288 699 4299 1
849 4216 910 4282 2)
953 4216 1288 4298 Oolqnoenoiq
1321 4215 1508 4271 doctor
1528 4222 1592 4298 'et
1624 4217 1922 4272 canonieus
1956 4215 2145 4288 demto
2178 4219 2400 4286 saeptus
2433 4232 2585 4273 ocea-

641 4300 918 4410 ῗῖιηοὲνυα
952 4302 1131 4421 nuper
1147 4284 1396 4422 {stlido
1429 4356 1543 4409 εον·
1579 4283 2057 4436 hquissstaffl
2072 4286 2305 4420 fuelrzttoe
2356 4301 2479 4341 m
2536 4292 2588 4342 a

847 4421 910 4486 8)
946 4422 998 4476 d.
1036 4421 1119 4475 19.
1160 4423 1412 4488 Anausin.
1481 4370 1658 4476 P'f'ura
1692 4421 1847 4477 dabat
1884 4420 2293 4490 Seckendorfius
2326 4422 2360 4477 1.
2395 4424 2432 4477 l.

845 4489 908 4558 4)
943 4488 1383 4555 Seekendorfius:
1417 4489 1618 4545 ansar
1634 4491 2025 4558 Romanunm,
2059 4497 2124 4544 ut
2155 4508 2224 4544 ex
2258 4492 2436 4545 literis
2469 4491 2587 4545 eius

642 4575 827 4615 mense
863 4559 1172 4629 Septembri
1215 4558 1358 4612 datis
1392 4564 1639 4627 constat,
1685 4561 1971 4613 Bruxellas
2012 4559 2220 4613 citavit.
2298 4559 2412 4615 Hic
2457 4575 2586 4628 erqo

815 4628 904 4683 hic
934 4632 1247 4682 amamur
1279 4628 1575 4697 ι’ῃιοονουόε.
1619 4626 1704 4695 Of.
1733 4629 1899 4684 aiam
1923 4626 2183 4693 Doctae,
2222 4628 2296 4682 H.
2328 4644 2380 4683 v.
2411 4628 2584 4683 Wied.

643 4646 784 4752 3840
808 4713 870 4766 p.
910 4694 1003 4749 141
1041 4710 1182 4766 seqq.

846 4762 908 4824 5)
948 4764 1226 4818 Fontanus
1277 4763 1663 4830 (cunctum-ius
1704 4765 2029 4830 saxonicus)
2075 4764 2130 4819 in
2174 4764 2350 4818 literis
2397 4765 2449 4819 d.
2496 4762 2584 4821 19.

640 4832 791 4904 Sept.
838 4832 909 4885 ad
953 4832 1262 4886 Electorem
1307 4830 1430 4886 Sax.
1477 4832 1637 4899 datis,
1681 4833 1740 4886 in
1784 4832 1981 4901 quibus
2030 4834 2100 4886 ob
2146 4850 2401 4902 magnum
2448 4833 2583 4888 illud

639 4900 1029 4972 praeiudicium
1061 4900 1434 4954 Hermannum
1522 4901 1702 4956 uidem
1748 4900 1928 4955 deseri
1971 4916 2081 4956 non
2126 4918 2287 4971 posse
2320 4902 2582 4972 agnoscit,

640 4974 828 5024 monet
858 4975 1042 5022 tamen
1076 4985 1146 5022 ne
1180 4968 1400 5024 Elector
1445 4985 1507 5024 so
1530 4987 1593 5023 us
1636 4969 1819 5024 odium
1863 4969 1922 5024 in
1969 4986 2029 5025 se
2074 4971 2335 5040 suscipiat
2376 4971 2476 5024 sed
2521 4976 2585 5024 ut

639 5054 758 5093 rem
791 5036 1081 5091 foederatis
1117 5043 1401 5108 proponat.
1468 5037 1618 5092 Haec
1652 5040 1860 5093 occasio
1902 5039 2008 5092 fuit
2040 5038 2313 5093 indicendi
2347 5054 2583 5094 conven-

636 5113 759 5159 tum
794 5105 1203 5160 Smalcaldicum
1236 5122 1421 5160 mense
1441 5106 1680 5173 Octobri,
1716 5107 1775 5161 iu
1811 5123 1920 5177 quo
1939 5106 2076 5162 nihil
2110 5113 2290 5162 actum
2327 5106 2583 5174 (θεάων

633 5173 852 5243 dorfinoe
883 5174 918 5229 1.
953 5174 1033 5238 1.).

2184 418 2714 489 ΕΡῙΒΤΟΒΔΕ
2758 423 3095 487 696-697
4516 423 4605 484 164

3582 605 3733 678 69¹⁷.

3220 759 3627 829 VIRETUS
3670 757 4108 827 OALVINO.

2873 933 3116 1001 orbam
3157 952 3298 998 oum
3342 931 3657 998 Zebedaeo
3712 931 4114 998 intercedente
4156 930 4410 998 Far-ello
4449 935 4617 1000 eonci-

2692 1020 2914 1086 liandi.
3007 1018 3369 1101 Campanus
3419 1017 3848 1083 moribundus.
3955 1016 4157 1083 Varia
4208 1021 4452 1102 neyotia
4498 1018 4619 1085 Gor·

2691 1106 2858 1172 aerii
2902 1104 3318 1175 Lousonnam
3357 1104 3640 1183 vocandi,
3684 1102 3949 1169 Deothei
3997 1103 4329 1185 Generum,
4383 1103 4619 1172 Gomim

2693 1191 3044 1270 abdicandi,
3086 1192 3365 1255 maxime
3404 1210 3545 1257 vero
3583 1188 4100 1256 Provincialium.

2694 1334 2807 1442 (Er
2842 1377 3183 1447 autographo
3220 1376 3351 1431 Ood.
3392 1376 3593 1432 Gcnev.
3630 1376 3773 1431 111⁸,
3820 1376 3915 1431 fol.
3952 1374 4023 1429 68
4067 1378 4186 1431 coll.
4234 1393 4279 1431 c.
4316 1395 4519 1445 apogra
4551 1379 4625 1433 his

2691 1446 2964 1510 Ood.116,
2997 1445 3204 1514 soh-97,
3238 1446 3504 1501 Bernensi
3539 1445 3829 1516 Epp.V11.
3866 1461 3917 1515 p.
3940 1443 4046 1498 720
4072 1455 4131 1499 et
4155 1446 4373 1500 Simleri
4389 1395 4621 1514 Volssst)

2864 1634 3240 1701 Clarissimo
3286 1636 3427 1701 viro
3470 1633 3564 1699 Io.
3612 1631 3895 1700 Calvino
3939 1633 4246 1700 ecclesiae
4290 1634 4622 1702 Geneven-

2693 1723 2785 1788 sis
2825 1722 3076 1805 pastori
3119 1719 3626 1805 vigilantissimo
3670 1729 3738 1784 et
3779 1720 3970 1785 fratri
4013 1721 4468 1872 amgffigffi?

2863 1941 2936 2010 S.
3000 1941 3310 2009 Nondum
3355 1942 3618 2006 remitto
3665 1939 3748 2006 ad
3793 1951 3861 2008 te
3904 1942 4132 2009 literas
4174 1965 4339 2026 quas
4381 1963 4419 2008 e
4448 1944 4624 2025 ‚Ger-

2688 2030 2911 2095 mania
2962 2028 3329 2111 accepisti,¹
3428 2034 3775 2111 propterea
3837 2028 4010 2112 quod
4065 2050 4256 2113 spero
4314 2029 4626 2096 Farellum

2690 2114 2941 2181 Orbam
2984 2122 3213 2179 octavo
3257 2114 3336 2179 ab
3390 2114 3495 2178 ’nc
3548 2112 3655 2177 die
3697 2121 4083 2193 venturum,
4143 2116 4251 2180 cui
4307 2136 4418 2180 eas
4461 2137 4625 2182 com-

2687 2199 3058 2277 municabo,
3140 2206 3214 2263 ut
3278 2219 3504 2264 earum
3580 2200 3720 2281 ipse
3785 2220 4040 2283 quoque
4108 2201 4437 2284 particeps
4502 2203 4624 2267 fiat.

2687 2285 2860 2352 Nam
2902 2285 3070 2350 mihi
3114 2285 3372 2349 animus
3414 2293 3513 2350 est
3551 2292 3804 2350 tentare
3845 2307 4010 2350 num
4048 2285 4336 2370 collapsa
4378 2285 4494 2350 illa
4536 2309 4627 2353 ec-

2692 2371 2888 2438 clesia
2931 2391 3196 2436 rursum
3241 2370 3405 2455 erigi
3449 2370 3685 2453 possit,
3744 2379 3811 2434 et
3852 2372 4128 2450 efficere,
4180 2374 4236 2436 si
4282 2371 4460 2436 volet
4505 2373 4628 2438 Do-

2689 2458 2928 2537 minus,
2986 2464 3063 2521 ut
3107 2455 3525 2521 Orbanorum
3569 2458 3772 2520 animi
3834 2478 3980 2522 cum
4032 2456 4375 2536 Zebedan,
4435 2460 4632 2541 prius·

2690 2565 2886 2627 quam
2945 2541 3124 2607 illinc
3185 2540 3399 2607 solvat
3452 2542 3907 2607 Inverdunum
3966 2544 4357 2622 abiturus,²)
4415 2565 4632 2610 recon-

2688 2629 3017 2703 cilientur,
3075 2625 3147 2691 ‘et
3199 2625 3448 2710 aliquid
3508 2628 3945 2693 constituatur
3998 2627 4079 2694 de
4134 2629 4277 2694 eius
4332 2629 4631 2696 ecclesiae

2687 2714 3057 2797 disciplina,
3131 2720 3205 2776 ut
3259 2712 3558 2778 Zebedaei
3630 2733 3967 2780 successor
4033 2736 4179 2779 eam
4237 2715 4632 2780 commodius

2685 2799 3016 2865 moderari
3071 2799 3295 2882 possit.
3397 2799 3588 2864 Dabo
3641 2799 3846 2883 igitur
3901 2820 4168 2884 operam
4222 2810 4298 2865 ut
4343 2800 4634 2868 Farellus

2686 2908 2763 2952 eo
2808 2893 3098 2963 vocetur,
3144 2892 3402 2949 nostros
3447 2892 3715 2950 conatus
3754 2887 4092 2967 (quoniam
4126 2885 4489 2970 plurimum
4524 2907 4632 2951 va·

2684 2971 2780 3037 let
2836 2970 3186 3035 autoritate
3242 2978 3310 3033 et
3365 2970 3581 3054 gratia
3637 2970 3808 3052 apud
3854 2969 4156 3038 Orbanos
4215 2973 4329 3055 qui
4373 2972 4633 3038 Christo

2685 3077 2929 3124 nomen
2952 3054 3302 3138 dederunt)
3349 3055 3700 3121 adiuturus
3746 3078 3865 3123 suo
3900 3066 3969 3121 et
4009 3057 4280 3124 consilio
4314 3067 4382 3123 et
4424 3077 4632 3143 opera.

2856 3145 2961 3208 De
3009 3141 3327 3227 Campano
3345 3144 3402 3219 ⁸)
3450 3142 3614 3207 mihi
3658 3163 3809 3226 spes
3853 3142 4209 3209 admodum
4252 3146 4357 3210 exi
4457 3166 4497 3209 a
4538 3166 4632 3209 re-

2684 3230 2839 3296 licta
2880 3236 3002 3294 est.
3090 3228 3331 3293 Virum
3375 3228 3618 3293 bonum
3675 3249 3818 3294 esse
3874 3229 4213 3308 existimo,
4274 3251 4307 3296 s
4444 3230 4634 3296 valde

2684 3322 2907 3381 metuo
2946 3334 3032 3378 ne
3076 3312 3160 3377 ab
3193 3334 3268 3378 eo
3308 3313 3535 3378 morbo
3571 3324 3935 3397 superetur,
3981 3336 4108 3398 quo
4151 3317 4450 3399 graviter
4491 3337 4634 3400 pre-

2686 3402 2906 3466 mitur.
3003 3398 3290 3463 Videtur
3332 3400 3509 3465 enim
3551 3398 3717 3464 mihi
3762 3401 4012 3467 hectico
4056 3403 4293 3467 affectu
4340 3402 4634 3468 laborare

2687 3493 2755 3552 et
2795 3485 3167 3564 astmatico,
3225 3505 3347 3550 nec
3397 3506 3438 3549 a
3477 3483 3728 3567 phthisi
3771 3486 4056 3551 multum
4099 3489 4359 3566 abesse,
4405 3489 4633 3571 quibus

2685 3570 2935 3639 accedit
2987 3577 3055 3636 et
3094 3589 3361 3635 crurum
3417 3579 3636 3635 tumor
3691 3573 3804 3654 qui
3854 3573 4020 3638 mihi
4062 3572 4408 3659 hydropeu
4449 3594 4632 3656 prae-

2688 3657 2905 3740 sagire
2967 3654 3246 3721 videtur.
3346 3653 3572 3721 Verba
3635 3658 3947 3724 enunciat
4011 3660 4305 3726 maxima
4366 3661 4634 3745 spiritus

2690 3740 3106 3818 difficultate,
3164 3741 3343 3806 velut
3399 3741 3675 3809 anhelus
3728 3752 3797 3808 et
3851 3751 4030 3810 totus
4079 3747 4446 3829 spiritosus.
4534 3746 4633 3811 Τπ

2689 3851 2772 3894 ex
2807 3828 2914 3893 his
2950 3827 3271 3894 coniicere
3305 3836 3507 3911 potes,
3553 3848 3720 3912 quae
3754 3829 3942 3896 nobis
3978 3851 4127 3915 spes
4164 3831 4245 3898 de
4278 3830 4393 3897 illo
4435 3832 4631 3897 relin-

2690 3913 3071 4065 flmbepilslsst'
3126 3911 3390 3978 homino
3432 3915 3565 3978 iam
3627 3936 3782 3980 sene
3836 3926 3905 3981 et
3963 3937 4232 4001 corpore
4283 3917 4630 3984 admodum

2689 4022 2781 4065 lm
2866 4020 2901 4064 Ο
2974 4017 3030 4063 0.
3344 4016 3369 4070 κ’

2862 4081 2939 4150 Si
2993 4105 3034 4148 a
3077 4081 3333 4150 Far-ezzo
3392 4085 3748 4169 impetrare
3801 4108 4068 4171 possum
4126 4095 4204 4154 ut
4262 4109 4340 4154 eo
4393 4089 4626 4167 veniat,

2689 4170 3101 4236 conferemus
3139 4168 3335 4236 latius
3377 4169 3459 4235 de
3513 4172 3710 4238 rebus
3765 4174 4097 4254 omnibus,
4154 4175 4459 4257 quamvis
4501 4194 4627 4239 non

2689 4256 2786 4322 ita
2827 4254 3082 4339 pridem
3124 4255 3206 4320 ab
3257 4276 3335 4321 eo
3376 4255 3701 4324 redierim.
3789 4259 3972 4340 Quas
4017 4268 4237 4325 autem
4282 4259 4366 4325 ob
4407 4279 4629 4327 causas

2689 4361 2835 4407 eam
2878 4341 3472 4425 peregrinationem
3519 4347 3937 4428 susceperim,
4000 4346 4387 4427 Theofredus
4429 4347 4627 4412 fusius

2688 4426 3016 4505 narrabit,
3073 4435 3145 4492 et
3241 4449 3367 4493 uae
3410 4449 3560 4511 spes
3614 4431 3702 4495 sit
3753 4429 3834 4494 de
3881 4429 4260 4496 advocando
4316 4430 4449 4498 huc
4491 4431 4629 4497 Gor-

2687 4513 2944 4597 aerim)
2988 4519 3056 4577 et
3076 4448 3241 4596 quidl
3255 4512 3736 4579 decreverimus
3770 4514 3851 4580 de
3874 4514 4232 4594 manaim,
4276 4539 4470 4602 quem
4490 4536 4625 4581 ves·

2687 4607 2829 4664 trae
2870 4597 3130 4664 scholae
3173 4600 3436 4680 praefici
3473 4599 3873 4668 desideratis.
3944 4600 4327 4669 scribemus
4362 4604 4445 4668 ad
4465 4603 4621 4668 Ber-

2686 4705 2948 4751 nenses:
3007 4684 3123 4749 sed
3179 4683 3247 4749 id
3303 4705 3435 4749 non
3494 4706 3840 4770 possumus
3895 4687 4260 4768 commode,
4319 4686 4519 4754 donec
4547 4686 4624 4750 in

2685 4783 2986 4836 nostrum
3030 4769 3381 4854 collegium
3438 4779 3774 4855 cooptatus
3830 4773 3919 4840 sit
3965 4772 4314 4842 Gordevius.
4404 4772 4621 4842 Ratio·

2709 5058 2849 5115 09¹7.
2882 5057 2914 5111 1
2981 5059 3245 5113 Fortasse
3279 5060 3489 5116 Bucen·
3519 5060 3602 5117 N.
3635 5059 3756 5116 696.

2891 5129 2955 5262 83
2991 5126 3230 5251 ξέἄῗέἷ·
3260 5128 3456 5254 &hlei-‘Ie
3505 5197 3686 5254 orbae
3735 5199 4038 5256 niam
4081 5201 4334 5271 sauma,
4391 5204 4616 5271 fortem

2892 5264 2956 5400 ‘n‘
2986 5262 3570 5405 mrengmm
3602 5268 3724 5323 eius
3755 5284 3950 5324 amaea
3981 5270 4314 5340 innotamus.

4742 2678 4782 3186 Q
