4825 6175
172 377 304 440 709

1097 571 1288 645 1027.

666 741 1300 814 6611166666
1347 724 1721 815 116616.

360 909 698 979 Calvinus
759 919 817 979 et
874 913 1172 983 Farellus
1235 918 1458 984 Turioi
1511 920 1819 1004 6696161611
1865 921 2162 989 116116611-

173 1015 368 1061 nme
887 1050 902 1080 ,
977 1002 1393 1069 inuocantium
1491 1005 1693 1071 Vir-eti
1761 1008 2164 1075 vindicarunt

170 1082 374 1165 facile
437 1085 838 1151 &edentibus
875 1088 1201 1169 fratribus.
1297 1088 1733 1159 Nihilomimoe
1779 1094 2165 1175 suspiciones

172 1168 422 1251 quibus
478 1170 603 1236 ille
658 1191 799 1237 61611
846 1174 986 1239 suis
1038 1174 1338 1240 obnoxius
1389 1180 1480 1242 est
1533 1177 1936 1260 aliquatenus
1983 1200 2163 1246 excu-

174 1256 448 1333 suadae,
502 1261 644 1321 tam
683 1259 888 1340 quoad
927 1260 1362 1326 „sinistrorum
1396 1261 1761 1346 diym'tatem
1801 1266 1999 1331 nimis
2033 1267 2160 1332 ela-

177 1346 335 1417 tam,
376 1362 596 1423 quam
638 1345 845 1424 quoad
865 1346 1201 1411 articulum
1237 1347 1312 1412 de
1356 1368 1542 1414 eoem
1584 1350 1655 1413 in
1697 1371 1818 1432 qao
1837 1370 1978 1416 cum
1999 1350 2163 1418 Ber-

285 1429 612 1493 nensium
653 1430 1031 1511 confessione
1071 1432 1330 1497 minime
1372 1436 1709 1500 consentire
1742 1436 2051 1503 videntur.

179 1601 367 1661 (Anto
441 1600 639 1722 ¹¹phou
695 1617 802 1654 11611
852 1607 1046 1656 exstat.
1117 1604 1380 1673 Reperies
1437 1622 1694 1659 coaevum
1743 1609 2040 1677 exemplar,
2092 1609 2161 1662 ab

177 1668 198 1720 i
239 1684 303 1722 so
343 1617 480 1723 gd„
501 1669 670 1723 thero
706 1678 1025 1738 correctum,
1063 1673 1110 1725 si
1146 1673 1362 1741 quidem
1393 1674 1679 1727 Simlernm
1715 1676 1917 1741 audias,
1954 1678 2009 1730 111
2030 1677 2162 1731 0611.

227 1777 241 1791 .
280 1736 353 1790 41
403 1739 555 1791 bibl.
597 1738 762 1793 Givic.
802 1740 977 1794 Turio.
1027 1741 1172 1795 olim.
1223 1742 1444 1796 Archiv,
1492 1742 1808 1813 Hottingeri
1842 1745 1957 1800 MS.
2008 1746 2160 1800 Tom.

660 1808 756 1861 Vl.
793 1808 883 1862 fol.
925 1807 1043 1863 147.
1078 1839 1145 1848 -
1182 1810 1394 1864 simler.
1430 1811 1550 1865 Vol.
1585 1811 1699 1877 67.)

184 1977 606 2044 Eruditione
653 1988 719 2043 et
782 1980 1029 2064 pietate
1071 1981 1316 2066 insigni
1355 1984 1501 2048 viro
1546 1982 1630 2047 D.
1667 1985 1869 2050 Petro
1931 1984 2163 2052 Vireto

185 2064 717 2131 Lausannensis
760 2065 1071 2132 ecclesiae
1129 2066 1512 2134 fidelissimo
1556 2073 1811 2154 pastori,
1844 2071 2035 2136 fratri
2092 2074 2163 2136 in

228 2150 523 2216 Christo
574 2150 809 2255 dilecto
853 2151 1242 2237 Rodolphus
1289 2153 1697 2221 Gualtherus
1741 2156 2117 2242 'sigui-inus.

369 2286 694 2353 Gratiam
776 2297 844 2354 et
919 2310 1144 2373 pacem
1228 2312 1268 2355 a
1345 2291 1630 2357 Domino
1708 2302 1933 2361 nostro
2011 2295 2166 2362 Iesu

191 2372 493 2439 Christo.
603 2373 812 2440 Venit
855 2373 937 2440 ad
993 2396 1110 2441 nos
1162 2375 1343 2444 hisce
1402 2375 1629 2444 diebus
1653 2378 1701 2465 ¹)
1761 2380 2165 2448 clarissimus

191 2459 298 2523 vir
345 2469 417 2523 et
474 2457 761 2526 dilectus
832 2462 899 2526 in
945 2461 1212 2527 Christo
1270 2463 1474 2529 frater
1516 2462 1802 2532 Ioannes
1861 2464 2167 2534 Calvinus

193 2546 439 2610 comite
505 2544 785 2621 forello,
853 2547 1037 2613 cuius
1103 2548 1456 2633 singularis
1519 2549 1729 2633 pietas
1795 2559 1863 2617 et
1926 2553 2165 2619 ardens

193 2651 355 2714 erga
401 2629 666 2697 Christi
710 2631 984 2716 gloriam
1024 2641 1092 2699 et
1134 2634 1444 2701 ecclesiae
1488 2635 1764 2702 salutem
1811 2638 1987 2705 zelus
2029 2639 2163 2704 iam

193 2714 354 2781 olim
419 2717 734 2784 omnibus
793 2719 1033 2785 nostris
1095 2720 1355 2787 abunde
1411 2729 1789 2806 perspectus
1855 2731 1972 2790 est.
2074 2725 2166 2791 Et

195 2804 509 2884 quamvis
573 2802 805 2868 horum
864 2804 1188 2871 adventus
1243 2806 1432 2883 nobis
1490 2807 1904 2891 gratissimus
1971 2820 2161 2889 esset,

195 2886 671 2954 vehementem
728 2900 946 2957 tamen
1006 2890 1294 2958 dolorem
1339 2894 1563 2959 attulit
1617 2915 1816 2978 quum
1858 2896 2160 2963 Lausan-

196 2975 423 3040 nensis
471 2975 790 3041 ecclesiae
833 2977 1216 3059 pericnlum,
1262 2987 1330 3044 et
1363 3000 1492 3062 quo
1535 2979 1607 3044 in
1643 2979 2022 3048 discrimine
2065 2990 2161 3063 tu,

213 3058 426 3126 Vir-ete
471 3061 955 3142 colendissimo,
1001 3084 1152 3131 cum
1191 3064 1461 3148 reliquis
1504 3066 1825 3134 ministris
1860 3069 2160 3150 verseris,

197 3159 634 3229 exponerent.
735 3149 967 3214 Doluit
1031 3171 1110 3216 66
1172 3172 1277 3216 166
1347 3152 1513 3217 mihi
1577 3155 1954 3237 cumprimis
2020 3166 2161 3220 tum

192 3240 470 3315 propter
536 3235 892 3300 amicitiam
951 3257 1362 3303 communem
1419 3245 1486 3303 et
1537 3247 1654 3304 tua
1703 3240 1774 3304 in
1819 3262 1923 3305 166
1967 3239 2161 3308 bene-

194 3317 363 3396 ficia,
435 3328 588 3384 tum
652 3328 920 3404 propter
984 3323 1293 3389 ecclesiae
1351 3324 1716 3407 periculum
1785 3327 1951 3409 quod
2018 3329 2161 3411 pios

195 3421 427 3470 omnes
487 3416 744 3473 terrere
810 3407 1017 3474 debet.
1124 3408 1275 3490 Quo
1332 3429 1492 3474 1616
1548 3411 1768 3478 611666
1838 3434 1956 3497 per
2018 3411 2161 3479 Gal-

193 3490 416 3555 vinum
470 3491 872 3576 scripserim,
941 3493 1102 3560 haec
1157 3514 1292 3560 666
1345 3515 1542 3561 66666
1595 3505 1695 3563 661
1754 3498 1926 3582 quod
1983 3498 2161 3567 111166

194 3595 418 3641 166616
467 3577 742 3643 affinem
786 3578 868 3644 ad
916 3601 1029 3645 vos
1064 3582 1510 3664 profecturum
1547 3582 1800 3663 scirem,
1847 3586 1958 3667 qni
1993 3586 2159 3652 meis

194 3658 410 3729 literis
447 3662 577 3727 tibi
621 3664 1180 3732 commendandus
1225 3676 1383 3733 erat.
1451 3667 1680 3751 Neque
1723 3676 1941 3736 tamen
1982 3689 2158 3737 6666

197 3765 361 3830 opus
422 3749 572 3814 fore
624 3751 928 3816 existimo
980 3761 1072 3829 nt,
1138 3774 1304 3836 quae
1372 3754 1667 3819 omnium
1713 3766 2008 3822 nostrum
2078 3761 2158 3823 de

197 3831 383 3900 161116
443 3843 519 3899 et
561 3836 1116 3920 propositionibus
1156 3841 1397 3905 vestris
1419 3842 1475 3917 2)
1521 3842 1847 3906 sententia
1891 3844 1994 3923 sit,
2041 3866 2154 3910 ex·

198 3937 442 4000 ponam
481 3922 730 4001 multis,
768 3943 968 4005 quum
1004 3922 1172 3988 nihil
1209 3925 1441 3990 horum
1482 3947 1521 3990 a
1545 3925 1803 3992 Calvino
1838 3930 2152 3994 omissum

198 4017 445 4086 putem.
517 4006 714 4073 Certe
772 4029 977 4091 quum
1019 4011 1495 4093 propositiones
1537 4007 1659 4077 1166
1704 4021 1858 4079 6616
1906 4011 2157 4081 Calvini

203 4099 270 4154 et
350 4091 606 4158 Farelli
683 4092 1043 4160 adventum
1133 4098 1606 4179 accepissemus
1626 4101 1679 4173 ³)
1756 4099 2152 4167 videbamini

202 4176 602 4258 quibusdam
627 4181 843 4246 nescio
865 4181 1020 4263 quid
1044 4180 1162 4246 alti
1181 4184 1452 4266 spirare,
1491 4192 1556 4248 et
1592 4205 1727 4250 non
1762 4194 1900 4251 tam
1923 4187 2152 4252 minis-

201 4264 443 4328 terium
516 4266 700 4330 verbi
766 4287 963 4349 quam
1040 4268 1489 4335 ministrorum
1560 4291 1871 4354 personas
1957 4273 2154 4339 nimis

203 4349 537 4416 extollere.
639 4349 775 4418 Sed
829 4374 962 4417 non
1010 4373 1158 4418 eam
1212 4354 1399 4421 vobis
1453 4365 1744 4423 mentem
1799 4377 1942 4425 esse
2007 4357 2154 4426 cal-

204 4434 390 4500 vinus
435 4440 758 4521 exposuit,
818 4447 886 4504 et
924 4442 982 4504 si
1021 4460 1144 4524 ego
1187 4449 1255 4506 te
1307 4442 1470 4508 satis
1515 4444 1674 4509 novi
1715 4443 1891 4510 illius
1935 4445 2153 4512 verbis

205 4517 394 4586 facile
439 4522 637 4589 fidem
685 4524 919 4589 habeo:
976 4546 1177 4608 quum
1235 4545 1572 4612 nunquam
1630 4529 1795 4595 mihi
1851 4530 1909 4596 16
1967 4531 2154 4597 11666

208 4603 315 4684 616,
359 4610 479 4691 661
522 4617 705 4675 tuam
748 4611 963 4694 potius
998 4611 1274 4695 gloriam
1311 4636 1504 4699 quam
1540 4615 1830 4680 fidelium
1875 4616 2155 4683 salutem

210 4709 525 4771 quaerere
576 4698 850 4763 coneris.
937 4696 1218 4763 Interim
1274 4698 1626 4768 dolendum
1682 4707 1782 4768 est
1824 4717 1968 4767 eam
2013 4724 2154 4769 rem

212 4945 394 5010 1027.
437 4953 494 5019 1)
535 4953 737 5012 Beda-v
766 4956 882 5023 suit
919 4957 977 5012 0.
1022 4956 1270 5012 Geneveu
1301 4959 1485 5026 pridie
1517 4973 1697 5013 nonas
1732 4958 1950 5013 Iunias.
2019 4958 2154 5016 Bul-

212 5013 542 5087 linyerusad
577 5042 694 5082 sun·
719 5027 925 5090 literas,
959 5026 1110 5082 deda
1144 5026 1198 5081 d.
1233 5026 1320 5081 26.
1359 5026 1526 5083 Maii.
1587 5026 1633 5082 S
1745 5029 1755 5040 ”
1876 5043 1995 5082 eum
2030 5028 2155 5083 ulti-

212 5089 315 5141 mis
351 5095 569 5186 “mensis
627 5098 818 5155 diebus
882 5096 1074 5153 strici
1110 5097 1306 5166 faisse,
1367 5103 1419 5151 st
1461 5099 1602 5165 prob
1678 5097 1820 5153 iliter
1887 5111 2001 5151 non
2053 5098 2154 5152 diu

210 5168 475 5304 hang)
513 5236 603 5291 De
633 5237 949 5291 numism.

412 5309 473 5375 3)
513 5307 565 5360 A
603 5305 965 5361 Kikhmes'oro
1001 5303 1076 5358 N.
1112 5302 1263 5359 1007.

2022 391 2184 454 1548
2228 387 2411 456 l'UN.

4090 399 4216 464 710

2263 583 2487 642 tantas
2549 576 2733 643 vobis
2811 576 3040 643 turbas
3116 576 3387 644 dedisse.
3496 578 3667 645 Nam
3747 578 3828 646 de
3903 582 3985 649 iis
4049 603 4227 668 quae

2265 663 2527 729 Bernae
2580 662 2959 730 acciderunt
3012 661 3179 728 nihil
3238 664 3470 741 scribo,
3511 686 3712 747 quum
3758 687 3894 732 non
3946 677 4217 751 propter

2265 755 2525 815 vestras
2579 747 2903 814 duntaxat
2955 749 3430 832 propositiones
3483 749 3661 816 111166
3719 752 4030 820 ecclesiae
4086 755 4215 820 mi·

2267 835 2461 899 nistri
2498 833 2579 900 ab
2614 834 2827 901 officio
2861 834 3107 918 repulsi
3141 834 3292 913 sint,
3330 835 3448 900 sed
3485 857 3605 919 pro
3650 844 3753 902 ter
3787 839 4227 906 iurisiurandi·

2268 919 2487 996 fidem,
2502 921 2558 1000 ⁴)
2617 931 2694 985 ut
2748 919 3002 1005 legatus
3045 921 3404 987 Bernensis
3466 930 3568 986 ret
3639 922 3710 1000 it,
3760 925 4022 1008 saepius
4076 926 4214 992 vio-

2264 1006 2488 1072 latam.
2576 1007 2668 1071 Et
2710 1014 3026 1089 quantum
3069 1006 3210 1089 ipse
3264 1027 3384 1091 pro
3426 1007 3557 1072 mei
3600 1009 3850 1092 ingenii
3890 1011 4213 1078 tenuitate

2266 1091 2493 1158 videre
2531 1112 2819 1175 possum,
2863 1113 2997 1157 non
3032 1092 3247 1175 potnit
3287 1090 3389 1158 illi
3432 1092 3740 1159 ecclesiae
3781 1095 4015 1162 melius
4057 1117 4211 1162 ocn-

2266 1176 2396 1243 suli
2474 1185 2742 1262 propter
2805 1178 3092 1261 partium
3170 1177 3404 1254 studia,
3471 1199 3637 1261 quae
3700 1178 3950 1247 radices
4013 1183 4211 1249 nimis

2267 1264 2579 1347 utrinque
2642 1263 2772 1329 alte
2836 1274 3133 1347 egerunt.
3257 1264 3539 1329 Vestrae
3617 1273 3837 1330 autem
3902 1268 4211 1334 ecclesiae

2265 1346 2670 1415 commodius
2703 1349 3037 1415 subveniri
3071 1369 3259 1432 posse
3295 1370 3519 1431 spero:
3555 1350 3874 1432 siquidem
3910 1374 3988 1417 ea
4021 1353 4221 1419 vobis.
4288 1384 4292 1388 Δ

2264 1455 2455 1499 mens
2510 1444 2612 1500 est
2674 1454 2870 1518 qnam
2932 1433 3235 1501 Calvinus
3298 1456 3440 1500 esse
3484 1434 3654 1500 dixit
3710 1446 3779 1501 et
3842 1459 3962 1504 nos
3984 1439 4210 1506 „facile

2266 1519 2615 1586 credimus.
2706 1520 2992 1586 Multum
3038 1530 3214 1586 certe
3247 1519 3354 1587 hic
3390 1520 3683 1603 proderit
3725 1522 4110 1606 simplicitas
4142 1535 4214 1590 et

2266 1607 2723 1689 quaestionum
2735 1627 2869 1671 non
2883 1607 3400 1672 necessariarum
3415 1608 3627 1671 rarior
3642 1610 3960 1674 tractatio,
3987 1608 4225 1690 Quum.

2267 1692 2446 1756 enim
2482 1693 2670 1758 vobis
2704 1712 2854 1758 cum
2890 1690 3152 1772 Bucco-0,
3179 1695 3229 1773 ³)
3266 1703 3342 1756 ut
3375 1692 3567 1756 multi
3602 1694 3882 1759 firmiter
3915 1696 4210 1774 credunt,

2268 1779 2633 1857 conveniat,
2686 1778 2745 1843 is
2789 1784 3007 1843 autem
3061 1785 3440 1843 nostrarum
3494 1778 3914 1843 ecclesiarum
3974 1774 4211 1847 doctri-

2268 1885 2427 1928 nam
2485 1862 2565 1928 de
2609 1882 2811 1929 coena
2852 1862 3111 1947 publice
3169 1861 3453 1940 damnet,
3511 1884 3643 1926 non
3699 1866 3936 1929 mirum
3998 1867 4211 1932 videri
4273 1894 4277 1898 >

2269 1946 2463 2015 debet
2515 1950 2570 2014 si
2614 1948 2841 2014 multis
2883 1949 3168 2031 suspecti
3226 1949 3387 2015 sitis.
3477 1951 3747 2033 Augent
3791 1971 3945 2015 vero
4000 1953 4212 2036 suspi-

2270 2035 2524 2100 cionem
2569 2033 2735 2100 hanc
2789 2032 2870 2099 (16
2927 2035 3273 2100 ministerii
3331 2033 3717 2099 excellentia
3774 2045 3841 2100 et·
3896 2034 3961 2100 di
4057 2039 4213 2104 itate

2270 2118 2759 2204 disputationes,
2820 2127 2897 2185 ut
2937 2141 3066 2185 non
3114 2118 3331 2185 desint
3372 2119 3483 2203 qui
3533 2140 3651 2185 vos
3696 2118 3779 2185 ad
3820 2120 3938 2186 illu
4029 2124 4213 2188 fasti-

2271 2207 2455 2289 gium
2500 2207 2790 2288 aspirare
2834 2214 3070 2289 putent
3112 2205 3289 2271 unde
3332 2205 3612 2289 superba
3656 2205 4104 2290 episcopcrum
4149 2217 4216 2274 61

2269 2292 2736 2375 papisticorum
2782 2291 3156 2375 praesulum
3199 2290 3392 2356 turba
3434 2290 3685 2357 deiecta
3728 2301 3843 2357 est.
3910 2292 4014 2358 Ne
4056 2314 4214 2378 ergo

2270 2386 2410 2442 tam
2490 2377 2863 2462 suspiciosis
2953 2378 3356 2443 occasionem
3438 2376 3668 2441 demus
3744 2379 3939 2442 etiam
4019 2387 4213 2462 atque

2270 2465 2469 2528 etiam
2534 2462 2901 2529 curandum
2969 2462 3110 2528 erit.
3199 2463 3291 2527 Et
3354 2462 3505 2545 plus
3561 2461 3862 2529 utilitatis
3926 2472 4061 2527 tam
4129 2464 4213 2531 ad

2269 2569 2388 2614 nos
2444 2570 2641 2633 quam
2696 2547 3002 2616 ecclesias
3055 2557 3312 2614 nostras
3369 2546 3582 2613 redire
3642 2569 3830 2631 posse
3885 2548 4097 2628 credo,
4155 2551 4214 2615 si

2268 2635 2673 2718 frequentius
2729 2635 2809 2701 de
2861 2633 3254 2699 humilitatis
3323 2632 3534 2698 officio
3579 2655 3774 2716 quam
3830 2635 4214 2701 excellentia

2267 2730 2532 2786 nostrae
2577 2720 2916 2805 dignitatis
2960 2721 3341 2804 cogitemus,
3402 2740 3602 2801 quum
3650 2721 3788 2801 ipse
3834 2721 4029 2785 etiam
4076 2721 4213 2786 Do-

2266 2808 2489 2872 minus
2554 2818 2778 2872 noster
2856 2806 3043 2871 Iesus
3110 2805 3420 2871 Christus
3482 2804 3890 2888 frequentius
3955 2805 4035 2871 de
4098 2806 4215 2872 illa

2311 2913 2458 2957 uam
2495 2891 2621 2958 hac
2662 2913 2816 2959 suos
2860 2891 3211 2975 discipulos
3256 2890 3694 2956 admonendos
3742 2911 3885 2956 6666
3930 2890 4211 2957 duxerit.

2264 2913 2465 3058 Quod
2510 2998 2749 3044 coenae
2793 2979 3129 3062 negotium
3173 2977 3428 3053 attinet,
3473 2998 3664 3042 nemo
3706 2986 3882 3042 certe
3927 2988 4063 3042 tam
4097 2999 4212 3043 ve-

2266 3084 2409 3130 cors
2454 3073 2523 3130 et
2566 3062 2871 3149 stupidus
2911 3072 3012 3130 est
3053 3064 3214 3147 quin
3257 3061 3615 3129 multorum
3660 3061 4019 3129 doctrinam
4064 3082 4213 3129 cum

2266 3150 2593 3217 Bernensi
2618 3149 3052 3234 disputatione
3088 3149 3448 3234 plurimum
3473 3148 3840 3232 discrepare
3863 3149 4213 3233 intelligat.

2265 3235 2405 3302 Nec
2435 3236 2502 3302 id
2538 3237 2884 3303 obscurum
2925 3245 3044 3314 est,
3082 3256 3284 3318 quum
3310 3234 3625 3301 Genevae
3659 3233 3864 3300 libelli
3893 3241 3961 3300 61
3979 3234 4213 3318 gallice

2266 3330 2333 3385 et
2387 3321 2594 3387 latine
2647 3322 2805 3388 editi
2863 3323 3013 3402 sint,
3038 3325 3091 3400 ⁶)
3146 3321 3219 3386 in
3263 3320 3502 3404 quibus
3558 3320 3857 3403 Zwv‘nqzii
3912 3329 3980 3386 et
4030 3318 4212 3386 Oeco-

2265 3408 2582 3490 lampadii
2604 3408 2685 3473 (16
2725 3427 2926 3474 coena
2965 3407 3279 3486 doctrina,
3326 3407 3659 3491 expressis
3702 3408 3897 3470 etiam
3945 3404 4210 3470 illorum

2264 3493 2653 3573 nominibus,
2691 3494 3004 3573 reiicitur,
3050 3492 3345 3575 talesque
3378 3491 3781 3558 inducuntur
3816 3491 4211 3558 sanctissimi

2262 3579 2392 3644 viri
2429 3581 2541 3663 qui
2585 3581 3001 3664 praecipuam
3040 3579 3237 3644 huius
3280 3579 3666 3644 sacramenti
3702 3583 3959 3662 partem
3993 3577 4211 3643 minus

2262 3674 2492 3732 exacte
2556 3664 2963 3732 tradiderint.
3068 3666 3288 3748 Atque
3351 3664 3449 3728 illi
3514 3663 3637 3748 ipsi
3704 3671 3859 3729 sunt
3934 3683 4210 3745 quorum

2262 3750 2484 3817 labore
2528 3761 2595 3817 et
2658 3751 2878 3818 studio
2933 3749 3292 3816 Beruensis
3357 3748 3708 3833 disputat-io
3772 3748 4061 3814 maxima
4124 3769 4210 3813 ex

2261 3847 2453 3921 parte
2505 3846 2771 3921 peracta
2826 3846 2943 3903 est.
3033 3835 3227 3917 Quod
3273 3836 3326 3900 61
3373 3855 3531 3919 ergo
3574 3834 3831 3899 illorum
3875 3831 4209 3899 doctrinae

2261 3932 2328 3988 et
2369 3924 2645 4006 proinde
2688 3922 3016 3989 Bernensi
3060 3921 3484 4006 disputationi
3531 3920 3653 3986 1166
3696 3921 3764 3984 16
3809 3940 3882 3983 16
3926 3919 4207 3985 61611616

2261 4008 2487 4075 deesse
2542 4010 2808 4093 quidam
2848 4031 2932 4075 ex
2978 4010 3216 4075 vestris
3259 4017 3608 4083 noverunt,
3651 4024 3996 4104 nunquam·
4032 4015 4209 4105 certe

2258 4095 2326 4160 in
2371 4094 2548 4161 illius
2591 4094 2791 4160 verba
2830 4096 3048 4161 iurare
3093 4094 3489 4170 debuissent,
3551 4112 3772 4189 quum·
3792 4099 4079 4156 sanctior
4121 4097 4210 4157 611

2259 4192 2326 4246 61
2363 4180 2517 4246 fidei
2561 4181 2955 4248 christianae
3013 4189 3080 4245 et
3120 4178 3542 4246 iurisiurandi
3588 4176 3835 4260 religio,
3880 4197 4070 4259 quam
4130 4183 4207 4239 ut

2463 4402 2523 4470 4)
2568 4403 2847 4458 Hundesh.
2881 4418 2936 4470 p.
2973 4400 3092 4458 209.
3666 4468 3676 4479 ι
3761 4465 3772 4476 ι

2465 4471 2525 4539 5)
2565 4469 2655 4527 De
2688 4472 2788 4527 hoc
2820 4471 2961 4526 male
2995 4469 3269 4534 sentiebat,
3304 4468 3387 4522 vel
3419 4468 3603 4521 saltem
3624 4481 3674 4519 es
3709 4462 3992 4529 diffidebat
4010 4478 4077 4517 ex
4094 4480 4202 4535 quo

2258 4543 2607 4598 concordiam
2646 4539 3169 4609 Wittemberqensem
3204 4553 3365 4608 quam
3401 4541 3595 4592 vocant
3622 4539 4020 4613 promae-erat
4057 4537 4204 4587 sata-

2256 4612 2451 4680 qsndo.
2523 4611 2729 4666 Postea
2760 4611 2824 4664 in
2866 4609 3048 4678 peiore
3082 4611 3197 4665 loco
3240 4607 3430 4662 habuit
3545 4618 3637 4656 um
3672 4600 3997 4683 apotomen
4042 4600 4201 4656 Turs-

2258 4682 2500 4737 censium
2535 4685 2730 4736 contra
2764 4679 3067 4733 Lathon-um
3103 4677 3362 4746 scriptam
3396 4689 3447 4728 a.
3516 4670 3623 4725 545
3656 4670 4003 4751 improbaret.
4067 4670 4203 4724 Vuis

2329 4792 2339 4805 .
2373 4750 2453 4805 ad
2485 4765 2604 4803 eam
2639 4749 2829 4803 datam
2874 4747 2927 4800 d.
2968 4746 3047 4799 12.
3101 4746 3273 4801 Mart.
3318 4741 3452 4797 1545
3502 4757 3592 4810 ap.
3632 4738 3791 4804 Hm,
3826 4737 4115 4807 Bullznycr
4149 4739 4200 4793 I.

2257 4765 2380 4872 254.
2451 4818 2663 4872 Ibidem
2749 4858 2760 4870 .
2795 4814 2903 4869 470
2946 4815 3110 4870 habes
3143 4814 3309 4867 aliam
3354 4811 3589 4864 eiusdem
3695 4846 3707 4859 .
3755 4806 3835 4860 ad
3867 4806 4201 4861 maumam

2255 4893 2380 4955 post
2402 4887 2639 4941 Lama-i
2748 4887 2868 4938 ‘um
2903 4885 3163 4951 scriptam
3199 4878 3355 4935 d.11.
3383 4879 3559 4933 Mart.
3594 4875 3625 4928 1
3763 4875 3861 4930 aba
3892 4875 4202 4932 snteralsa:

2259 4960 2395 5026 Ego,
2449 4958 2645 5026 inquit,
2700 4954 2894 5008 melius
2947 4967 3167 5022 sperare
3217 4949 3527 5017 inciperem,
3582 4961 3630 4997 61
3689 4944 3928 5025 11666166
3981 4961 4197 5025 quoquc

2257 5032 2545 5082 vocaretur
2579 5025 2647 5078 ad
2685 5022 2990 5078 Dominum.
3059 5021 3181 5074 Non
3216 5018 3360 5071 enim
3396 5016 3534 5069 vivit
3576 5012 3738 5093 1161116
3772 5013 3908 5066 altus
3945 5029 4038 5082 qm
4073 5016 4195 5083 plus

2256 5095 2373 5167 spei
2423 5094 2636 5175 aperiat
2667 5093 2896 5163 papistis
2942 5096 3000 5143 et
3044 5090 3111 5142 de
3153 5102 3319 5140 coena
3364 5083 3578 5137 Domini
3625 5081 3869 5149 disputet
3917 5083 4193 5137 obscurius

2253 5181 2415 5239 qnam
2451 5179 2716 5296 &abaco
2731 5230 2841 5286 obl·
2875 5244 2941 5283 ue
2962 5225 3247 5282 Calvinum
3263 5223 3441 5289 ipsum
3474 5226 3715 5288 spectare
3734 5212 4003 5272 videniur·
4060 5215 4194 5270 Vidn

2251 5305 2490 5360 maxime
2528 5299 2663 5369 Opp.
2713 5299 2774 5355 V.
2942 5311 3020 5366 sq.
3677 5370 3780 5426 45·
