4825 6175
622 451 745 513 539

622 637 794 724 quod
832 638 958 720 ipsi
1006 645 1314 719 tanquam
1369 635 1576 701 libera
1629 634 1861 701 civitas
1903 631 2163 717 imperii
2206 630 2569 699 secundum

620 744 845 791 eorum
891 721 1238 806 privilegia
1280 721 1361 787 ab
1406 720 1675 804 antiquo
1722 720 1929 785 facere
1973 727 2300 784 tenentur.

790 809 1078 892 Insuper
1154 808 1546 891 promittunt
1610 815 1808 890 atque
1886 804 2274 888 pollicentur
2351 804 2574 868 omnia

620 917 784 980 quae
829 894 934 958 his
977 892 1273 958 articulis
1315 899 1474 958 sunt
1516 889 1987 976 comprehensa
2029 890 2308 955 firmiter
2349 889 2570 955 obser-

619 991 907 1056 vaturos,
953 989 1020 1042 et
1061 987 1286 1043 contra
1340 999 1419 1043 ea
1461 977 1628 1042 nihil
1674 976 1810 1041 ulla
1869 979 1973 1040 via
2031 984 2148 1041 aut
2191 975 2380 1039 modo
2424 982 2570 1040 ten-

618 1077 886 1132 taturos.

792 1152 920 1216 His
976 1150 1279 1216 omnibus
1335 1148 1698 1214 observatis
1756 1169 1876 1212 sua
1933 1146 2249 1212 Maiestas
2311 1166 2384 1210 se
2437 1144 2569 1211 illis

621 1248 926 1322 pacatum
985 1234 1285 1317 praebet,
1342 1255 1491 1300 cum
1545 1232 1871 1298 oblivione
1929 1233 2220 1299 omnium
2277 1251 2443 1314 quae
2497 1231 2567 1296 in

620 1345 772 1390 eum
817 1323 1089 1387 fixerunt
1142 1320 1547 1392 iniuriarum,
1595 1320 1897 1401 ipsosque
1941 1319 2113 1383 cives
2158 1340 2232 1382 ac
2276 1317 2568 1382 subditos

619 1430 755 1474 una
798 1427 944 1472 cum
1003 1406 1423 1489 magistratu,
1483 1417 1550 1469 et
1605 1405 1800 1469 etiam
1863 1403 2010 1468 illos
2067 1403 2177 1486 qui
2233 1403 2571 1486 pertinent

620 1494 702 1562 ad
748 1515 871 1567 eos.
932 1492 1172 1575 quique
1216 1490 1632 1556 consentiunt
1685 1490 1747 1553 in
1806 1489 1976 1553 hanc
2021 1488 2414 1554 deditionem
2462 1489 2568 1553 vel

619 1590 850 1648 contra
907 1599 1050 1643 eam
1110 1599 1241 1641 non
1300 1585 1540 1661 agunt.
1614 1577 1680 1638 in
1737 1576 2016 1658 gratiam
2087 1576 2320 1657 recipit
2370 1577 2570 1656 inque

618 1667 987 1733 Maiestatis
1033 1683 1190 1729 suae
1236 1663 1501 1727 tutelam
1543 1683 1618 1727 ac
1653 1660 2139 1745 protectionem,
2187 1681 2262 1724 ac
2307 1661 2571 1744 permit-

620 1755 700 1816 tit
747 1767 823 1817 ut
857 1751 997 1816 suis
1033 1751 1335 1814 fmantur
1368 1748 1577 1824 bonis,
1625 1746 1999 1829 privilegii&
2049 1745 2364 1824 libertate,
2408 1747 2566 1810 iuri-

619 1840 761 1914 bus,
808 1847 874 1902 et
895 1837 1093 1900 etiam
1137 1832 1441 1915 omnibus
1477 1831 2058 1899 consuetudinibus
2088 1832 2168 1896 ab
2192 1833 2463 1913 antiquo
2488 1832 2569 1896 ab

620 1926 715 1990 eis
752 1921 1047 2006 receptiS‚
1094 1941 1291 2002 seque
1328 1919 1508 1983 nullo
1532 1916 1721 1982 modo
1744 1940 1850 1983 eos
1875 1917 2390 1993 deturbaturam,
2437 1918 2570 1980 imo

619 2009 1020 2094 singularem
1059 2005 1516 2090 protectricem
1553 2024 1778 2068 eorum
1817 2004 2124 2080 futuram,
2172 2025 2292 2068 nec
2334 2023 2568 2086 grava-

618 2105 836 2160 turam
885 2116 954 2158 se
1000 2114 1109 2157 eos
1153 2091 1370 2172 aliqua
1415 2088 1678 2172 speciali
1726 2090 2040 2171 pactione.

794 2178 899 2244 Ad
942 2179 1102 2243 haec
1147 2177 1460 2242 Maiestas
1504 2197 1622 2239 sua
1665 2196 1860 2256 quam
1899 2176 2182 2257 primum
2233 2173 2466 2256 recipit
2500 2194 2572 2238 se

617 2275 1110 2350 praecepturam
1157 2275 1232 2327 ut
1275 2262 1491 2325 omnia
1535 2273 1750 2326 aresta
1800 2271 1865 2324 et
1905 2259 2074 2325 bona
2121 2260 2570 2343 Argentinen-

549 2346 560 2360 ’
619 2352 736 2427 sia,
803 2368 1227 2434 quaecunque
1290 2347 1558 2410 suntin
1616 2367 1771 2409 suae
1814 2345 2181 2410 Maiestatis
2225 2354 2567 2429 potestate,

617 2438 1056 2503 restituantur
1100 2445 1166 2498 et
1200 2434 1600 2509 relaxentur,
1645 2432 1887 2515 absque
1931 2430 2066 2495 ulla
2108 2431 2422 2496 dilatione
2456 2440 2574 2494 aut

617 2521 1149 2589 contradictione.
1253 2519 1342 2582 Et
1405 2539 1523 2602 pro
1582 2518 2198 2583 commemoratione
2263 2515 2572 2580 notabilis

620 2627 948 2692 expensae
1015 2627 1212 2688 quam
1272 2624 1392 2668 sua
1449 2604 1761 2668 Maiestas
1820 2601 1943 2668 hoc
2001 2601 2169 2667 bello
2233 2602 2569 2684 impendit,

616 2695 1000 2779 praesertim
1036 2692 1290 2756 ratione
1326 2692 1612 2772 ipsorum
1640 2688 2245 2773 Argentinensium,
2291 2689 2397 2769 qui
2426 2688 2570 2751 Ma—

616 2781 865 2846 iestatis
922 2798 1080 2842 suae
1135 2775 1436 2841 inimicos
1493 2772 1839 2850 iuvabunt,
1900 2773 2216 2855 relinquit
2259 2794 2380 2839 sua
2423 2774 2569 2837 Ma-

614 2868 817 2932 iestas
874 2863 1459 2947 Argentinensium
1516 2859 1786 2925 arbitrio
1841 2860 2204 2942 portionem
2263 2860 2570 2940 pecunia·

614 2973 783 3026 rum,
827 2951 899 3014 in
943 2947 1616 3030 recompensationem
1673 2947 1740 3009 in
1789 2947 1956 3010 entis
2011 2945 2328 3027 pecuniae
2372 2965 2572 3026 quam

615 3057 737 3106 sua
779 3036 1095 3103 Maiestas
1136 3031 1495 3116 impendit:
1557 3051 1706 3096 cum
1799 3053 1874 3098 oc
1919 3038 1992 3096 ut
2036 3038 2180 3114 post
2224 3052 2343 3096 sex
2385 3050 2570 3095 men·

618 3146 724 3191 ses
769 3124 849 3188 ab
907 3121 1031 3186 hac
1089 3119 1552 3201 compositione
1610 3126 1992 3183 numeratos
2035 3117 2371 3183 Maiestati
2413 3137 2572 3180 suae

615 3216 1040 3295 praesentent
1084 3202 1421 3271 duodecim
1467 3203 1873 3279 bombardas,
1919 3212 1985 3268 et
2021 3203 2410 3267 nominatim
2455 3223 2572 3266 sex

621 3316 764 3361 esse
808 3292 1065 3369 debent,
1115 3303 1186 3355 ut
1231 3290 1548 3356 Germani
1596 3298 1865 3367 vocant,
1924 3288 2296 3372 Schlangas
2366 3288 2573 3351 muri-

617 3381 972 3456 fractrices,
1016 3385 1085 3443 et
1125 3376 1413 3458 reliquae
1468 3397 1583 3440 sex
1644 3386 1841 3440 erunt
1899 3375 2292 3456 campestria
2333 3373 2574 3438 iacula-

617 3478 870 3542 menta,
930 3474 998 3529 et
1054 3462 1136 3526 ad
1189 3461 1548 3543 quamlibet
1604 3459 2106 3525 bombardarum
2148 3471 2409 3524 centum
2456 3458 2570 3522 ad·

616 3550 777 3618 dent
812 3550 1038 3636 globos
1082 3556 1151 3611 et
1191 3547 1536 3631 pulverem
1574 3545 1827 3610 dimidii
1866 3544 2167 3627 ponderis
2211 3544 2569 3629 globorum.

787 3721 933 3785 Hae
970 3721 1176 3804 igitur
1218 3726 1373 3782 sunt
1415 3716 1818 3782 conditiones
1862 3715 2100 3798 quibus
2125 3717 2570 3799 Argentinen-

616 3830 720 3875 ses
764 3808 939 3891 pacti
984 3814 1142 3871 sunt
1185 3825 1333 3869 cum
1379 3803 1579 3867 hoste.
1648 3802 1894 3883 Quales
1938 3812 2156 3867 autem
2204 3804 2358 3873 sint,
2403 3802 2569 3867 tole-

615 3893 854 3959 rabiles
899 3892 1146 3957 scilicet
1189 3900 1303 3954 aut
1347 3888 1816 3965 intolerabiles,
1867 3890 2077 3953 iustae
2135 3887 2236 3953 vel
2281 3888 2567 3970 iniquae,

614 4001 750 4045 non
794 3988 895 4045 est
937 3996 1156 4041 meum
1193 3974 1500 4039 iudicare.
1571 3972 1709 4057 Ipsi
1731 3973 2033 4039 viderint.
2103 3973 2382 4037 Interim
2408 3973 2570 4037 haec

614 4064 696 4130 ad
745 4074 808 4129 te
853 4063 1092 4138 scribo,
1152 4082 1278 4143 quo
1322 4060 1575 4125 facilius
1614 4059 1863 4124 iudices
1908 4068 1974 4123 et
2017 4080 2366 4144 cognoscas
2410 4080 2569 4141 qua-

615 4152 712 4218 les
756 4150 960 4215 futuri
1007 4147 1229 4225 simus,
1277 4146 1401 4210 nisi
1449 4146 1773 4210 Dominus
1818 4146 2005 4210 Deus
2041 4166 2159 4209 sua
2202 4145 2568 4210 misericor-

615 4237 726 4303 dia
767 4248 833 4300 et
876 4233 1279 4316 benignitate
1315 4252 1431 4295 nos
1477 4241 1710 4296 servet.
1779 4231 1881 4295 'Pu
1926 4231 2191 4295 interim
2238 4230 2383 4295 vale
2419 4250 2568 4313 per-

613 4332 812 4407 petuo
855 4320 1032 4384 felix.
1121 4315 1446 4382 Dominus
1493 4329 1555 4380 te
1599 4337 1756 4380 suae
1806 4316 2117 4382 ecclesiae
2161 4316 2272 4381 diu
2316 4315 2569 4380 incolu-

613 4431 787 4473 mem
831 4416 1054 4471 servet
1096 4402 1177 4467 ad
1221 4401 1484 4467 laudem
1538 4416 1606 4466 et
1647 4402 1921 4486 gloriam
1966 4401 2253 4466 nominis
2305 4403 2407 4466 sui
2453 4422 2571 4484 per

613 4493 837 4559 Iesum
862 4491 1223 4565 Christum,
1270 4490 1376 4554 cui
1415 4497 1517 4552 est
1550 4488 1759 4570 gloria
1802 4489 1867 4551 in
1914 4496 2273 4552 aeternum.
2331 4491 2564 4552 Amen.

616 4580 1022 4664 Argentinae
1078 4578 1170 4636 16.
1212 4574 1386 4638 Iunii
1443 4580 1619 4638 1547.

789 4665 996 4729 Parce
1015 4713 1029 4739 ,
1091 4661 1388 4737 obsecr0,
1444 4660 1593 4725 stilo
1659 4670 1724 4723 et
1766 4659 2018 4724 calamo
2037 4710 2053 4737 ,
2099 4660 2408 4741 quoniam
2454 4662 2567 4723 vix

613 4771 734 4834 per
788 4750 996 4813 otium
1053 4747 1336 4811 scribere
1390 4745 1594 4821 licuit,
1649 4754 1719 4810 et
1774 4745 2082 4828 quoniam
2129 4747 2257 4810 ista
2313 4744 2566 4811 calamo

616 4836 817 4920 digna
858 4834 981 4899 hoc
1026 4832 1361 4915 potissimo
1381 4833 1440 4907 ⁵)
1485 4839 1780 4914 tempore
1815 4829 2102 4896 iudicavi
2148 4839 2344 4913 prout
2386 4830 2565 4895 valui

614 4920 1084 4986 transscribere
1126 4928 1397 4984 conatus
1440 4939 1604 4984 sum.

1438 5054 1564 5119 Tui
1609 5050 2057 5118 deditissimus

1745 5138 2027 5205 Ioannes
2071 5138 2456 5206 Garnerius.

617 5285 736 5294 ————-—-

823 5364 1015 5433 5)οὲο.
1089 5362 2184 5432 Ettuparmhuimstaoetoalamo.

2155 440 2684 511 EPIS'POLAE
2728 445 3067 507 917—919

4486 444 4593 507 540*

3580 628 3732 702 918.

3064 765 3413 833 estvm
3456 766 3519 832 A
3562 766 3654 832 M.
3701 725 3832 833 ΒΕ
3873 764 4237 834 FALAIS.

2848 921 3055 986 Lettre
3093 920 3456 988 a’ocoaeion.
3528 921 3856 988 Nowdlee
3887 922 3963 988 de
3994 921 4431 1007 l’Apoloyiea
4466 922 4595 987 d'un

2673 1263 2846 1334 (Orig.
2884 1264 3232 1332 autographo.
3283 1264 3426 1317 Bibl.
3464 1263 3533 1316 de
3570 1241 3827 1331 Gener-e..
3850 1264 3975 1320 Vol.
4011 1264 4132 1330 194,
4166 1265 4260 1318 sol.
4295 1262 4382 1318 59.
4423 1292 4480 1303 -
4512 1248 4598 1318 fid.

3049 1332 3278 1386 d'Amst.
3313 1347 3367 1402 p.
3407 1330 3522 1386 121.
3594 1333 3697 1386 Ed.
3735 1334 3952 1388 Bonnet
3984 1332 4028 1388 Ι.
4060 1331 4213 1396 204.)

2846 1508 2906 1570 A
2953 1503 3422 1588 Monseigneur
3466 1505 3805 1570 Monsieur
3846 1505 3927 1569 de
3970 1503 4352 1656 F'allezBasl

4112 1611 4153 1654 a
4355 1612 4410 1656 e.

2843 1727 3334 1811 Monseigneur,
3380 1726 3673 1792 combien
3719 1749 3844 1810 que
3887 1727 3948 1792 ie
3992 1748 4232 1793 neusse
4275 1749 4396 1810 pas
4431 1735 4605 1812 grant

2672 1814 2869 1879 chose
2913 1832 2953 1875 a
2997 1834 3158 1877 vous
3218 1814 3486 1888 escrire‚
3547 1813 3852 1877 toutefois
3896 1813 4245 1897 craignant
4288 1834 4418 1896 que
4461 1833 4604 1877 vous

2676 1920 2758 1964 ne
2803 1898 3186 1963 trouvissiez
3223 1907 3527 1981 estrange
3562 1920 3686 1980 que
3722 1919 3794 1964 ce
3835 1908 4107 1982 porteur
4140 1899 4292 1963 vint
4325 1920 4449 1982 par
4481 1896 4606 1962 dela

2674 2006 2829 2049 sans
2873 2005 3012 2048 mes
3058 1983 3303 2060 lettres,
3349 1984 3411 2047 ie
3460 2004 3592 2067 nay
3634 1984 3827 2048 voulu
3865 1985 4065 2050 faillir
4100 2006 4140 2050 a
4176 2007 4342 2050 vous
4387 1984 4606 2050 escrire

2674 2071 2951 2154 quelque
2995 2077 3151 2133 mot.
3240 2069 3313 2134 Ie
3358 2089 3442 2134 ne
3482 2089 3641 2153 scay
3685 2090 3802 2152 pas
3843 2071 4242 2135 bonnement
4283 2090 4607 2154 pourquoy

2674 2156 2737 2220 le
2781 2156 2878 2220 dit
2920 2167 3187 2238 porteur
3226 2174 3267 2218 a
3304 2155 3675 2238 entreprins
3715 2177 3788 2221 ce
3831 2177 4098 2241 voyage.
4187 2156 4264 2222 Ie
4307 2176 4467 2240 croy
4501 2175 4608 2238 qne

2676 2242 2851 2308 aussi
2896 2263 2979 2305 ne
3022 2242 3178 2306 faict
3219 2241 3267 2304 il
3304 2262 3503 2325 guere
3535 2241 3800 2306 mieulx.
3867 2243 3929 2306 A
3965 2250 4164 2326 grant
4199 2244 4395 2325 poine
4436 2240 4612 2308 estoit

2674 2328 2722 2392 il
2758 2328 2976 2392 arrive
3011 2326 3146 2408 quil
3184 2326 3441 2408 prenoit
3475 2327 3717 2392 conseil
3753 2327 3834 2392 de
3871 2337 4215 2393 retourner
4248 2348 4404 2394 sans
4440 2327 4611 2393 avoir

2676 2433 3001 2498 esprouve
3046 2432 3131 2477 ne
3175 2410 3331 2477 bien
3368 2433 3451 2476 ne
3495 2412 3645 2477 mal.
3713 2413 3966 2496 Depuis
4008 2413 4054 2477 il
4103 2435 4143 2477 a
4185 2413 4443 2499 change
4479 2434 4611 2479 sou·

2675 2506 2836 2563 vent
2880 2499 2961 2562 de
3004 2518 3259 2581 propos.
3347 2495 3642 2563 Somme:
3708 2499 3771 2563 ie
3825 2521 3959 2584 nay
4016 2519 4142 2564 ven
4199 2499 4414 2564 aultre
4472 2519 4612 2564 con·

2676 2595 2902 2650 stanoe
2946 2604 3029 2648 eu
3075 2583 3206 2668 luy,
3251 2585 3434 2649 sinon
3482 2584 3616 2667 quil
3662 2605 3747 2649 ne
3783 2584 4073 2649 trouvoit
4106 2586 4212 2670 icy
4249 2586 4394 2649 rien
4431 2606 4472 2650 a
4506 2604 4612 2649 son

2675 2693 2809 2755 gre.
2901 2670 3005 2734 En
3051 2670 3409 2748 escrivant,
3466 2669 3513 2732 il
3558 2691 3665 2734 ma
3705 2690 3999 2735 souvenu
4043 2692 4169 2752 que
4209 2670 4446 2756 iavoye
4492 2691 4613 2735 ma·

2676 2758 2837 2821 tiere
2883 2777 2921 2819 a
2964 2754 3244 2837 laquelle
3299 2756 3361 2819 ie
3414 2775 3671 2838 navoye
3725 2757 3913 2838 point
3968 2777 4186 2838 pense.
4285 2756 4446 2823 Oest
4502 2774 4614 2839 que

2674 2844 2737 2907 16
2781 2843 2957 2907 sieur
3000 2840 3353 2907 Maldonad
3410 2862 3520 2904 ma
3577 2842 3757 2924 parle
3803 2841 3882 2905 de
3929 2841 4208 2923 Iacques,
4234 2845 4286 2918 ¹)
4329 2840 4614 2908 assavoir

2674 2927 2757 2993 sil
2801 2926 3095 3011 pourroit
3138 2926 3374 2992 recitet
3417 2946 3557 2991 mes
3602 2947 3913 2994 sermons.
3980 2926 4184 2994 Selon
4228 2949 4353 3011 que
4396 2928 4506 2994 ien
4540 2947 4614 3010 ay

2676 3034 2822 3091 veu,
2868 3013 2914 3076 il
2962 3011 3262 3078 recueille
3320 3010 3470 3076 bien
3526 3013 3839 3097 quelques
3896 3024 4256 3080 sentences.
4345 3014 4518 3080 Mais
4556 3012 4614 3076 la

2675 3101 3025 3166 substance
3066 3122 3159 3182 ny
3203 3108 3304 3164 est
3343 3120 3461 3182 pas
3487 3100 3544 3165 si
3589 3099 3856 3178 entiere,
3902 3121 4154 3166 comme
4178 3101 4237 3165 ie
4262 3099 4609 3166 desirerois.

2675 3184 2992 3252 Combien
3036 3185 3173 3267 quil
3217 3206 3288 3251 se
3327 3206 3564 3267 pourra
3607 3187 3769 3251 faire
3811 3207 3937 3269 que
3981 3207 4101 3270 par
4143 3188 4506 3253 succession
4541 3184 4611 3249 de

2676 3283 2888 3354 temps
2946 3270 2992 3334 il
3047 3293 3091 3355 y
3156 3270 3514 3337 adviendra
3567 3273 3831 3337 mieulx.
3924 3272 4109 3337 Ainsi
4153 3292 4236 3337 en
4283 3270 4612 3338 attendant

2674 3357 2757 3422 sil
2800 3377 3082 3439 acquera
3126 3356 3276 3439 plus
3323 3356 3571 3441 grande
3634 3357 3858 3442 agilite
3914 3379 4035 3442 par
4087 3358 4376 3442 lusaige,
4437 3376 4610 3422 encor

2676 3440 3010 3508 vauldroit
3052 3441 3098 3506 il
3146 3443 3390 3507 mieulx
3448 3444 3678 3508 davoir
3733 3464 3806 3507 ce
3864 3444 3998 3527 quil
4059 3444 4229 3519 faict,
4291 3464 4423 3526 que
4464 3443 4605 3508 rien.

2676 3530 2768 3594 Et
2811 3528 2989 3594 aussi
3030 3527 3093 3593 le
3137 3536 3352 3610 temps
3397 3551 3479 3593 en
3525 3551 3763 3613 pourra
3805 3527 4057 3594 donner
4101 3528 4434 3612 quelquun
4476 3528 4607 3614 plns

2670 3635 2924 3697 propre.

2846 3701 2908 3764 A
2943 3721 3017 3766 ce
3051 3720 3177 3783 que
3209 3699 3272 3763 ie
3307 3701 3459 3781 puis
3499 3701 3905 3766 coniecturer
3942 3699 4055 3765 des
4090 3700 4314 3766 lettres
4359 3701 4602 3767 escrites

2675 3807 2715 3850 a
2774 3794 2996 3851 nostre
3048 3786 3221 3851 frere
3283 3785 3500 3851 Sainct
3544 3787 3782 3867 Andr-6,
3836 3787 3900 3852 ie
3957 3787 4171 3852 crains
4227 3808 4354 3870 que
4412 3795 4600 3851 tontes

2672 3872 2768 3936 les
2833 3874 3130 3936 miennes
3209 3892 3295 3936 ne
3371 3892 3537 3937 vous
3600 3880 3802 3957 ayent
3878 3873 4063 3956 point
4133 3881 4275 3937 este
4339 3872 4595 3937 baillees.

2672 3957 3006 4023 Toutefois
3061 3957 3124 4021 ie
3182 3979 3313 4022 nen
3362 3978 3651 4042 pensoye
3716 3959 3902 4023 avoir
3954 3959 4224 4024 commis
4280 3979 4410 4042 qua
4450 3977 4595 4022 mes·

2672 4043 2888 4126 saiger
2932 4063 3102 4108 seur.
3190 4045 3297 4108 De
3338 4042 3660 4126 lapologie
3716 4043 3951 4129 iavoye
4004 4045 4202 4109 remis
4257 4044 4325 4109 la
4367 4041 4594 4110 conclu-

2671 4130 2813 4195 sion
2868 4151 2908 4194 a
2949 4135 3174 4195 vostre
3226 4150 3453 4194 venue.
3544 4129 3717 4193 Mais
3773 4128 3898 4194 elle
3956 4151 4026 4195 se
4084 4130 4479 4195 translatera
4525 4148 4592 4192 en

2672 4214 2837 4279 latin
2856 4266 2872 4293 ,
2939 4235 3105 4297 pour
3166 4224 3338 4281 estre
3403 4226 3621 4298 preste
3676 4215 3895 4296 quand
3952 4236 4119 4280 vous
4183 4216 4250 4279 la
4293 4213 4587 4281 vouldm

2673 4300 2750 4366 Si
2807 4308 2908 4364 est
2965 4321 3038 4367 ce
3082 4322 3205 4382 que
3250 4303 3306 4366 si
3364 4301 3426 4366 le
3484 4322 3640 4366 nom
3698 4300 3777 4366 de
3831 4302 3898 4366 la
3944 4300 4095 4367 ville
4138 4324 4230 4387 ny
4277 4302 4471 4366 estoit
4508 4320 4591 4363 re-

2672 4387 2838 4469 quis,
2883 4385 3099 4469 quelle
3142 4387 3608 4470 simprimeroit
3663 4387 3771 4471 icy
3814 4387 4062 4453 mieulx
4120 4408 4247 4470 que
4291 4408 4411 4470 par
4453 4384 4589 4458 dela,

2672 4482 2810 4537 cest
2851 4493 2891 4536 a
2935 4471 3078 4537 dire
3120 4493 3201 4537 en
3246 4471 3389 4555 plus
3433 4473 3648 4538 beaux
3705 4472 4134 4549 characteres,
4192 4494 4277 4537 en
4322 4471 4592 4537 meilleur

2672 4558 2918 4640 papier,
2974 4567 3042 4622 et
3085 4556 3232 4640 plus
3286 4566 3777 4625 correctement.
3867 4557 4209 4643 Regardez
4254 4559 4592 4625 seulement

2673 4644 2732 4709 si
2776 4665 2940 4709 vous
2987 4642 3234 4710 desirez
3271 4665 3397 4727 que
3433 4644 3497 4707 le
3540 4665 3692 4709 nom
3732 4644 3814 4709 de
3848 4645 3914 4710 la
3953 4645 4105 4710 ville
4139 4644 4266 4711 soit
4302 4642 4589 4727 exprime.

2674 4729 2807 4795 Gar
2849 4749 3002 4795 sans
3046 4729 3186 4794 cela
3220 4731 3284 4794 ie
3328 4751 3490 4795 vous
3533 4750 3796 4796 asseure
3838 4730 3988 4796 bien
4033 4731 4120 4796 du
4164 4739 4356 4797 reste.
4378 4730 4433 4815 ²)

2704 4950 2839 5004 918.
2876 4950 2932 5015 1)
2975 4950 3325 5020 Persam-aye
3369 4953 3636 5019 ι’νιοοωια,
3688 4951 3788 5021 qm·
3832 4953 4026 5019 pau-ais
4073 4952 4233 5007 avoir
4285 4950 4369 5007 ἑτέ
4414 4963 4585 5008 rocon·

2669 5015 2871 5074 mande'
2903 5022 2941 5074 ὰ
2962 5018 3020 5074 0.
3054 5036 3197 5088 pour
3232 5019 3642 5089 ardnoyraphier
3674 5035 3760 5073 ses
3793 5036 4052 5075 mmm.
4110 5022 4181 5076 Oe
4203 5020 4454 5092 n'estque
4477 5019 4586 5089 plu

2669 5088 2799 5143 card
2832 5103 2934 5158 que
2968 5088 3016 5141 le
3048 5091 3340 5158 widrat
3381 5090 3642 5160 organica
3689 5105 3746 5142 ce
3789 5090 4005 5145 service.
4091 5090 4228 5145 Plus
4262 5092 4377 5159 bas,
4417 5105 4486 5144 ω
4517 5083 4584 5139 1⁶·

2667 5157 3437 5281 wemuf‘reqcontnrm
3480 5174 3560 5212 «a
3597 5157 3828 5227 Iacqm
3860 5156 4189 5214 Dallt’chaut
4233 5160 4333 5228 qui
4356 5154 4586 5227 poma&

2853 5232 2934 5281 tre
3044 5241 3220 5281 meme.

2874 5293 2934 5357 2)
2975 5292 3130 5350 Pom·
3161 5296 3238 5349 les
3271 5295 3469 5352 de'aeat‘ls
3499 5295 3727 5364 biblioyr
3756 5296 3992 5365 phiques
4034 5311 4197 5365 wyse
4238 5298 4316 5352 les
4354 5289 4578 5362 Ρνοῖόσο·

2666 5364 3644 5435 ηιὲηεεάοῑαρνωὲὸνοραήίοάα
3688 5363 3747 5418 T.
3781 5366 3852 5420 X.
