4825 6175
182 427 290 492 486

180 610 279 681 sed
299 614 554 674 tantum
573 627 704 689 qua
723 611 978 671 constet
997 603 1188 688 signo
1210 623 1328 667 sua
1354 602 1611 668 veritas.
1683 602 1832 667 Hoc
1866 611 1986 681 est,
2032 623 2117 668 ne

181 709 464 784 putemus
506 694 774 758 inanem
829 689 1034 756 fuisse
1090 709 1166 755 ac
1220 688 1416 753 nihili
1471 697 1733 772 gestum
1750 740 1766 766 ,
1833 686 1948 753 sed
1989 709 2117 770 quo

180 782 466 852 Christus
509 774 1044 862 repraesentabat
1084 776 1167 840 ob
1226 776 1451 840 oculos
1510 773 1684 857 quod
1736 774 1918 839 intus
1963 794 2116 858 age-

179 872 280 937 bat
339 886 582 932 arcana
647 866 907 930 virtute.
1020 863 1235 943 Atque
1302 861 1425 926 hoc
1491 871 1712 926 statuo
1768 858 2117 927 discrimen

175 958 336 1023 inter
378 953 572 1037 signa
614 949 934 1014 divinitus
971 957 1036 1012 et
1078 946 1466 1011 humanitus
1510 947 1833 1011 instituta.
1900 945 2118 1011 Homo

176 1043 339 1109 enim
383 1038 595 1102 multa
638 1037 829 1119 signa
871 1032 1278 1099 comminisci
1321 1032 1564 1114 poterit
1598 1054 1765 1116 quae
1810 1031 2119 1098 decenter

179 1123 411 1209 aliquid
455 1126 772 1206 figurent,
827 1119 942 1186 sed
1000 1120 1144 1184 sine
1199 1140 1288 1183 re.
1380 1117 1581 1183 Solus
1626 1132 1726 1183 est
1768 1117 1953 1182 Deus
2008 1119 2117 1199 qui

174 1213 362 1278 efficit
405 1208 647 1292 spiritu
691 1228 810 1284 suo
853 1204 1026 1288 quod
1084 1204 1380 1289 symbolo
1444 1207 1706 1288 figurat.
1799 1203 2120 1269 Similiter

175 1295 465 1366 columba
507 1302 652 1359 erat
694 1292 981 1374 spiritus.
1047 1289 1242 1370 Quod
1279 1303 1352 1355 tu
1396 1291 1491 1354 ita
1534 1311 1734 1372 negas
1782 1303 1855 1354 ut
1899 1286 2116 1352 videa-

171 1386 256 1449 ris
296 1381 465 1446 mihi
509 1379 716 1445 fateri.
807 1376 995 1441 Dicis
1039 1376 1217 1442 enim
1261 1376 1713 1440 testimonium
1751 1397 1893 1439 esse
1937 1395 2121 1456 prae·

172 1469 430 1536 sentiae.
519 1466 613 1531 Et
647 1461 803 1547 quid
847 1463 1023 1526 ultra
1066 1460 1376 1543 postulo?
1445 1460 1617 1526 Nam
1662 1459 1835 1543 quod
1876 1459 2120 1524 diserte

170 1576 357 1623 caves
404 1576 489 1617 ne
530 1552 676 1634 quis
720 1559 910 1633 putet
945 1547 1469 1612 substantialiter
1510 1546 1876 1611 columbam
1919 1545 2120 1610 fuisse

170 1641 492 1726 spiritum,
536 1638 605 1701 in
652 1658 726 1700 eo
749 1656 854 1699 me
895 1633 1434 1715 adstipulatorem
1459 1633 1678 1697 habes.
1747 1630 1923 1696 Mihi
1958 1632 2120 1695 satis

168 1737 262 1794 est
297 1722 473 1809 quod
508 1723 777 1807 spiritus
811 1731 1079 1785 sanctus
1107 1719 1519 1802 praesentiae
1555 1738 1712 1783 suae
1748 1717 2119 1800 symbolum

167 1816 234 1878 in
275 1810 581 1877 columba
623 1805 994 1873 exhibendo
1038 1827 1108 1869 se
1150 1817 1564 1887 praesentem
1608 1803 1930 1868 exhibuit.
2003 1802 2121 1867 Al-

169 1909 382 1963 terum
429 1895 606 1960 enim
644 1895 786 1958 sine
830 1892 1035 1955 altero
1081 1911 1222 1955 esse
1267 1891 1511 1973 nequit.
1598 1889 1753 1962 Alia
1797 1909 1963 1971 quae
2008 1887 2121 1953 ad-

169 1984 265 2050 dis
307 2003 553 2066 parum
597 1978 680 2045 ad
725 2000 865 2042 rem
905 1976 1173 2042 faciunt.

335 2069 444 2133 De
501 2065 913 2149 impositione
968 2082 1286 2127 manuum
1342 2059 1545 2143 friget
1595 2060 1710 2124 illa
1767 2059 2122 2142 responsio,

163 2154 589 2239 privilegium
656 2149 978 2234 quoddam
1044 2147 1243 2212 fuisse
1308 2146 1646 2230 singulare
1709 2147 1781 2210 in
1848 2146 2124 2229 gloriam

164 2240 522 2307 exorientis
567 2236 909 2319 evangelii.
999 2232 1176 2314 Quin
1232 2233 1431 2297 etiam
1489 2232 1614 2297 hoc
1669 2232 2128 2313 antistrophon

162 2330 230 2392 in
297 2336 366 2391 te
438 2335 803 2404 retorqueo,
894 2319 971 2385 Si
1038 2321 1105 2382 in
1171 2320 1597 2383 sacramentis
1656 2318 2125 2400 temporalibus

159 2413 278 2478 fuit
321 2410 430 2477 rei
488 2409 839 2484 exhibitio,
900 2427 1025 2488 quo
1082 2415 1373 2485 tempore
1427 2404 1760 2487 legitimus
1807 2425 1963 2468 usus
2010 2402 2125 2468 ad-

159 2499 287 2564 huc
335 2497 653 2566 durabat,
714 2496 784 2558 in
840 2492 1047 2576 signis
1102 2511 1258 2573 ergo
1317 2490 1654 2572 perpetuis
1701 2510 1844 2553 esse
1897 2510 2123 2573 perpe-

41 2633 44 2664 .
159 2593 347 2649 tuam
397 2584 497 2648 rei
541 2579 1033 2645 exhibitionem.
1124 2573 1315 2655 Quod
1370 2576 1708 2659 alligatum
1754 2576 1952 2640 fuisse
1996 2576 2124 2658 spi·

41 2669 44 2720 ἕ
157 2671 365 2735 ritum
412 2689 728 2733 manuum
784 2665 1185 2748 impositioni
1229 2682 1463 2744 negas,
1523 2663 1640 2727 tibi
1701 2682 1927 2726 omnes
1972 2684 2125 2727 con-

159 2755 417 2832 cedent,
465 2754 853 2836 quibuscum
889 2750 1094 2815 habes
1127 2748 1252 2813 hee
1286 2750 1496 2830 capite
1533 2757 1881 2812 certamen.
1953 2748 2128 2813 Nam

158 2850 220 2907 et
277 2843 556 2926 signum
602 2838 818 2921 potuit
874 2834 1210 2901 interdum
1271 2856 1411 2898 csse
1467 2834 1610 2897 sine
1665 2855 1753 2897 re.
1845 2834 1936 2897 Et
1980 2830 2125 2898 Deo

156 2928 446 2992 liberum
495 2926 620 2990 fuit,
664 2924 942 3008 gratiam
988 2920 1223 3004 quibus
1259 2919 1457 2983 vellet
1501 2941 1633 2983 non
1677 2918 2126 2985 intercedente

39 3013 42 3048 ³
156 3014 351 3100 signo
400 3011 748 3096 impertiri.

332 3098 538 3181 Quod
595 3097 675 3162 de
733 3106 1025 3180 tempore
1079 3113 1304 3157 moves
1358 3091 1901 3167 controversiam,
1975 3091 2128 3173 quia

157 3207 292 3252 non
340 3185 580 3251 eodem
624 3203 880 3265 semper
926 3186 1260 3245 momento
1316 3201 1419 3243 res
1474 3198 1621 3242 cum
1681 3178 1870 3261 signo
1927 3199 2126 3260 appa—

157 3283 332 3351 reat,
407 3273 751 3336 infirmum
804 3277 921 3332 esti
1037 3265 1209 3329 Nam
1267 3264 1741 3329 exhibitionem
1797 3261 1918 3326 tibi
1985 3283 2126 3327 esse

158 3357 453 3424 concedo
508 3377 677 3439 quae
734 3352 991 3418 diverso
1048 3353 1161 3415 fiat
1219 3362 1530 3433 tempore.
1633 3348 1758 3433 Ut,
1787 3348 2127 3413 renovatio

154 3446 358 3523 vitae,
409 3464 611 3527 quam
655 3441 840 3507 Deus
884 3437 1150 3502 exhibet
1190 3435 1263 3499 in
1309 3436 1649 3518 baptismO,
1696 3456 1828 3498 non
1873 3433 2130 3499 sistitur

157 3530 292 3597 illic
340 3529 432 3595 ad
473 3548 761 3604 manum,
807 3525 993 3607 quasi
1029 3522 1149 3589 sub
1187 3543 1356 3603 aqua
1391 3521 1478 3586 sit
1511 3519 1781 3599 inclusa,
1825 3519 1940 3585 sed
1983 3541 2131 3603 gra-

155 3615 366 3681 datim
422 3614 859 3698 proficiscitur
902 3631 942 3674 a
987 3609 1148 3672 Deo.

336 3700 548 3782 Quod
591 3698 866 3781 allegas,
924 3695 1137 3761 solum
1181 3692 1404 3757 Deum
1458 3713 1599 3756 esse
1652 3700 1946 3759 autorem
1989 3711 2126 3755 om-

155 3790 346 3853 nium
399 3807 576 3869 quae
633 3783 1061 3848 adscribimus
1118 3780 1573 3854 sacramentis,
1628 3775 1898 3859 perinde
1951 3776 2131 3842 valet

157 3896 230 3940 ae
276 3877 337 3938 si
389 3873 675 3938 diceres:
723 3868 920 3933 Solus
957 3868 1139 3932 Deus
1175 3865 1524 3941 illuminat,
1572 3863 1751 3928 solus
1786 3862 1972 3928 Deus
2017 3861 2132 3926 dat

153 3960 606 4043 sapientiam,
715 3976 870 4037 ergo
949 3954 1054 4017 lex
1120 3952 1247 4016 Dei
1326 3949 1488 4014 nihil
1558 3948 1794 4014 horum
1861 3949 2127 4013 confert.

154 4046 342 4126 Quid
404 4044 589 4109 enim
652 4043 794 4107 Deo
848 4040 1235 4121 abrogamus
1300 4044 1415 4100 aut
1471 4035 1864 4117 derogamus
1926 4055 2129 4117 quum

147 4132 376 4214 ipsum
433 4128 757 4194 tradimus
803 4148 995 4210 agere
1035 4146 1151 4206 per
1195 4143 1313 4187 sua
1355 4123 1822 4200 instrumenta,
1880 4132 1946 4184 et
1987 4121 2129 4201 qui-

150 4218 306 4282 dem
346 4214 617 4281 solum?
689 4211 878 4277 Adde
921 4209 1096 4292 quod
1140 4231 1268 4272 non
1307 4219 1404 4271 est
1450 4206 1729 4272 validius
1774 4227 2126 4289 argumen-

149 4312 297 4369 tum
347 4324 492 4385 quo
537 4311 603 4365 te
646 4298 1051 4370 convincam,
1095 4316 1292 4377 quam
1336 4293 1497 4357 illud
1532 4294 1745 4375 ipsum
1794 4313 1920 4374 quo
1965 4292 2127 4355 effu-

149 4411 310 4475 gere
360 4388 649 4453 eonaris.
742 4384 953 4467 Signa
1009 4380 1182 4446 enim
1221 4378 1531 4452 excludis,
1578 4378 1730 4460 quia
1772 4398 1890 4459 per
1932 4377 2129 4442 fidem

149 4476 554 4542 coelestium
611 4472 931 4535 donorum
985 4470 1224 4532 fiamus
1292 4466 1667 4547 participcS,
1727 4484 1849 4545 ego
1909 4476 2127 4528 autem

150 4581 186 4626 e
232 4579 614 4627 converse:
664 4556 740 4621 Si
787 4578 902 4637 per
960 4552 1188 4628 fidem,
1242 4551 1444 4632 igitur
1503 4551 1698 4614 etiam
1756 4571 1873 4632 per
1914 4570 2126 4614 sacra-

149 4656 418 4712 menta.
513 4644 714 4709 Fides
759 4643 932 4706 enim
980 4661 1061 4703 ex
1100 4636 1297 4702 verbo
1341 4647 1407 4699 ct
1448 4636 1887 4701 sacramentis.
1981 4634 2131 4714 Qua

150 4732 233 4798 de
281 4755 362 4797 re
415 4732 664 4794 iterum
705 4727 1002 4792 dicturus
1046 4746 1209 4788 sum.

338 4816 492 4883 Sed
549 4814 846 4889 adducis,
920 4823 1182 4875 sanctos
1241 4809 1626 4890 plerumque
1693 4827 1910 4903 rerum
1978 4816 2132 4869 ante

149 4905 371 4969 fuisse
465 4912 793 4982 compotes
867 4918 1063 4980 quam
1141 4894 1567 4960 sacramentis
1647 4892 2129 4973 participarent.

152 4989 333 5072 Quis
385 4987 639 5072 negat?
729 4983 864 5050 Sed
922 4984 1174 5046 interca
1228 4981 1489 5044 dieesne
1531 4980 1626 5042 ita
1669 4978 1895 5059 plenos
1940 4978 2135 5040 fuisse

150 5086 232 5142 ut
279 5074 475 5141 nihil
520 5096 602 5138 ex
648 5070 1073 5137 sacramentis
1124 5064 1500 5133 accederet?
1593 5061 1977 5136 Eunuchus,
2035 5063 2132 5124 in·

155 5164 330 5246 quis,
384 5159 703 5226 credebat
745 5168 879 5222 toto
921 5153 1143 5231 corde,
1202 5174 1359 5236 ergo
1414 5173 1495 5214 ex
1540 5148 1683 5213 Deo
1742 5157 1934 5213 natus
1975 5158 2136 5225 erat,

155 5248 398 5315 Deum
473 5245 752 5311 habebat
810 5245 878 5306 in
936 5263 1004 5305 se
1059 5248 1467 5314 manentem,
1539 5233 1801 5300 vivebat
1851 5234 1921 5298 in
1974 5233 2137 5309 Dee,

155 5335 549 5401 transierat
590 5353 628 5396 a
671 5337 878 5394 morte
935 5329 1006 5391 in
1050 5327 1274 5390 vitam.
1364 5323 1706 5387 Hactenus
1751 5319 1871 5384 tibi
1917 5341 2134 5385 assen-

1833 418 1995 480 1547
2033 414 2499 510 nasama.

4052 423 4182 487 486

2220 606 2367 670 tior.
2456 603 2591 671 Sed
2632 625 2837 688 quum
2879 605 3115 685 infers,
3169 606 3565 689 baptismum
3625 628 3759 673 non
3803 607 4187 676 exhibuisse

2221 689 2320 754 illi
2364 687 2538 773 quod
2578 694 2764 774 prius
2808 690 3106 770 habebat,
3151 691 3221 756 in
3267 713 3344 757 eo
3386 692 3635 759 falleris
3690 694 3861 778 qued
3916 694 4015 759 illi
4059 696 4182 760 tri-

2223 774 2368 841 buis
2412 775 2651 842 harum
2712 798 2935 842 rerum
2981 776 3475 861 plenitudinem,
3519 800 3680 861 quas
3727 778 3872 845 dico
3916 780 4183 847 uberius

2224 862 2304 927 ab
2369 863 2513 945 ipso
2570 871 2914 945 perceptas
2970 862 3370 929 adminiculo
3426 865 3750 947 baptismi.
3854 866 4028 931 Nam
4086 866 4183 931 ita

2223 958 2399 1013 certe
2440 946 2746 1013 credebat
2803 970 2887 1013 ex
2945 957 3083 1013 toto
3137 947 3328 1013 corde
3374 959 3453 1015 ut
3506 950 3659 1015 fidei
3714 951 3855 1016 eius
3899 952 4185 1017 multum

2223 1032 2440 1098 adhuc
2484 1032 2757 1099 deesset.
2847 1033 3122 1099 Sincera
3166 1035 3341 1099 enim
3377 1035 3539 1100 fides
3579 1059 3721 1102 esse
3764 1046 3982 1120 potest
4016 1059 4184 1120 quae

2222 1127 2444 1183 tamen
2482 1120 2607 1184 erit
2650 1118 2975 1184 duntaxat
3019 1119 3338 1184 inchoata.
3429 1121 3652 1187 Nihilo
3697 1123 3844 1206 plus
3885 1134 3951 1187 te
3995 1123 4187 1188 iuvat

2225 1204 2518 1269 Cornelii
2561 1205 2961 1287 exemplum.
3052 1204 3260 1271 Vides
3305 1228 3410 1271 me
3470 1229 3597 1272 non
3646 1210 4070 1292 tergiversari
4114 1211 4185 1274 in

2224 1290 2370 1355 istis
2413 1289 2864 1355 solutionibus.
2955 1289 3179 1370 Quare
3221 1292 3372 1357 vide
3427 1313 3511 1358 ne
3556 1296 3968 1378 argumentis
4013 1296 4186 1358 nita·

2225 1376 2317 1441 ris
2374 1377 2542 1458 q'uae
2602 1375 2967 1441 doctrinam
3013 1398 3207 1459 quam
3265 1378 3614 1463 impugnas
3669 1380 3834 1444 nihil
3894 1380 4178 1445 laedant.

2394 1461 2620 1525 Nihilo
2667 1463 2864 1526 etiam
2909 1461 3181 1528 solidius
3237 1473 3339 1528 est
3395 1464 3565 1546 quod
3610 1464 3692 1529 de
3735 1487 3940 1532 coena
3986 1467 4185 1531 ratio-

2224 1548 2492 1613 cinaris:
2543 1548 2862 1613 Vetamur
2896 1545 3202 1614 accedere
3237 1548 3318 1613 ad
3356 1570 3643 1628 coenam,
3682 1550 3811 1616 nisi
3848 1553 4029 1632 prius
4065 1551 4185 1616 ha-

2222 1632 2362 1697 bito
2423 1635 2742 1698 examine.
2836 1631 2968 1713 Qui
3026 1655 3096 1698 se
3153 1637 3383 1717 prebat
3438 1636 3635 1701 fidem
3687 1635 3901 1702 habet.
4002 1638 4185 1720 Ergo

2225 1729 2579 1802 antequam
2601 1717 2866 1784 accedat
2886 1720 3033 1803 quis
3055 1719 3134 1783 ad
3177 1742 3465 1800 coenam,
3502 1722 3743 1787 insitus
3778 1733 3878 1787 est
3899 1723 4186 1788 Christo.

2227 1803 2452 1885 Quare
2498 1826 2628 1870 non
2670 1804 3017 1869 exhibetur
3060 1804 3365 1872 Christus
3424 1809 3491 1871 in
3540 1829 3756 1873 coena.
3849 1809 3994 1874 Hoc
4038 1810 4184 1891 qui-

2227 1889 2374 1956 dem
2425 1912 2655 1954 verum
2703 1903 2893 1968 esset,
2940 1892 2999 1954 si
3043 1900 3254 1956 totum
3292 1893 3632 1957 Christum
3678 1895 4037 1976 possideret
4071 1895 4185 1976 qui

2230 1974 2314 2040 ad
2357 1997 2627 2040 coenam
2674 1998 2743 2040 se
2787 1989 3138 2060 comparat.
3214 1977 3344 2041 Sed
3390 1999 3698 2061 quorsum
3744 2001 3902 2045 usus
3945 2000 4186 2045 coenae

2229 2070 2329 2126 est
2374 2062 2619 2126 nisiut
2665 2061 2931 2126 Christo
2991 2064 3246 2144 plenius
3306 2063 3642 2128 fruamur?
3710 2077 3784 2129 ut
3825 2077 4075 2131 crescat
4117 2067 4189 2129 in

2231 2146 2460 2212 nobis?
2507 2157 2583 2212 ιιι
2628 2147 2891 2212 uberius
2937 2148 3319 2214 hauriamus
3371 2171 3453 2213 ex
3496 2151 3635 2214 eius
3680 2151 3959 2233 spiritu?

2403 2231 2540 2298 Sed
2584 2233 2708 2297 hoc
2753 2253 3007 2315 quoque
3050 2234 3292 2315 ipsum,
3351 2236 3520 2317 quod
3568 2235 4022 2301 vehementius
4066 2239 4190 2301 mi·

2232 2341 2356 2396 ror,
2403 2317 2730 2401 repudias,
2773 2318 3030 2400 plenius
3073 2318 3366 2384 exhiberi
3411 2321 3583 2403 quod
3628 2343 3709 2385 ex
3748 2336 3932 2405 parte
3976 2324 4192 2387 fuerat

2232 2405 2477 2468 datum.
2545 2404 2685 2470 Nec
2728 2404 2843 2468 tibi
2889 2404 3242 2487 quidquam
3289 2407 3357 2470 in
3395 2429 3471 2470 eo
3514 2411 3965 2489 patrocinatur
4002 2431 4191 2490 apos·

2232 2490 2405 2555 tolus
2453 2512 2654 2572 quum
2715 2490 2936 2567 docet,
2994 2490 3418 2556 iustificatum
3478 2493 3679 2557 luisse
3720 2494 4060 2558 Abraham
4116 2496 4191 2558 in

2232 2578 2594 2659 praeputiO,
2637 2577 2731 2640 ita
2770 2588 2840 2639 ut
2875 2576 3275 2641 circumcisio
3312 2577 3477 2641 nihil
3515 2578 3842 2642 addiderit
3886 2581 3965 2643 ad
4008 2579 4190 2645 illius

2233 2663 2567 2726 iustitiam.
2666 2660 2852 2744 Opus
2912 2673 3087 2727 certe
3143 2662 3653 2728 circumcisionis
3714 2665 3873 2728 nihil
3920 2663 4188 2742 addidit,

2232 2747 2345 2813 sed
2391 2747 2646 2812 eliciam
2683 2769 2764 2811 ex
2790 2746 2979 2811 Pauli
3019 2748 3253 2822 verbis,
3300 2749 3677 2814 Abrahamo
3713 2759 3897 2814 tanto
3932 2751 4192 2833 plenius

2231 2833 2600 2898 exhibitam
2651 2832 2851 2898 fuisse
2909 2833 3037 2898 Dei
3091 2834 3406 2917 gratiam,
3465 2845 3710 2917 quanto
3780 2838 4056 2900 maiores
4116 2836 4189 2899 in

2231 2917 2359 2983 fide
2401 2939 2789 3002 progressus
2823 2918 2999 2985 fecit.
3068 2918 3351 2985 Subiicit
3385 2921 3581 2998 enim,
3626 2922 4190 2986 circumcisionem

2230 3005 2376 3070 vice
2423 3003 2624 3089 sigilli
2666 3005 2883 3069 fuisse.
2973 3003 3350 3087 Quorsum?
3421 3005 3501 3070 ad
3547 3006 4019 3091 obsignandam
4066 3007 4189 3073 sci-

2229 3090 2386 3156 licet
2430 3091 2751 3156 iustitiam
2796 3089 2971 3157 fidei.
3060 3091 3137 3157 Si
3181 3091 3483 3176 obsignat
3527 3094 3930 3159 circumcisio
3974 3095 4189 3158 Abra-

2232 3176 2357 3241 hae
2401 3198 2591 3241 suam
2636 3178 2972 3253 iustitiam,
3018 3176 3215 3243 fidem
3263 3199 3418 3261 crgo
3454 3178 3549 3242 illi
3594 3191 3792 3261 auget
3835 3198 3910 3243 ac
3954 3182 4189 3244 conflr-

2232 3272 2385 3327 mat.
2482 3262 2669 3328 Unde
2714 3263 2950 3347 colligo
3008 3263 3206 3327 etiam
3249 3266 3461 3329 facere
3508 3274 3580 3329 ut
3621 3264 3883 3347 plenius
3926 3285 4047 3328 sua
4089 3265 4190 3328 iu-

2231 3349 2413 3411 stitia
2455 3349 2727 3413 fruatur.
2816 3348 3073 3432 Nempe
3115 3370 3234 3432 pro
3279 3349 3428 3414 fidei
3466 3371 3621 3414 suae
3662 3349 3870 3414 modo.
3960 3349 4188 3432 Neque

2233 3442 2456 3498 tamen
2512 3432 2656 3498 ideo
2712 3435 3056 3517 fingimus,
3115 3455 3234 3517 per
3292 3435 3483 3517 signa
3541 3435 3797 3517 plenius
3849 3436 4189 3500 iustificari

2230 3518 2585 3582 hominem.
2650 3519 2821 3584 Nam
2859 3520 2941 3584 de
2976 3540 3171 3584 causa
3212 3521 3690 3585 iustificationis
3732 3521 3840 3587 hic
3881 3540 4015 3585 non
4055 3519 4189 3586 dis·

2231 3613 2521 3686 putatur,
2568 3604 2680 3668 sed
2728 3604 2806 3669 dc
2838 3605 3237 3670 exhibitione
3276 3628 3441 3687 quae
3477 3608 3552 3670 fit
3587 3606 3713 3689 piis
3755 3607 4187 3672 conscientiis.

2233 3690 2402 3753 Eam
2462 3690 2661 3756 verbo
2719 3700 2784 3754 et
2840 3693 3268 3756 sacramentis
3326 3693 3466 3756 fieri
3523 3692 3993 3757 contendimus.
4087 3692 4190 3757 Tu

2234 3776 2402 3839 nihil
2448 3778 2642 3840 affers
2686 3775 2856 3858 quod
2898 3790 3238 3859 repugnet.

2405 3862 2633 3943 Neque
2696 3883 2848 3925 vere
2905 3863 3083 3926 aliud
3139 3864 3459 3926 sentimus
3517 3884 3710 3944 quam
3778 3874 4192 3927 sacramenta

2234 3968 2377 4012 esse
2422 3949 2891 4025 instrumenta,
2952 3947 3122 4029 quod
3181 3960 3244 4012 te
3289 3970 3420 4013 nen
3464 3948 3652 4031 fugit.
3741 3949 3912 4011 Nam
3956 3947 4025 4012 id
4070 3970 4189 4012 no-

2233 4033 2537 4097 minatim
2582 4033 2930 4116 impugnas
2980 4034 3151 4117 quod
3200 4035 3407 4099 solum
3458 4033 3673 4098 Deum
3720 4033 3994 4099 dicimus
4039 4055 4190 4115 pro-

2235 4121 2374 4202 prie
2422 4118 2752 4195 exhibere,
2814 4117 2927 4183 sed
2972 4142 3087 4201 per
3131 4121 3319 4203 signa
3364 4136 3428 4185 ct
3472 4141 3591 4203 per
3634 4141 3785 4185 sues
3833 4120 4186 4184 ministros.

2235 4208 2335 4270 Ac
2380 4226 2464 4269 ne
2509 4204 2788 4285 simplici
2834 4205 3095 4286 quidem
3142 4207 3650 4287 reprehensione
3687 4217 4032 4270 contentus
4076 4205 4190 4269 ali-

2233 4300 2480 4372 quanto
2523 4287 2819 4354 acerbius
2862 4292 2927 4354 in
2975 4311 3096 4354 nos
3140 4291 3473 4355 inveheris
3510 4312 3703 4373 quam
3744 4301 3896 4354 tuae
3933 4290 4181 4355 modes·

2233 4379 2364 4440 tiae
2407 4373 2828 4458 congruebat.
2918 4373 3116 4440 Forte
3176 4378 3242 4439 in
3305 4387 3590 4440 mentem
3643 4376 3762 4440 tibi
3807 4398 3936 4439 nen
3983 4376 4189 4454 veuit,

2232 4461 2520 4527 sinistris
2564 4462 2708 4525 istis
2752 4462 3250 4544 suspicionibuS‚
3308 4481 3583 4543 quarum
3638 4460 3890 4526 invidia
3945 4460 4189 4524 doctri-

2213 4569 2386 4613 ·nam
2447 4558 2739 4612 nostram
2785 4568 3049 4630 gravas,
3116 4568 3219 4611 me
3276 4549 3736 4631 perstringere.
3828 4545 3961 4613 Sed
4029 4546 4191 4627 quid

2235 4632 2419 4697 tum?
2488 4633 2642 4700 Huc
2679 4642 2898 4696 tamen
2945 4643 3194 4715 spectat
3237 4640 3351 4696 tua
3384 4633 3593 4697 oratio
3629 4634 3826 4713 idque
3863 4633 3988 4698 sibi
4029 4630 4190 4707 vult,

2235 4728 2313 4784 ut
2357 4721 2730 4802 quicunque
2775 4718 3069 4782 docuerit
3124 4717 3294 4800 quod
3352 4740 3459 4782 me
3517 4720 3914 4784 conscientia
3959 4718 4191 4783 docere

2236 4806 2412 4888 cogit
2457 4816 2671 4868 notam
2719 4803 2913 4868 huius
2960 4803 3267 4868 infamiae
3325 4805 3586 4879 subeat,
3648 4806 3827 4885 quasi
3887 4805 4189 4888 tyranni-

2239 4890 2386 4955 dem
2434 4892 2693 4954 affeetet
2739 4891 2807 4953 in
2852 4892 3126 4971 animas.

2412 4975 2639 5054 Quum
2683 4975 2765 5039 ad
2811 4977 3202 5058 scripturam
3240 4998 3358 5040 nos
3396 4997 3679 5050 revocas,
3730 4974 3868 5039 hoc.
3914 4995 4059 5039 mee
4096 4976 4195 5038 iu-

2243 5061 2430 5137 dicio,
2478 5064 2738 5142 proficis
2785 5072 2862 5126 ut
2901 5063 3304 5146 perspiciant
3347 5082 3605 5135 omnes,
3666 5061 4006 5141 scripturis
4051 5082 4195 5123 esse
4300 5120 4303 5125 .

2241 5146 2556 5211 traditum
2602 5150 2773 5228 quod
2822 5149 2920 5212 vis
2958 5172 2996 5212 a
3031 5148 3216 5212 nobis
3262 5148 3422 5213 falso
3460 5162 3524 5212 et
3560 5147 3923 5230 periculose
3969 5147 4192 5209 asseri.

2243 5233 2585 5297 Ministros
2661 5236 2981 5316 scriptura
3054 5246 3337 5298 testatur
3412 5255 3799 5316 regenerare
3872 5231 4194 5307 homineS,

2244 5318 2439 5382 corda
2486 5319 2567 5381 ad
2618 5319 2833 5383 Deum
2896 5332 3307 5395 convertere,
3353 5322 3687 5384 remittere
3730 5330 4013 5401 peccata.
4102 5317 4201 5381 Ut

3672 5420 3775 5475 31*
