4825 6175
193 433 321 494 657

1120 615 1274 687 993.

227 770 773 839 FALLESIUS
818 770 1223 838 SENA'PUI
1268 768 2142 839 ARGEN'PORATENSI.

374 889 789 1028 dmentem&
850 963 1072 1009 nomen
1133 941 1196 1007 A
1542 962 1700 1006 suae
1764 942 2168 1024 inscripsisse

193 1050 318 1097 non
364 1028 781 1097 nisiBucero
824 1029 1038 1096 audito
1077 1027 1377 1111 affirmat,
1420 1028 1529 1094 sed
1560 1033 1868 1110 paratum
1907 1050 1975 1095 se
2015 1031 2169 1097 dicit

195 1116 285 1186 ad
325 1115 525 1182 illum
563 1114 1078 1199 supprimcmdwn
1118 1115 1180 1181 si
1220 1114 1314 1179 ita
1349 1114 1440 1179 iis
1465 1111 1795 1195 placuerit.

201 1285 640 1356 (Autographon
674 1291 983 1366 asservatur
1015 1286 1073 1338 in
1110 1284 1360 1338 Archivis
1397 1285 1449 1338 S.
1488 1285 1727 1367 'rhomae
1763 1285 1994 1355 Argunt.
2029 1285 2163 1340 Lad.

196 1354 283 1411 22.
334 1357 499 1410 Fasc.
544 1353 596 1408 2.
679 1354 908 1408 Addidit
953 1369 986 1407 a
1089 1358 1331 1407 mentum
1377 1358 1731 1407 scoretal-ius:
1779 1352 1866 1408 Isi
1908 1354 2168 1421 eumden

199 1427 342 1480 dass
379 1426 537 1478 scine
569 1423 767 1478 his-der
800 1422 918 1477 dem
951 1370 1188 1476 saffram
1234 1422 1385 1504 diser
1421 1421 1568 1476 Statt
1601 1437 1983 1491 amyonycue
2017 1425 2166 1492 Apo-

199 1495 343 1564 loyie
375 1493 532 1548 nach
564 1493 804 1560 Meuium
828 1490 1418 1573 Menturnis-baum
1448 1490 1713 1573 ρςᾰηάεή
1731 1491 1935 1572 perde
1990 1492 2168 1546 Adest

203 1576 429 1632 quoque
468 1578 651 1616 versio
674 1559 1144 1698 gerdmaffimabsffi
1161 1560 1902 1696 ιῖεοὲἔιὴὲωὲῗεοηρϋαω
1937 1561 2164 1631 legitur:

203 1818 564 1886 Nobilibus
607 1818 895 1885 strenuis
952 1836 1028 1883 ac
1070 1815 1505 1900 prudentibus
1547 1816 1707 1882 viris
1750 1816 1833 1881 D.
1881 1803 2169 1882 consuli-

204 1906 331 1972 bus
373 1913 449 1970 et
497 1902 906 1971 senatoribus
949 1902 1216 1967 inclitae
1250 1901 1535 1967 civitatis
1569 1902 2167 1987 Argentoratensis.

382 2075 667 2142 Iacobus
709 2095 751 2139 a
791 2073 1185 2158 Burgundia
1218 2072 1544 2138 Dominus
1576 2073 1850 2139 Fallesii
1895 2093 1972 2139 ac
2003 2074 2171 2140 Bre-

207 2159 390 2228 dami
437 2159 787 2227 Nobilibus
829 2160 1112 2226 strenuis
1150 2180 1226 2224 ac
1261 2160 1751 2243 circumspectis
1792 2158 2172 2226 consulibus
2191 2172 2217 2198 Ἴ

209 2258 276 2313 et
320 2247 593 2314 senatui
638 2246 1182 2331 Argentoratensi
1225 2243 1294 2310 S.
1333 2246 1417 2309 D.

382 2383 719 2449 Redditae
773 2381 942 2447 mihi
994 2389 1153 2448 sunt
1209 2382 1438 2447 literae
1492 2389 1752 2447 vestrae
1803 2381 1874 2446 in
1934 2382 2172 2464 quibus

209 2470 534 2536 videmini
579 2490 773 2554 aegre
815 2468 986 2534 ferre
1027 2489 1245 2533 meam
1289 2467 1681 2552 Apologiam
1723 2474 2020 2551 prostare
2055 2490 2172 2533 no-

207 2556 393 2621 mine
439 2564 704 2623 vestrae
747 2554 1030 2620 civitatis
1088 2574 1163 2619 ac
1206 2555 1412 2619 vestri
1453 2553 1634 2618 civis.
1662 2554 1713 2629 ¹)
1802 2554 1947 2636 Ego
1988 2573 2170 2632 vero,

211 2654 288 2706 ut
331 2663 486 2707 sum
530 2641 719 2707 vobis
761 2641 923 2706 viris
965 2640 1448 2724 praestantibus
1484 2637 1822 2717 obnoxius,
1866 2641 1961 2704 ita
2004 2639 2173 2704 nihil

210 2725 456 2793 vellem
500 2728 717 2792 facere
749 2725 922 2809 quod
966 2727 1151 2792 vobis
1175 2727 1514 2810 ingratum
1558 2733 1750 2803 esset,
1795 2724 1900 2789 vel
1944 2725 2173 2791 civita-

209 2822 348 2877 tem
407 2822 703 2879 vestram
757 2811 832 2876 in
885 2811 1105 2877 odium
1163 2820 1359 2894 atque
1411 2810 1734 2875 invidiam
1785 2809 2175 2894 cuiusquam

214 2898 486 2964 trahere
531 2908 765 2981 posset.
856 2896 1009 2963 Soio
1055 2898 1231 2961 enim
1291 2895 1374 2961 ad
1416 2896 1840 2981 gratitudinis
1884 2897 2174 2962 officium

213 2986 572 3068 pertinere,
619 2983 1006 3068 dignitatem
1041 2983 1243 3061 urbis,
1288 2994 1608 3065 quantum
1652 2982 1723 3047 in
1755 3003 1863 3047 me
1904 2983 2173 3064 quidem

214 3071 342 3136 erit
355 3123 371 3150 ,
431 3078 717 3136 sarctam
775 3078 1015 3135 tectam
1070 3070 1372 3134 retinere.
1463 3068 1563 3133 Ac
1616 3067 1892 3152 proinde
1906 3120 1921 3147 ,
1984 3077 2172 3134 ante-

215 3178 417 3240 quam
462 3178 607 3223 rem
651 3155 920 3240 aggredi
954 3156 1348 3233 statuissem,
1393 3154 1691 3220 consului
1727 3154 1811 3219 D.
1836 3153 2172 3238 But-erm,

216 3264 500 3327 eumque
554 3264 627 3307 ro
714 3244 780 3306 vi
835 3251 1061 3307 utrum
1112 3241 1287 3308 bona
1330 3251 1549 3307 vestra
1601 3241 1796 3306 venia
1847 3241 1918 3306 id
1958 3242 2172 3308 facere

214 3326 447 3394 liceret
485 3349 612 3412 quo
699 3328 832 3392 iam
876 3328 1117 3394 factum
1164 3327 1422 3393 videtis.
1510 3327 1580 3392 Is
1622 3327 1958 3409 respondit
2002 3328 2173 3410 quod

216 3415 289 3479 in
332 3415 479 3480 eius
523 3414 734 3479 literis
780 3413 1002 3479 videre
1045 3414 1348 3497 potestis,
1409 3433 1568 3495 quas
1625 3433 1745 3495 per
1787 3434 2008 3478 meum
2049 3415 2172 3479 mi-

216 3501 505 3566 nistrum
574 3500 764 3564 vobis
829 3501 1038 3564 mitto.
1149 3499 1295 3564 Hoo
1359 3500 1553 3563 etiam
1623 3509 2008 3582 argumento
2073 3508 2173 3565 est

214 3606 401 3652 meae
469 3606 628 3671 erga
689 3597 980 3650 vestram
1045 3585 1515 3670 rempublicam
1579 3583 2032 3651 observantiae
2096 3607 2171 3652 ac

215 3671 742 3751 benevolentiae,
808 3671 978 3754 quod
1039 3671 1292 3736 nullum
1348 3669 1685 3754 exemplar
1735 3692 1969 3754 passus
2025 3693 2170 3736 sum

218 3756 503 3832 distrahi
536 3759 911 3840 priusquam
942 3758 1124 3822 vobis
1160 3756 1454 3822 oblatum
1491 3765 1678 3836 esset,
1715 3768 1782 3819 et
1816 3777 1964 3820 cum
2000 3756 2173 3822 bona

218 3853 444 3910 vestra
487 3846 685 3908 venia
723 3844 791 3907 id
834 3845 1046 3909 facere
1096 3843 1337 3908 liceret.
1424 3840 1653 3925 Neque
1695 3841 1887 3907 video
1929 3863 2059 3925 qua
2101 3844 2173 3906 in

218 3950 291 3994 re
332 3928 594 3995 laedere
651 3930 856 4013 possit
908 3949 1130 3994 meum
1186 3930 1501 4011 scriptum
1559 3927 1721 3993 satis
1765 3926 2173 3993 moderatum

219 4025 483 4081 vestrae
535 4016 819 4081 civitatis
873 4036 1112 4081 nomen
1132 4067 1148 4094 ‚
1219 4035 1418 4097 quum
1488 4020 1642 4078 ante
1698 4033 1908 4080 annos
1964 4036 2174 4098 paene

222 4099 400 4181 duos,
440 4124 643 4185 quum
679 4101 864 4169 nulla
898 4111 1040 4167 erat
1072 4100 1338 4180 invidia,
1385 4109 1452 4163 et
1488 4119 1609 4184 ego
1646 4100 1984 4166 vobiscum
2019 4121 2175 4185 age-

219 4184 390 4265 bam,
438 4187 685 4252 editum
731 4186 1047 4252 videatur.
1137 4186 1229 4251 Et
1252 4195 1488 4250 tamen·
1519 4187 1575 4251 si
1599 4185 1911 4268 putabitis
1957 4185 2176 4270 aliqua

221 4269 290 4335 in
334 4292 408 4337 re
452 4273 817 4339 detractum
874 4273 956 4337 iri
1001 4271 1104 4338 vel
1165 4271 1626 4354 tranquillitati
1671 4272 1780 4337 vel
1839 4273 2174 4339 securitati

221 4358 403 4424 urbis
439 4367 714 4436 vestrae,
754 4380 899 4423 sum
936 4365 1203 4439 paratus
1238 4357 1460 4422 omnia
1493 4378 1611 4440 pro
1648 4367 1868 4423 vestro
1903 4358 2175 4424 arbitrio

222 4441 592 4510 immutare.
684 4442 875 4522 Quod
931 4444 1122 4508 facile
1177 4444 1321 4509 fieri
1363 4451 1613 4525 potest,
1674 4445 1733 4509 si
1773 4446 2065 4528 primum
2109 4454 2175 4510 et

221 4538 629 4610 postremum
670 4529 899 4594 folium
944 4528 1154 4594 denuo
1197 4531 1632 4612 imprimatur.
1722 4528 1799 4595 Si
1842 4532 2015 4595 ferre
2059 4552 2173 4613 po-

221 4615 376 4680 terit
409 4616 644 4682 civitas
686 4613 858 4697 quod
900 4624 999 4679 est
1040 4614 1272 4680 decoro
1315 4625 1842 4694 consentaneum,
1887 4637 2024 4681 non
2069 4637 2174 4682 so-

223 4694 360 4764 lum
400 4701 565 4766 mihi
609 4701 736 4766 erit
776 4709 1058 4785 gratum,
1100 4699 1216 4765 sed
1255 4702 1453 4765 etiam
1498 4702 1626 4766 erit
1659 4723 1775 4767 cur
1808 4701 1933 4767 hoo
1975 4702 2174 4768 bene-

223 4783 442 4852 ficium
474 4806 801 4870 apponam
835 4787 1124 4870 reliquae
1168 4786 1658 4852 benevolentiae
1694 4808 1890 4871 quam
1926 4788 1996 4851 in
2032 4809 2174 4853 ves-

225 4874 327 4934 tra
369 4872 634 4939 civitate
677 4894 827 4939 sum
871 4881 1196 4956 expertus.
1286 4871 1410 4938 Sin
1454 4873 1661 4953 aliter,
1726 4872 1990 4938 mutabo
2031 4895 2170 4939 om-

228 5042 288 5050 —-
335 5049 408 5055 ..*--
463 5051 518 5054 --
549 5049 628 5054 -—-

248 5142 386 5198 098.
425 5148 479 5213 l)
522 5148 770 5202 θωνα
801 5148 1068 5215 impressa
1097 5149 1301 5215 fuerat,
1335 5163 1518 5202 verum
1553 5150 1798 5203 consulto
1815 5147 2176 5214 Arqmoraa·

230 5226 418 5268 nomen
461 5222 511 5269 et
570 5214 877 5270 Wmdezini
924 5215 1136 5271 Riheza·
1246 5249 1250 5253 -
1283 5217 1520 5286 oyraplu‘
1574 5218 1922 5272 substitutum
1963 5216 2168 5283 fuerat.

227 5277 336 5403 ’0ζῆ
353 5282 594 5408 Ιὲπέδέε
616 5282 827 5408 w.
901 5284 1026 5341 Hoc
1077 5286 1337 5340 nimau-um
1384 5286 1524 5341 valet
1567 5286 1634 5340 dc
1679 5285 1913 5341 editione
1952 5286 2169 5370 pallios,

364 5433 579 5493 Caluini
606 5454 789 5509 opera.
837 5438 947 5496 Vol.
986 5437 1132 5502 XII.

1930 433 2093 497 1548
2135 430 2515 498 IANUAR.

4096 432 4223 499 658

2271 619 2411 696 nia,
2472 618 2643 683 sicut
2684 616 2857 697 dixi,
2913 638 3033 702 pro
3088 617 3359 684 arbitrio
3399 625 3634 685 vestro.
3722 618 3898 685 Nam
3939 620 4111 686 sicut
4150 620 4227 687 in

2272 703 2398 771 hac
2455 725 2547 782 re,
2605 703 2700 769 sic
2764 703 2962 769 etiam
3023 702 3098 769 in
3161 704 3308 770 aliis
3356 705 3658 771 omnibus
3712 726 3879 788 quae
3933 705 4019 770 ad
4077 728 4225 772 ves-

2271 797 2445 855 tram
2487 788 2877 890 dignitatem
3002 791 3367 869 rtinebunt,
3411 790 3763 857 invenietis
3807 811 3912 857 me
3961 813 4223 877 semper

2269 875 2778 958 paratissimum.
2934 875 3122 941 alote.
3208 874 3508 943 Basileae
3544 880 3643 942 29.
3690 876 3986 942 Ianuarii
4025 879 4224 944 Anno

2794 1045 3221 1130 Reipublicae
3263 1056 3525 1113 vestrae
3564 1046 4048 1116 addictissimus

2987 1147 3266 1215 Iacobus
3308 1170 3349 1214 a
3390 1149 3798 1234 Burgundia.
3816 1153 3872 1233 2)

2354 1319 2829 1386 Oondonabitis
2873 1321 2931 1385 si
2966 1340 3083 1403 per
3116 1295 3340 1386 omnia
3373 1340 3505 1385 non

2268 1405 2623 1490 respondet
2664 1406 2787 1473 hoo
2822 1406 3139 1488 scriptum
3175 1408 3507 1473 communi

2269 1499 2493 1558 vestro
2535 1492 2707 1558 mori
2749 1500 2820 1557 et
2861 1491 3031 1557 stilo.

3178 1934 3329 2005 994.

2478 2087 2951 2157 OALVINUS
2994 2087 3728 2159 OERISTOPHORO
3773 2092 4017 2162 DUOI.

2447 2261 2745 2343 Epistola
2776 2281 2866 2326 nu
3177 2263 3188 2275 “
3264 2264 3627 2346 praemissa
3670 2268 4125 2332 commentariis
4157 2266 4227 2331 in

2273 2351 2543 2428 quatuor
2585 2347 2880 2429 epistolas
2927 2344 3143 2427 Pauli,
3186 2348 3273 2412 ad
3320 2348 3591 2414 Galatas
3633 2349 3943 2432 Ephesios
3970 2351 4227 2434 Philip-

2263 2453 2491 2515 penses
2529 2438 2587 2498 et
2633 2431 3036 2498 Colossenses.

2276 2605 2386 2670 (Ex
2434 2604 2674 2658 editione
2720 2604 2964 2674 principe
3000 2603 3436 2741 60130νῶἒὲῒὸ
3481 2621 3582 2687 per
3627 2606 3886 2661 Ioannem
3932 2607 4225 2664 Girardmn

3094 2690 3169 2725 im

2275 2844 2735 2910 Illustrissimo
2775 2844 3069 2928 Principi
3109 2863 3185 2910 ac
3227 2844 3535 2921 Domino,
3598 2846 3678 2911 D.
3729 2844 4224 2933 Christophoro,

2277 2930 2450 2996 Duci
2517 2930 3024 3016 Witebergensi,
3053 2928 3102 3016 ¹)
3159 2928 3404 2995 Comiti
3470 2929 4038 3018 Monsbelgardiae
4103 2944 4223 3001 etc.

2869 3016 3155 3082 Ioannes
3198 3014 3517 3083 Calvinus
3562 3015 3630 3085 S.

2448 3154 2646 3236 Quod
2703 3175 2822 3239 ego
2877 3155 3071 3219 homo
3123 3154 3244 3219 tibi
3297 3155 3563 3238 ignotus
3579 3206 3595 3234 ‚
3654 3154 3972 3239 Princeps
4027 3157 4227 3222 Illus-

2276 3238 2581 3320 trissime,
2627 3241 2800 3306 hano
2838 3260 3050 3305 meam
3108 3239 3626 3306 lucubrationem
3670 3251 3785 3306 tuo
3827 3242 4081 3307 nomini
4127 3241 4225 3308 di-

2276 3347 2427 3392 care
2483 3347 2615 3391 non
2672 3343 2931 3405 vereor,
2993 3325 3188 3391 huius
3241 3325 3517 3392 fiduciae
3572 3328 3894 3393 nonnulla
3950 3348 4222 3394 excusa-

2275 3414 2369 3479 tio
2415 3411 2751 3478 afferenda
2793 3423 2920 3490 est,
2975 3433 3059 3477 ne
3111 3413 3502 3477 temeritatis
3545 3432 3585 3475 a
3628 3412 4015 3496 quibusdam
4059 3416 4225 3480 forto

2275 3499 2644 3564 damnetur.
2732 3499 2837 3563 Ea
2878 3520 3053 3576 vere,
3097 3507 3173 3563 ut
3214 3498 3423 3564 facilis
3479 3509 3578 3562 est
3628 3520 3703 3565 ac
3759 3499 4083 3582 expedita,
4127 3502 4226 3567 ita

2276 3585 2494 3651 brevis
2537 3585 2680 3650 erit.
2749 3583 2920 3649 Nam
2965 3605 3166 3667 quum
3210 3584 3318 3650 hic
3353 3604 3566 3667 nuper
3601 3598 3773 3650 esset
3807 3583 4017 3651 fidelis
4056 3585 4228 3652 mul-

2274 3673 2488 3755 tisque
2530 3671 2997 3754 experimentis
3030 3670 3339 3753 probatus
3361 3668 3615 3736 Christi
3657 3671 3960 3736 minister
3979 3673 4225 3739 Petrus

2282 3758 2697 3835 TossanuS,²)
2754 3757 2860 3821 cui
2922 3754 3563 3840 Monsbelgardensis
3633 3757 3941 3822 ecclesiae
3999 3778 4228 3824 curam

2276 3864 2360 3907 ex
2405 3842 2614 3926 patris
2658 3843 2760 3906 tui
2801 3841 3234 3907 illustrissimi
3275 3843 3604 3926 Principis
3647 3844 3994 3909 autoritate
4038 3865 4228 3909 man-

2277 3928 2466 4008 dasti,
2508 3949 2583 3994 ac
2626 3930 3028 3993 mentionem
3073 3930 3168 3993 tui
3211 3948 3523 4011 perquam
3580 3929 4014 3994 honorificam
4058 3931 4230 3995 face-

2276 4022 2395 4090 ret,
2443 4035 2564 4100 ego
2607 4014 2724 4078 tali
2769 4015 3093 4080 virtutum
3136 4024 3397 4078 tuarum
3454 4016 4067 4080 commemoratione
4110 4038 4229 4081 ex·

2277 4101 2518 4168 citatus
2582 4099 2719 4164 dixi
2784 4099 3091 4182 quiddam
3159 4099 3326 4165 mihi
3380 4122 3522 4165 esse
3573 4102 3643 4164 in
3708 4101 4008 4166 manibus
4072 4121 4229 4167 mox

2277 4184 2760 4270 publicandum,
2806 4185 2979 4268 quod
3016 4186 3298 4251 libenter
3340 4184 3460 4250 tibi
3502 4186 3945 4264 inscriberem,
3993 4188 4051 4253 si
4104 4186 4226 4251 tibi

2277 4294 2412 4338 non
2471 4273 2806 4356 ingratum
2863 4271 3001 4336 fore
3052 4291 3509 4355 cognoscerem
3563 4271 3689 4339 hoc
3744 4273 3938 4338 officii
3996 4292 4225 4356 genus.

2277 4358 2430 4441 Ipse
2474 4368 2696 4422 autem
2742 4376 2876 4422 non
2935 4355 3126 4422 modo
3184 4366 3259 4421 ut
3314 4357 3381 4421 id
3439 4357 3719 4423 facerem
3764 4359 4063 4424 hortatus
4105 4365 4224 4437 est,

2277 4444 2393 4510 sed
2446 4443 2914 4527 propemodum
2983 4463 3364 4525 sponsorem
3418 4464 3489 4508 se
3542 4444 3933 4528 interposuit
3995 4464 4080 4508 ne
4146 4441 4228 4510 de

2276 4529 2473 4595 officii
2514 4531 2645 4594 mei
2691 4529 3157 4614 approbatione
3200 4530 3520 4596 timerem.
3540 4532 3596 4608 ¹³)

2448 4615 2671 4681 Habes
2713 4615 2875 4693 iam,
2930 4614 3253 4699 Princeps
3295 4615 3681 4695 clarissime,
3741 4616 3888 4698 quis
3933 4619 4228 4682 animum

2272 4702 2443 4766 mihi
2486 4701 2570 4766 ad
2614 4700 2987 4766 audendum
3029 4702 3272 4767 fecerit.
3360 4702 3551 4767 Duae
3587 4713 3805 4768 autem
3848 4711 4004 4768 sunt
4037 4721 4227 4785 prae-

2275 4788 2506 4872 cipuae
2553 4787 2839 4852 rationes
2880 4807 3045 4867 quae
3090 4786 3217 4853 huc
3276 4808 3381 4853 me
3424 4788 3844 4871 impulerunt.
3936 4788 4225 4856 Tametsi

2481 5008 2544 5077 2)
2586 5009 2924 5092 Subscriptio
2958 5016 3008 5065 et
3040 5016 3449 5080 post-smmum
3483 5026 3653 5066 manu
3680 5013 3937 5080 propria.

2299 5081 2445 5135 ⁹⁹4'
2482 5079 2543 5213 i),
2579 5095 2671 5214 ⁸c¹¹f⁶l
2702 5145 2776 5202 N.
2814 5145 2932 5201 960.
2967 5145 3086 5201 976.

2588 5215 2948 5285 Quantumvis
2982 5218 3190 5298 simoen
3223 5216 3353 5270 hacc
3388 5215 3535 5271 dicta
3569 5217 3857 5283 emistimes,
3891 5233 4026 5273 sane
4058 5220 4224 5275 etiam

2273 5288 2455 5354 ipsum
2480 5216 2803 5340 3{caecatum
2842 5285 3097 5355 Pn'nczpt
3130 5285 3504 5340 commendare
3545 5285 3649 5340 hac
3684 5286 3967 5342 occasione
3998 5289 4224 5358 volebat,

2271 5355 2385 5410 sca.
2423 5355 2856 5410 lutheranizanti
2883 5353 3299 5424 Zwinylianum.
3923 5377 3940 5392 s

3738 5438 3807 5493 42
