4825 6175
646 411 775 475 415

645 616 910 663 versam
976 615 1131 661 vero
1192 600 1451 678 partem
1505 592 1730 658 nullus
1799 598 2055 675 pateret
2116 609 2427 666 ascensus
2443 638 2459 669 ,
2498 588 2596 652 ‘in

646 687 999 764 conspectu
1023 678 1395 746 mulierum
1438 686 1810 762 asportatus
1865 678 2079 742 instar
2134 674 2416 741 turbinis
2470 673 2598 738 fuit

644 767 719 831 in
747 766 1104 833 ‘ulteriores
1144 768 1332 830 vites.
1403 765 1659 831 Locum
1692 761 1931 847 procul
1972 760 2358 827 indicabant
2390 759 2597 844 digito

645 852 761 918 ubi
814 873 900 917 ex
945 850 1153 918 oeulis
1204 856 1583 951 evanuerat.
1683 849 1910 946 Pileus
1935 847 2082 947 ‘sub
2136 845 2250 946 illo
2306 843 2449 944 loco
2513 842 2597 909 ad

644 958 926 1091 affimat
936 931 2472 1106 ἓξῖξὲἲιίςωᾚυὲηεῢτὲιῗὲὶοᾙῑῖἓιᾴέι
2513 928 2599 1080 ἓξ

551 1181 558 1188 ‚
642 1108 787 1176 loeo
843 1108 956 1173 illo
1010 1129 1141 1174 non
1196 1107 1410 1190 potuit
1466 1106 1548 1172 ad
1592 1103 1990 1203 Rhodanum
2044 1103 2391 1186 pervenire
2437 1102 2599 1184 quin

643 1214 965 1345 fflffli
987 1192 2598 1361 ssffiffilffiffidzzwssgffiffiss

644 1366 794 1450 Ego
854 1363 989 1429 alta
1039 1383 1203 1429 voce
1259 1362 1652 1428 exclamavi:
1717 1360 1793 1429 Si
1829 1360 2116 1427 diabolos
2160 1380 2302 1424 esse
2346 1359 2598 1440 aliquos

625 1449 931 1528 creditis,
978 1449 1085 1515 hic
1128 1447 1348 1532 palam
1390 1449 1655 1514 cernitis
1701 1446 1942 1512 diaboli
1996 1446 2370 1513 efficaciam.
2459 1441 2597 1525 Qui

644 1536 794 1602 Deo
848 1534 1046 1600 fidem
1104 1555 1238 1599 non
1297 1532 1543 1599 habent
1558 1584 1573 1610 ,
1633 1532 1816 1616 digni
1872 1540 2029 1599 sunt
2071 1533 2184 1615 qui
2227 1531 2597 1596 caecutiant

645 1623 719 1686 in
764 1629 990 1704 aperta
1042 1619 1208 1685 luce.
1296 1617 1651 1696 Perendie,
1708 1638 1910 1700 quum
1968 1624 2142 1682 esset
2188 1615 2328 1681 dies
2387 1614 2597 1680 domi-

646 1708 856 1784 nicus,
901 1726 986 1770 ex
1027 1706 1311 1770 fratrum
1353 1703 1681 1770 sententia
1723 1723 1840 1786 pro
1884 1703 2192 1769 concione
2239 1722 2378 1766 rem
2421 1708 2596 1764 trac·

646 1792 804 1870 tavi,
826 1796 876 1868 ⁷)
914 1792 1344 1873 invectusque
1378 1810 1524 1856 sum
1573 1790 1643 1853 in
1678 1809 1790 1854 eos
1825 1789 2064 1855 acriter
2105 1787 2219 1870 qui
2259 1806 2400 1851 rem
2445 1805 2600 1851 con-

645 1879 897 2045 gctam
916 1895 1062 2026 tpro
1101 1876 1319 1941 fabula
1351 1873 1674 1941 haberent
1711 1883 1827 1940 aut
1868 1896 1938 2023 se
1972 1872 2245 2024 {ioaslgeffir
2250 1874 2598 1955 fingerent.

715 1980 1193 2028 umeiameo
1282 1983 1354 2025 ro
1508 1981 1899 2027 sussumu
2101 1981 2141 2023 a
2259 1977 2601 2036 ,mear-

648 2047 957 2114 dentibus
1003 2048 1175 2111 votis
1218 1982 1505 2111 ssoffi
1538 2046 1687 2130 plus
1721 2046 1923 2111 vicies
1967 2065 2042 2110 eo
2090 2043 2281 2109 biduo
2316 2050 2597 2126 optasse,

649 2133 820 2217 quod
864 2131 1158 2198 viderem
1201 2133 1449 2198 frontes
1492 2139 1630 2197 tam
1664 2131 1911 2196 ferreas
1952 2130 2026 2194 in
2059 2127 2354 2195 ridendis
2369 2129 2433 2204 3)
2470 2127 2601 2193 Dei

646 2219 899 2285 iudicis.
1002 2217 1174 2283 Nam
1235 2230 1391 2283 tunc
1457 2216 1751 2300 apertius
1811 2237 2009 2299 quam
2073 2214 2236 2281 alias
2307 2234 2601 2295 unquam

646 2313 894 2371 retecta
948 2304 1165 2369 fuerat
1221 2313 1596 2369 nostrorum
1652 2302 1971 2385 impietas.
2069 2300 2275 2366 Pauci
2339 2308 2599 2364 tantum

646 2389 836 2455 nobis
871 2388 1396 2455 assentiebantur
1428 2389 1658 2454 verbo:
1703 2387 1922 2453 nescio
1958 2407 2042 2451 an
2077 2408 2249 2451 unus
2284 2405 2367 2449 ex
2402 2382 2599 2450 corde

646 2474 1015 2542 crediderit.

817 2557 1122 2624 Adiunxi
1157 2557 1285 2623 duo
1320 2558 1449 2623 alia
1483 2576 1619 2621 non
1652 2577 1855 2639 aeque
1887 2556 2190 2636 illustria,
2236 2553 2353 2622 sed
2374 2562 2599 2618 tamen

649 2666 786 2715 non
841 2643 1114 2726 indigna
1167 2650 1564 2721 memoratu,
1633 2663 1799 2725 quae
1862 2643 2284 2727 contigerant.
2384 2638 2594 2718 Unus,

647 2751 851 2815 quum
901 2730 1079 2795 inter
1134 2727 1509 2794 concionem
1567 2727 1695 2792 diei
1740 2726 2044 2795 dominici
2087 2728 2158 2802 in
2211 2726 2599 2811 apothecam

647 2815 971 2882 vinariam
1028 2832 1359 2896 cauponae
1414 2812 1497 2876 ad
1547 2812 1984 2878 hauriendum
2041 2814 2271 2879 vinum
2330 2812 2597 2878 deseen-

648 2899 848 2977 deret,
894 2919 1050 2966 casu
1093 2898 1167 2964 in
1208 2918 1402 2963 suum
1447 2897 1737 2983 gladium
1782 2920 1818 2963 e
1861 2899 2102 2982 vagina
2156 2900 2450 2982 elapsum
2491 2898 2597 2963 in-

646 2986 874 3052 cubuit
915 2995 984 3049 et
1026 2982 1451 3049 moribundus
1493 2990 1595 3049 est
1635 2983 1868 3050 elatus.
1948 2983 2156 3062 Alter,
2201 3004 2405 3066 quum
2445 3005 2597 3067 pro-

647 3072 827 3136 ximo
876 3065 1284 3153 Septembri,
1346 3091 1473 3152 quo
1528 3068 1633 3135 die
1687 3069 2141 3135 administrata
2207 3078 2348 3135 erat
2411 3090 2597 3136 sacra

647 3177 879 3235 coena,
940 3155 1157 3221 ebrius
1216 3155 1299 3221 ad
1354 3168 1638 3222 scortum
1704 3176 1823 3239 per
1875 3158 2232 3221 fenestram
2286 3156 2596 3239 obrepere

646 3242 814 3308 clam
856 3250 1159 3319 tentaret,
1203 3241 1528 3306 horrendo
1584 3262 1740 3308 casu
1791 3262 1940 3307 ossa
1995 3242 2121 3307 sibi
2173 3242 2403 3306 multis
2445 3262 2594 3324 par-

644 3327 824 3394 tibus
866 3327 1205 3411 confi-egit.
1295 3326 1588 3392 Tandem
1632 3327 1950 3392 conclusi:
1997 3326 2204 3393 donec
2248 3347 2398 3392 cum
2443 3328 2596 3392 totis

644 3412 944 3479 domibus
985 3412 1182 3476 inferi
1224 3433 1341 3477 vos
1395 3412 1817 3490 absorbeant,
1875 3411 2020 3476 Deo
2076 3434 2349 3478 manum
2404 3434 2598 3478 suam

644 3499 974 3564 exserenti
1018 3495 1218 3562 fidem
1262 3517 1394 3562 non
1440 3495 1780 3563 habebitis.
1873 3497 2106 3561 Multis
2159 3497 2596 3564 animadverti

643 3602 779 3648 non
821 3583 1082 3667 placere
1124 3589 1425 3647 nostrum
1467 3581 1759 3648 studium
1775 3633 1792 3661 ,
1847 3584 2003 3665 quia
2057 3603 2189 3648 non
2230 3583 2514 3648 libenter
2556 3605 2597 3648 a

644 3689 765 3735 suo
809 3677 1085 3733 veterno
1129 3668 1598 3750 expergefiant.
1698 3667 1838 3732 Vix
1892 3669 2070 3732 enim
2123 3668 2353 3736 credas
2397 3690 2596 3753 quam

640 3753 1004 3819 multorum
1040 3753 1474 3818 conscientiae
1510 3752 1757 3836 sopitae
1778 3754 1929 3831 sint,
1967 3774 2132 3836 quae
2159 3774 2359 3837 supra
2380 3755 2595 3820 coelos

643 3846 899 3905 erectae
936 3838 1269 3905 videntur.
1334 3838 1550 3903 Maior
1585 3860 1738 3921 pars
1772 3838 2045 3904 timebat
2078 3840 2262 3906 urbis
2296 3838 2597 3921 dedecus,

640 3925 834 4009 pauci
877 3924 1076 3988 etiam
1119 3923 1468 3991 doctrinae.
1554 3922 1777 3989 Stulte
1820 3925 2110 3990 omnine.
2193 3924 2374 4007 Quid
2418 3927 2597 3992 enim

640 4008 829 4076 nobis
874 4009 1085 4093 magis
1128 4008 1480 4093 gloriosum
1524 4009 1650 4075 hac
1695 4016 1831 4074 tam
1885 4010 2127 4076 illustri
2170 4011 2300 4076 Dei
2347 4011 2597 4077 ultione

640 4094 958 4161 adversus
1001 4094 1333 4161 doctrinae
1376 4101 1641 4161 nostrae
1684 4096 2205 4178 contemptores?
2293 4098 2386 4162 Et
2438 4097 2594 4181 quid

638 4180 888 4246 habent
963 4181 1255 4263 papistae
1334 4201 1462 4263 quo
1540 4180 1862 4246 insultent
1926 4182 2459 4263 Genevensibus,
2536 4184 2595 4250 si

639 4286 841 4350 quam
882 4267 1274 4348 profitentur
1316 4265 1701 4350 religionem
1737 4265 1923 4332 Deus
1965 4268 2063 4332 ita
2101 4269 2335 4333 asserit
2366 4290 2407 4333 a
2441 4290 2594 4335 con-

641 4350 941 4434 temptu?
1028 4350 1409 4427 Caeterum,
1466 4360 1543 4415 nt
1587 4351 1908 4430 dicebam,
1967 4354 2075 4418 hic
2131 4353 2309 4420 locus
2354 4355 2594 4440 dignus

637 4445 742 4503 est
784 4456 978 4518 quem
1022 4437 1366 4518 exquisitis
1407 4436 1632 4501 iudicii
1675 4437 1778 4503 sui
1835 4439 2151 4522 exemplis
2194 4441 2379 4506 Deus
2434 4461 2594 4525 prae

640 4523 789 4586 aliis
832 4521 1134 4585 illustret.
1222 4521 1374 4587 Non
1418 4523 1631 4586 multa
1674 4522 1843 4601 dixi,
1888 4523 2146 4609 longius
2190 4536 2415 4592 tamen
2458 4528 2593 4593 iam

637 4610 738 4673 fui
781 4628 978 4691 quam
1023 4607 1341 4674 volebam.
1361 4610 1417 4684 ⁹)

810 4694 936 4758 Est
1000 4692 1175 4774 apud
1235 4714 1344 4758 me
1406 4693 1555 4776 pius
1618 4694 1821 4760 frater
1884 4716 1960 4762 ac
2023 4696 2278 4777 doctus,
2346 4699 2457 4782 qui
2521 4700 2590 4764 in

639 4782 859 4845 animo
950 4777 1235 4844 habebat
1312 4780 1832 4864 Argentoratum
1920 4783 2241 4864 proficisci
2330 4783 2593 4868 illicque

2192 398 2721 467 EPIS'POLAE
2764 404 3108 466 850-852

4514 409 4610 472 416

2697 586 3114 656 mediocriter
3148 588 3439 670 divitem,
3474 590 3589 673 qui
3621 594 3925 674 sumptus
3959 591 4227 657 triennii
4249 590 4614 674 premiserat

2701 674 2955 742 Verum
2996 676 3054 742 is
3097 675 3360 742 tandem
3406 674 3656 741 fefellit.
3744 676 3852 743 Ita
3895 677 4108 742 bonus
4149 677 4256 745 vir
4305 676 4617 745 destitutus

2699 759 3284 844 circumspectabat
3324 761 3641 845 quidnam
3684 762 4014 846 agendum
4055 760 4183 828 sibi
4220 763 4410 829 foret.
4483 764 4619 849 Ego,

2700 847 2858 929 quia
2911 846 3364 912 testimonium
3425 846 3714 914 habebat
3728 898 3745 926 ,
3815 849 4137 930 optimum
4203 849 4286 914 ab
4352 848 4621 915 omnibus

2701 932 2918 1011 bonis,
2987 938 3056 997 et
3116 931 3281 997 mihi
3332 934 3532 998 etiam
3574 941 3771 998 notus
3827 941 4003 1012 erat,
4062 953 4215 999 eum
4271 935 4522 1018 excepi,
4569 945 4623 1000 et

2700 1017 3061 1101 gratuitum
3105 1020 3355 1085 victum
3398 1018 3607 1084 obtuli
3653 1018 3858 1085 donec
3899 1020 4315 1085 inveniretur
4349 1019 4621 1086 conditio.

2700 1103 2806 1168 Ne
2846 1103 3014 1168 mihi
3055 1110 3229 1169 esset
3269 1104 3456 1169 oneri
3496 1104 4126 1170 commendationem
4186 1105 4267 1171 ad
4311 1125 4434 1171 vos
4472 1111 4627 1188 pete-

2701 1188 2831 1254 bat.
2935 1187 3071 1256 Sed
3125 1190 3354 1255 monui
3398 1189 3712 1255 utendum
3767 1210 3910 1256 esse
3966 1192 4471 1274 opportunitate.
4549 1191 4628 1257 'Pe

2699 1275 3419 1428 tantuma
3438 1282 4176 1445 ..magma
4231 1275 4628 1446 ffl‘tsst

2702 1447 2873 1511 fices.
2954 1446 3220 1530 Dignus
3264 1446 3441 1512 enim
3483 1452 3586 1512 est
3629 1447 3814 1512 cuius
3860 1447 4180 1513 habeatur
4230 1449 4424 1513 ratio.
4508 1447 4631 1514 Nisi

2702 1531 2933 1596 utilem
2977 1532 3247 1597 Ohristo
3285 1532 3661 1597 ministrum
3702 1533 3843 1598 fore
3885 1532 4278 1599 confiderem
4292 1584 4310 1612 ‚
4369 1554 4502 1599 non
4554 1533 4632 1597 la-

2703 1618 3001 1682 borarem
3023 1619 3162 1684 eius
3198 1638 3414 1684 causa.
3486 1615 3885 1701 Quanquam
3920 1618 4231 1685 ecclesiae
4266 1639 4404 1684 non
4438 1618 4631 1683 minus

2702 1723 2902 1785 quam
2945 1703 3196 1768 homini
3239 1703 3522 1769 consulo.
3609 1704 3704 1769 'Pe
3746 1724 4000 1788 quoque
4050 1725 4391 1790 nunquam
4437 1705 4633 1788 poeni-

2702 1787 2870 1854 tebit
2921 1809 3043 1854 nos
3099 1789 3363 1854 iuvisse.
3462 1789 3740 1855 Fratres
3799 1789 4050 1857 Furens·
4107 1790 4215 1855 hic
4271 1797 4451 1856 sunt.
4545 1788 4634 1854 De

2701 1874 2842 1955 ipso
2885 1873 3055 1956 quod
3099 1874 3267 1939 bene
3310 1883 3612 1958 coeptum
3645 1881 3764 1955 est,
3809 1876 3995 1942 Deus
4027 1875 4306 1941 feliciter
4339 1875 4634 1943 absolvat.

2701 1957 2789 2023 In
2845 1958 3052 2025 altero
3108 1968 3366 2025 tantum
3423 1961 3545 2027 hoc
3597 1961 3796 2026 timeo
3853 1982 3939 2027 ne
3996 1962 4083 2028 sit
4124 1962 4409 2026 nimium
4451 1963 4635 2045 imw-

2701 2044 2933 2124 riosus,
2977 2052 3365 2129 potestatem
3403 2054 3637 2113 nactus
3673 2047 3747 2112 in
3769 2067 4024 2130 pueros.
4052 2049 4134 2124 ¹⁰)
4201 2045 4338 2113 Sed
4359 2054 4633 2113 vestrum

2704 2131 2829 2195 erit
2882 2130 3226 2198 moderari.
3329 2132 3395 2197 N
3396 2133 3639 2198 eocomi
3698 2133 3769 2197 in
3823 2131 4123 2217 eligendo
4176 2153 4546 2199 successore
4566 2135 4637 2231 ¹¹)

2702 2214 3067 2281 cavendum
3140 2218 3268 2282 erit
3338 2239 3425 2284 ne
3501 2218 3763 2283 fratres.
3819 2217 4097 2283 nimium
4182 2219 4318 2283 sint
4400 2239 4635 2284 morosi.
4750 2263 4756 2282 .

2703 2300 3048 2382 Quantum
3092 2304 3278 2385 potui
3322 2303 3598 2370 olfacere
3616 2354 3632 2382 ,
3693 2324 3829 2370 non
3871 2302 4259 2386 aequissime
4314 2305 4446 2369 fert
4492 2303 4638 2369 Tho-

2700 2407 2862 2463 mas,
2891 2390 2975 2465 ¹²)
3020 2397 3156 2454 tam
3200 2388 3447 2454 alienos
3502 2410 3542 2453 a
3597 2409 3668 2454 se
3723 2390 3926 2454 fuisse
3970 2390 4242 2456 animos.
4597 2389 4609 2402 '

2701 2472 2867 2540 culis
2931 2473 3287 2557 prudenter
3351 2494 3636 2541 occurre.
3748 2474 3919 2540 Vale
3984 2496 4132 2541 cum
4212 2476 4527 2542 stati-ibus
4584 2482 4638 2540 et

2702 2558 2928 2625 amicis
2944 2610 2960 2637 ,
3021 2579 3184 2643 quos
3229 2560 3545 2627 salutabis
3600 2581 3744 2625 meo
3799 2562 4079 2625 nomine.
4168 2560 4484 2647 Collegae
4524 2561 4637 2626 mei

2701 2652 2769 2709 te
2808 2653 2878 2709 et
2918 2644 3065 2710 illos
3110 2644 3418 2710 salutant.
3479 2645 3668 2712 Uxor
3690 2666 3838 2710 mea
3873 2646 4090 2711 etiam.
4162 2646 4493 2713 Dominus
4537 2667 4637 2712 vos

2701 2739 3047 2797 conservet
3103 2753 3179 2797 ac
3237 2731 3471 2815 spiritu
3528 2753 3645 2798 suo
3703 2740 3909 2816 regat.
4012 2733 4249 2799 Amen.
4341 2732 4636 2800 Genevae

2709 2819 2804 2881 14.
2850 2816 3171 2884 Novemb.
3226 2821 3406 2882 1546.

3615 2953 3898 3020 Ioannes
3944 2953 4263 3021 Calvinus
4308 2965 4484 3021 tuus.

3476 3250 3651 3257 -----.--
3686 3250 3877 3257 ”----.“

3597 3463 3747 3537 851.

3068 3602 3739 3672 BULLINGERUS
3785 3605 4265 3673 THAMERO.

2873 3773 3140 3839 Lutheri
3178 3774 3542 3839 sententiam
3582 3774 3660 3839 de
3700 3795 3883 3841 coena
3924 3776 4194 3843 Domini
4234 3779 4559 3849 diiudicat.

4298 3989 4314 4006 .
4352 3950 4419 4006 Τ.
4453 3951 4481 4006 1
4514 3966 4633 4005 nunc

2701 3946 2808 4013 (Ex
2845 3943 3184 4066 autogr-&pho
3218 3944 3442 3997 Archiv.
3481 3944 3660 3999 Turio.
3699 3947 3829 4000 olim
3865 3947 4037 4001 Sci-in.
4075 3950 4135 4003 C.
4282 4020 4353 4076 OL
4387 4017 4501 4087 62)

3115 4052 3145 4079 .‚
4461 4060 4473 4072 .

2853 4015 2991 4084 plut.
3180 4013 3289 4066 vol.
3327 4012 3468 4066 1172,
3511 4013 3601 4067 fol.
3637 4011 3756 4069 351.
3827 4016 3935 4086 Ap.
3971 4017 4186 4072 simler.

2701 4204 4631 4223 —————————————-——--

2877 4254 2960 4319 D.
3055 4252 3398 4320 ladanum
3430 4256 3480 4334 ¹)
3538 4255 3766 4321 beatae
3830 4259 4185 4324 memoriae
4254 4261 4473 4325 virum
4541 4278 4630 4322 ce-

2697 4338 2943 4405 lebrem
2991 4340 3209 4405 amavi
3264 4360 3524 4424 semper
3580 4349 3648 4405 et
3704 4361 3851 4408 amo
3907 4341 4121 4411 adhuc
4163 4345 4272 4410 vel
4316 4353 4630 4411 mortuum

2696 4425 2767 4489 in
2834 4424 3139 4491 Domino,
3251 4428 3560 4511 Agnosco
3636 4428 3815 4492 enim
3877 4428 4242 4495 Dominum
4315 4430 4631 4515 praeclara

2696 4511 2885 4577 nobis
2944 4532 3063 4594 per
3112 4510 3301 4577 illum
3355 4512 3711 4579 contulisse
3765 4513 4110 4595 beneficia,
4177 4515 4259 4581 ob
4323 4536 4488 4600 quae
4539 4514 4630 4581 vir

2695 4596 2808 4663 ille
2859 4596 3120 4663 laudem
3178 4605 3468 4663 meretur
3523 4597 3606 4663 ab
3649 4599 3956 4666 omnibus
4000 4602 4375 4668 maximam.
4460 4601 4521 4667 N
4523 4622 4627 4665 un·

2696 4704 2893 4766 quam
2956 4691 3177 4748 tamen
3242 4681 3520 4766 probare
3581 4686 3767 4767 potui
3828 4686 4249 4754 immodicam
4319 4696 4387 4754 et
4450 4686 4626 4752 nimis

2696 4788 2982 4834 crassam
3038 4770 3179 4835 eius
3236 4769 3318 4834 de
3382 4789 3581 4834 coena
3622 4770 3895 4837 Domini
3960 4771 4113 4839 Iesu
4179 4773 4621 4847 definitionem,

636 4866 976 4932 biennium
1018 4864 1417 4949 proficiendo
1459 4865 1842 4950 transigere,
1892 4867 2128 4933 deinde
2169 4867 2302 4935 huc
2344 4871 2593 4936 reverti
2706 4947 2715 4950 ,
2772 4946 2797 4950 ,ι
2849 4945 2857 4949 ,Ἴ

637 4960 716 5016 ut
756 4971 1023 5034 operam
1065 4950 1373 5017 ecclesiae
1417 4962 1709 5017 navaret.
1809 4952 2034 5019 Habet
2088 4956 2267 5020 enim
2321 4955 2593 5023 fiatrem

845 5170 906 5239 7)
942 5189 1060 5226 rem
1094 5174 1345 5238 tractavi,
1381 5189 1482 5227 mn.
1523 5172 1638 5226 106.

844 5240 905 5306 8)
945 5241 1194 5295 videndis
1232 5240 1335 5295 106
1368 5242 1444 5296 H.

846 5309 906 5375 9)
947 5309 1058 5367 Hic
1091 5311 1338 5366 substerit
1379 5310 1511 5367 cod.
1549 5311 1665 5366 106.

2871 5040 2964 5107 10)
3009 5042 3091 5105 Of.
3128 5042 3207 5097 N.
3242 5041 3362 5110 826,
3396 5050 3508 5098 not.
3547 5042 3595 5098 7.
3668 5044 3745 5100 Ν.
3779 5043 3898 5114 843,
3934 5052 4044 5102 not.
4079 5046 4129 5101 3.

2874 5109 2966 5179 11)
3000 5110 3077 5166 N.
3113 5110 3232 5178 843,
3270 5117 3379 5167 not.
3421 5111 3502 5168 10.

2872 5179 2965 5246 12)
3003 5180 3094 5234 De
3126 5181 3184 5235 la
3217 5180 3474 5247 Planche,
3513 5180 3900 5238 Neocmnmst's
3932 5185 4192 5253 miniatem
4239 5186 4350 5241 nisi
4373 5183 4614 5250 falli-tm

2696 5251 2797 5322 quo·
2825 5250 3067 5312 fortasse
3096 5249 3382 5319 dcen'qnari
3410 5267 3481 5305 eu
3534 5251 3545 5263 ‘
3641 5255 3677 5306 t.

2730 5318 2864 5374 851.
2900 5318 2960 5385 1)
3010 5317 3145 5373 Vide
3176 5319 3396 5376 omnino
3495 5359 3508 5373 .
3542 5317 3666 5373 846.

4333 2391 4637 2473 Tupen·
4768 2387 4769 2406 ¹
