4825 6175
211 444 310 507 361

204 633 474 715 pergant.
576 625 734 694 Scio
790 649 988 711 quam
1045 628 1134 693 sit
1185 627 1384 694 011810
1442 626 1882 710 periculosum
1937 627 2135 696 fidem

205 716 374 792 dare,
425 712 558 778 nisi
599 713 938 797 explorato
982 712 1241 797 puellae
1283 714 1565 798 ingenio.
1655 716 1920 782 Anxius
1965 734 2133 793 sum,

200 818 391 883 neque
450 798 639 865 facile
699 819 808 864 me
872 799 1164 883 expedio.
1272 797 1468 866 Hanc
1532 808 1757 865 tamen
1813 802 2135 866 rationem

198 894 340 971 puto
379 904 524 950 0000
581 905 714 950 000
759 883 1141 952 absurdam:
1198 885 1254 951 si
1311 885 1478 952 velis
1533 906 1641 951 me
1694 893 1809 952 tuo
1867 886 2134 951 nomine

332 992 420 1048 re,
483 970 859 1036 conditione
937 970 1162 1037 addita
1225 979 1303 1036 ut
1376 980 1725 1055 antequam
1803 970 2136 1054 sponsalia

194 1059 349 1123 fiant
386 1063 454 1121 et
495 1055 744 1139 aliquid
790 1066 974 1123 certo
1015 1056 1463 1140 polliceamur,
1517 1066 1592 1123 tu
1647 1055 1934 1144 puellam
1979 1077 2132 1123 000-

194 1141 438 1209 venias:
508 1143 603 1207 010
657 1143 772 1208 fiet
825 1164 911 1208 00
979 1152 1048 1209 10
1098 1163 1337 1227 urgere
1407 1140 1710 1209 audeant.
1818 1143 2134 1211 Rescribe

189 1229 385 1313 igitur
416 1227 630 1311 primo
664 1249 919 1312 quoque
953 1229 1191 1294 nuncio
1225 1229 1380 1310 quid
1417 1228 1540 1294 tibi
1573 1228 1848 1311 placeat.
1906 1227 2133 1312 Quan-

188 1334 371 1398 quam
414 1313 611 1379 simul
655 1314 922 1381 consulo
963 1335 1047 1379 ne
1086 1314 1199 1379 diu
1235 1313 1617 1380 differamus
1650 1323 1720 1379 et
1753 1313 2132 1398 propediem

185 1398 425 1465 venias.
525 1400 632 1465 De
684 1399 907 1484 puella
958 1400 1132 1466 nihil
1188 1399 1491 1466 audimus
1547 1399 1720 1483 quod
1774 1422 1909 1466 000
1965 1400 2134 1465 10110

186 1484 481 1550 arrideat.
568 1484 654 1550 In
696 1496 884 1569 patre
925 1486 1129 1552 etiam
1188 1493 1255 1552 et
1309 1494 1523 1552 matre
1581 1485 1749 1551 nihil
1806 1486 2129 1569 culpatur.

181 1571 394 1655 Magis
438 1572 790 1637 confirmor
840 1593 1041 1655 quum
1103 1571 1295 1637 video
1349 1572 1758 1640 adversarios
1801 1571 1970 1638 nihil
2013 1570 2131 1635 ha-

181 1657 327 1722 bere
383 1656 561 1740 quod
618 1666 926 1741 carpant,
994 1658 1121 1723 nisi
1166 1657 1336 1741 quod
1392 1678 1512 1724 000
1567 1658 1934 1724 absterrere
1998 1677 2132 1722 non

177 1741 408 1825 potuit.
495 1742 584 1807 In
626 1742 874 1810 Ramea
915 1751 1071 1809 sunt
1104 1743 1325 1827 aliqua
1365 1763 1532 1826 quae
1574 1751 1811 1809 metuo.
1880 1742 2132 1807 'l'amen

178 1828 322 1910 quia
363 1848 477 1893 res
519 1836 638 1893 tua
679 1829 919 1912 agitur,
980 1828 1262 1895 liberum
1307 1829 1428 1896 tibi
1469 1829 1559 1896 sit
1591 1828 1854 1913 eligere.
1945 1828 2131 1893 Nun-

39 1927 42 2004 ξ
173 1934 366 1995 quam
403 1921 631 1979 tamen
670 1916 791 1982 tibi
826 1914 1194 1994 concedam,
1232 1914 1567 1981 hominem
1602 1935 1745 1980 esse
1777 1915 1850 1979 in
1882 1912 2133 1978 10110110

173 1999 276 2065 cui
315 1998 553 2065 maiori
596 2021 793 2066 curae
836 2001 924 2066 sit
963 2021 1072 2067 res
1115 2023 1238 2068 sua
1278 2021 1474 2085 quam
1519 2001 1684 2066 mihi
1728 2001 1890 2066 haec
1932 2011 2054 2066 est.

39 2113 42 2172 }
337 2085 478 2152 Hie
520 2084 897 2152 adolescens
955 2107 1039 2152 ex
1082 2086 1280 2152 Italia
1335 2107 1408 2152 00
1464 2086 1547 2150 811
1602 2108 1723 2152 000
1768 2085 2136 2152 contulerat

39 2189 42 2214 ³
170 2181 242 2235 ut
282 2172 497 2237 sacris
539 2171 748 2238 literis
789 2192 1058 2255 operam
1103 2172 1310 2248 daret,
1355 2173 1413 2238 si
1455 2172 1730 2237 inventa
1768 2180 1943 2240 esset
1986 2191 2136 2235 000-

168 2253 322 2322 ditio
390 2256 659 2340 qualem
725 2264 1140 2342 speraverat:
1219 2258 1333 2324 sed
1398 2257 1711 2340 quoniam
1767 2278 1918 2341 spes
1981 2277 2132 2323 eum

162 2342 488 2407 &usn-ata
531 2350 652 2422 est,
700 2352 1050 2426 antequam
1088 2343 1353 2410 domum
1389 2342 1638 2410 rediret
1680 2343 1892 2412 voluit
1917 2350 1986 2408 te
2028 2342 2132 2406 10-

163 2428 398 2493 visere.
495 2429 754 2494 Bonam
817 2450 982 2495 sane
1044 2428 1334 2496 indolem
1402 2431 1474 2494 in
1538 2450 1615 2495 eo
1673 2427 2129 2496 animadverti.

162 2514 259 2578 'Pu
299 2534 467 2580 eum
502 2515 732 2597 paucis
763 2514 984 2582 verbis
1018 2516 1092 2580 in
1126 2517 1359 2582 timore
1379 2514 1655 2580 Domini
1698 2524 1766 2581 et
1799 2514 2132 2581 doctrinae

161 2599 301 2664 eius
368 2601 758 2666 reverentia
833 2600 1273 2667 confirmabis.
1381 2600 1572 2667 Vale.
1675 2601 2002 2667 Dominus
2064 2607 2132 2663 te

157 2685 437 2750 consilio
477 2696 666 2771 regat
699 2695 767 2752 et
799 2688 918 2754 tibi
957 2687 1299 2753 benedicat
1338 2687 1410 2753 in
1444 2687 1570 2754 hae
1603 2687 1774 2752 tanti
1811 2685 2132 2752 momenti

156 2771 662 2838 consultatione.
731 2771 967 2838 Saluta
1007 2772 1360 2858 diligenter
1402 2794 1633 2840 omnes
1667 2773 1926 2839 fratres.
1994 2770 2130 2838 Ge-

150 2877 383 2923 nevae.

1090 2945 1376 3012 Ioannes
1418 2942 1742 3010 Calvinus
1782 2952 1957 3010 tuus.

320 3116 622 3201 Ignosce
679 3115 853 3199 quod
919 3115 1041 3182 has
1095 3117 1322 3182 literas
1375 3135 1509 3181 non
1564 3116 1859 3182 miserim
1919 3136 2131 3198 nuper

31 3254 34 3289 r
145 3221 265 3284 per
302 3208 733 3285 quaestorem
770 3211 1091 3277 nostrum,
1134 3201 1377 3269 Buceri
1410 3200 1572 3267 dico.
1594 3202 1652 3281 ⁵)
1720 3202 1893 3267 Nam
1926 3222 2128 3285 quum

31 3304 32 3307 ’
146 3288 448 3354 nuncius
497 3288 865 3372 resignatas
908 3288 1272 3359 obtulisset.
1334 3288 1570 3370 putavi
1612 3288 1730 3352 abs
1772 3296 1837 3352 te
1882 3296 1948 3352 et
1994 3285 2129 3353 Fa-

143 3373 297 3441 reno
354 3375 508 3440 iam
563 3372 781 3441 lectas.
885 3374 1126 3441 Postea
1190 3372 1531 3439 admonuit
1546 3424 1562 3453 ,
1628 3395 1714 3439 ne
1775 3373 2131 3439 Tossanam

145 3458 421 3541 quidem
473 3458 731 3543 legisse.
818 3461 1056 3526 Mittes
1112 3459 1318 3544 igitur
1371 3459 1456 3526 ad
1503 3457 1835 3526 Farellum
1850 3509 1866 3538 ,
1923 3480 2127 3543 quum

31 3606 32 3611 ,
143 3546 453 3629 primum
493 3566 567 3612 se
611 3544 794 3610 dabit
826 3546 1093 3613 occasio.
1159 3545 1371 3611 Miror
1406 3545 1725 3611 Bucerum
1763 3567 1897 3611 non
1934 3564 2126 3611 exor-

145 3652 294 3697 sum
340 3632 569 3697 fuisse
611 3650 653 3695 a
707 3640 844 3696 1810
901 3630 1306 3698 exsecrando
1364 3630 1703 3698 latrocinio
1760 3629 1934 3715 quod
1976 3652 2126 3715 per-

141 3719 449 3800 petravit
494 3718 869 3800 Imperator
883 3769 899 3797 ,
959 3738 1162 3801 quum
1216 3718 1563 3800 primarios
1606 3725 1946 3784 senatores
1987 3718 2126 3783 Ra-

141 3805 463 3886 tisponae
510 3803 876 3871 decollavit.
897 3801 953 3891 ⁶)
1040 3804 1253 3869 Miror
1293 3804 1493 3868 etiam
1547 3802 1720 3887 quod
1776 3802 1856 3868 de
1900 3804 2126 3868 10000-

143 3887 378 3956 diariis
427 3889 694 3955 nullam
755 3890 986 3956 fecerit
1025 3891 1450 3969 mentionem,
1513 3890 1628 3956 sed
1670 3896 1927 3972 partem
1972 3909 2126 3954 oon-

141 3973 316 4043 dono
393 3974 555 4041 eius
633 3976 1169 4061 occupationibus
1185 4027 1203 4056 ,
1283 3977 1559 4042 alteram
1635 3983 1891 4058 partem
1957 3974 2128 4039 forte

141 4062 613 4143 praetermisit
655 4062 945 4141 consilio,
1003 4064 1157 4147 quia
1199 4082 1334 4126 non
1378 4060 1660 4128 audebat
1703 4059 1916 4127 dubiis
1958 4069 2127 4126 tem-

140 4148 424 4230 poribus
477 4148 706 4213 omnia
745 4148 957 4215 literis
999 4147 1330 4215 mandare.

354 4437 424 4505 5)
466 4437 811 4507 deperditas,
856 4438 1056 4508 quibus
1099 4438 1190 4493 fae
1221 4452 1367 4493 nova
1400 4452 1469 4491 σω
1507 4435 1810 4491 Germania
1842 4436 2129 4505 scripsisse

354 4548 422 4645 6)
465 4577 605 4631 haec
639 4574 847 4631 Noster
881 4590 947 4629 ea·
978 4576 1129 4642 falso
1163 4589 1377 4629 rumore
1421 4573 1665 4629 habebat.
1740 4570 1976 4628 Senam
2012 4573 2129 4628 Ra-

139 4646 500 4703 &coneneie
549 4645 770 4699 minime
820 4650 1015 4700 contra
1057 4644 1449 4712 Imperatorem
1501 4648 1757 4698 moverat.
1859 4641 1994 4697 Vide
2046 4657 2125 4711 ep.

143 4715 372 4772 Fas-elli
406 4713 580 4781 infra
611 4712 661 4767 3.
702 4712 847 4784 Sept.

1986 444 2150 506 1546
2192 441 2375 512 IUL.

2768 701 2775 706 .
3149 630 3297 702 811.

2776 783 3249 853 CALVINUS
3292 784 3665 853 VIRE'PO.

2406 954 2537 1022 Dic
2577 956 2757 1023 modo
2799 955 3082 1023 verbum.-
3122 956 3389 1040 confecta
3430 978 3534 1025 res
3577 963 3681 1024 est.

2238 1124 2350 1191 (Ex
2386 1133 2516 1180 81110
2608 1127 2726 1209 pho
2762 1126 2893 1180 Cod.
2919 1127 3121 1181 Genev.
3162 1126 3277 1198 106,
3311 1128 3403 1181 fol.
3428 1126 3543 1182 166.
3597 1128 3826 1183 Caetera
3860 1132 4193 1201 exemplaria

2234 1194 2483 1248 invenies
2517 1144 2651 1276 ffle
2685 1195 2848 1278 niodo
2883 1196 3145 1264 laudatis,
3192 1197 3471 1251 Tun-otini
3514 1198 3607 1251 fol.
3649 1197 3753 1252 142
3786 1217 3839 1252 v.
3910 1201 4192 1260 Beruense

2235 1280 2288 1333 p.
2326 1261 2446 1318 769.
2497 1263 2713 1318 81811011
2750 1264 2882 1319 Vol.
2916 1264 2985 1318 61
3021 1266 3197 1319 solum
3214 1266 3495 1320 lenvillaei
3528 1267 3661 1320 alibi
3695 1275 3876 1322 exstat
3908 1271 4023 1324 scil.
4058 1269 4191 1327 eod.

2727 1331 2843 1402 196,
2875 1333 2969 1388 fol.
3001 1332 3089 1390 82.
3122 1362 3191 1374 -
3224 1335 3453 1405 Angliee
3486 1334 3559 1389 11.
3594 1334 3713 1402 52.)

2239 1502 2457 1568 Fideli
2510 1503 2762 1571 Christi
2816 1525 3010 1571 servo
3064 1505 3270 1572 Petro
3325 1505 3559 1573 Vireto
3613 1507 3803 1574 fratri
3858 1521 3928 1574 et
3985 1510 4192 1578 amieo

3056 1591 3395 1675 singulari.

2410 1723 2481 1792 S.
2528 1724 2657 1793 Dic
2691 1725 2884 1794 modo
2918 1727 3227 1793 verbum:
3275 1727 3568 1794 confecta
3601 1749 3708 1796 res
3746 1737 3863 1796 est.
3896 1727 3943 1816 ¹)
4009 1729 4194 1796 Nun-

2236 1832 2433 1894 quam
2478 1811 2639 1877 adeo
2681 1811 3114 1894 festinassem,
3159 1812 3293 1879 nisi
3335 1834 3442 1880 me
3484 1821 3585 1880 tot
3625 1814 3963 1898 praeclara
4004 1817 4190 1880 testi-

2236 1898 2460 1962 monia
2501 1897 2890 1965 movissent:
2948 1897 3065 1964 sed
3122 1899 3291 1964 nihil
3334 1920 3440 1966 me
3483 1900 3696 2000 magis
3738 1921 3852 1968 coe
3904 1901 3955 1965 ‘t
3996 1922 4192 1986 quam

2237 1982 2411 2065 quod
2482 1984 2787 2066 optabam
2854 2005 2975 2051 000
3043 1984 3383 2069 expeditos
3448 1985 3530 2052 ab
3594 1985 3728 2053 illis
3788 1988 3973 2053 tricis
4029 2007 4193 2071 quas

2238 2069 2428 2134 nosti.
2517 2069 2686 2135 Vale
2728 2070 2989 2136 iterum.
3011 2073 3068 2150 ²)

3009 2364 3420 2375 —————-

3147 2581 3299 2652 812.

2724 2717 3217 2786 MYCONIUS
3264 2717 3700 2787 CALVINO.

2406 2890 2512 2955 De
2542 2909 2745 2972 puero
2800 2889 2913 2955 illo
2965 2892 3079 2972 qui
3121 2890 3457 2956 Basileam
3513 2892 3851 2958 mittendus
3889 2900 4041 2974 erat,
4086 2895 4188 2962 de-

2222 2977 2530 3060 perditis,
2588 2980 2658 3040 ut
2697 2976 2947 3041 videtum
2961 3027 2977 3054 ‚
3037 2978 3246 3059 ipsius
3288 2978 3507 3057 literis,
3550 2976 3714 3044 nihil
3753 2980 4030 3061 amplius
4069 3002 4187 3047 aa·

2233 3063 2407 3130 divit.
2494 3061 2703 3129 Addit
2743 3062 3053 3144 quaedam
3091 3084 3304 3130 recens
3360 3084 3438 3129 ex
3487 3062 3835 3131 Germania
3875 3068 4190 3148 nunciata,

2233 3150 2311 3216 de
2359 3148 2556 3232 Papa
2599 3155 2657 3214 et
2702 3148 3000 3214 Sadoleto.

2561 3320 2671 3388 (Ex
2707 3319 3044 3390 autographo
3080 3319 3211 3375 Cod.
3250 3318 3451 3374 Genev.
3490 3318 3607 3387 113,
3643 3320 3735 3375 fol.
3773 3319 3884 3389 76.)

2232 3512 2318 3576 D.
2365 3510 2603 3576 Ioanni
2645 3507 2931 3575 Calvino
2972 3508 3120 3573 viro
3163 3507 3537 3575 doctissimo
3592 3508 3895 3575 ministro
3939 3510 4192 3577 Christi

2232 3597 2407 3680 apud
2444 3596 2872 3663 Genevenses
2914 3592 3296 3661 fidelissimo
3349 3594 3540 3661 fratri
3598 3615 3673 3660 ac
3729 3593 3991 3661 domino
4045 3617 4190 3661 sus-

2975 3680 3276 3764 piciendo
3319 3701 3456 3745 suo.

2406 3817 2479 3885 S.
2525 3819 2788 3900 Nuper,
2847 3817 3086 3895 amice,
3144 3816 3376 3899 scripsi
3436 3815 3520 3881 ad
3564 3822 3648 3882 te.
3737 3817 3926 3883 Nihil
3968 3820 4191 3902 accepi

2232 3907 2313 3972 ab
2372 3906 2469 3971 eis
2526 3904 2735 3968 literis
2798 3924 2962 3985 quas
3033 3903 3350 3985 scripsisti
3379 3948 3389 3959 -
3421 3902 3504 3968 de
3584 3923 3790 3987 puero
3868 3916 4189 3972 mereato-

2231 3993 2323 4056 ris
2366 3987 2707 4056 cuiusdam
2750 3988 3164 4055 Genevensis
3220 3987 3591 4071 recipiendo
3654 3988 3739 4054 ad
3791 4010 4108 4056 mensam.
4137 3996 4188 4067 ¹)

2234 4076 2495 4158 Quibus
2558 4084 2627 4140 et
2702 4075 3010 4156 respondi
3077 4094 3198 4159 per
3264 4073 3595 4139 Fae-ellum
3664 4084 3732 4140 et
3800 4076 4114 4142 Viretam:
4130 4079 4188 4159 ²)

2231 4173 2302 4227 at
2368 4171 2692 4244 quantum
2746 4160 3040 4242 suspicor
3115 4180 3247 4224 non
3332 4158 3765 4226 reddiderunt
3844 4161 4018 4243 quod
4083 4182 4188 4227 re-

2231 4248 2484 4331 spondi.
2542 4244 2889 4313 Sententia
2921 4244 3066 4323 fuit,
3125 4244 3184 4310 si
3231 4243 3427 4309 hodie
3484 4247 3780 4312 mitteret
3812 4247 3923 4312 ille
3956 4247 4188 4328 filium,

2232 4355 2376 4400 cras
2411 4334 2734 4398 missurus
2767 4352 2976 4397 essem
3014 4350 3134 4414 ego
3169 4350 3411 4396 meum.
3475 4331 3785 4397 Breviter
3828 4332 3990 4412 dico,
4036 4333 4192 4416 quia

2232 4428 2494 4502 tempus
2537 4439 2670 4483 non
2725 4427 2826 4482 est
2869 4414 3193 4481 scribendi
3251 4417 3568 4500 pluribus.
3675 4417 3891 4499 Quem
3947 4418 4188 4484 misisti

2230 4504 2614 4571 fasciculum
2658 4503 2899 4569 curabo
2951 4500 3320 4585 diligenter.
3422 4504 3635 4569 Miror
3678 4513 3902 4570 tamen
3945 4526 4064 4570 0111·
4106 4525 4190 4571 ex

2228 4590 2653 4675 inscriptione
2698 4589 2961 4655 deberet
3004 4608 3145 4655 esse
3189 4587 3579 4672 periculum.
3646 4590 3870 4656 Times
3913 4590 4189 4655 forsitan

2265 4882 2392 4941 su.
2431 4880 2491 4943 1)
2530 4880 3352 4946 lmononcoat'eetaeetuteoee
3703 4879 3880 4935 ames
3917 4879 4020 4946 (N.
4038 4879 4190 4947 813).

2438 4948 2498 5017 2)
2545 4947 2870 5003 Tuo-retinas
2902 4950 3215 5017 suspicatur
3249 4948 3433 5004 eodem
3478 4949 3568 5003 die
3607 4950 3871 5017 scriptam
3913 4947 4090 5016 fuisse
4123 4964 4192 5006 ac

2229 5019 2481 5089 proxime
2508 5016 2933 5086 praecedentem,
2970 5017 3067 5071 sed
3077 5033 3179 5086 per
3213 5019 3385 5072 alium
3400 5018 3677 5072 nuncium.
3735 5016 3882 5071 Sane
3901 5017 3968 5072 de
4002 5021 4189 5072 eadem

2450 5087 2600 5152 dicit,
2634 5091 2687 5141 et
2718 5086 2871 5141 omni
2900 5102 3058 5140 mora
3091 5102 3322 5141 excussa
3356 5092 3694 5141 cunctantem
3728 5087 3875 5142 iubet
3909 5086 4187 5142 advolare.

2236 5156 2499 5281 Sgeffzdiis
2528 5161 2809 5279 Ἠιαξιθιέατ
2842 5156 2982 5210 alter
3018 5156 3346 5211 intercedere
3375 5160 3646 5224 potuerat.

2440 5228 2502 5355 2))
2537 5292 2636 5364 qai
2677 5307 2856 5347 mense
2912 5291 3075 5347 Maio
3126 5307 3196 5347 ex
3241 5293 3609 5363 Argentorato
3657 5290 3883 5349 reduces
3930 5291 4190 5351 Baso‘leae

2232 5365 2591 5420 transierant.
