4825 6175
259 456 303 522 5
1973 447 2139 514 1545
2182 444 2564 516 IANUAR-
4233 454 4272 517 6

258 642 445 712 dolor
504 642 774 727 ing-ens:
844 640 915 706 ni
971 639 1148 706 enim
1204 637 1395 708 Iesus
1450 634 1762 702 Ohristus
1827 632 2000 700 adsit
2060 632 2217 700 huie

256 728 639 798 ecclesiolae
671 745 980 810 praesens
1020 724 1323 792 imminet
1357 722 1517 790 dissi
1564 720 1713 789 atie.
1782 718 2217 800 Tragoediam

255 817 586 900 integram
622 812 1028 897 scripsissem
1049 810 1303 887 lubens,
1340 806 1456 877 sed
1539 808 1815 874 ‘scessus
1846 805 2219 872 festinatior

257 902 474 970 nostri
544 901 770 967 fratris
828 897 1087 965 Nicolai
1148 894 1441 979 impedit.
1551 894 1700 978 Ego
1762 892 1964 957 etiam
2027 892 2218 976 cupio

255 989 465 1056 finem
506 985 762 1064 videre,
821 984 1076 1050 utinam
1132 983 1397 1049 bonum.
1483 980 1728 1062 Accipe
1782 985 2003 1042 autem
2058 976 2219 1060 quid

260 1075 389 1141 1100
428 1072 626 1140 biduo
666 1072 754 1137 sit
792 1076 1029 1136 actum.
1120 1068 1345 1148 Quum
1382 1065 1574 1150 pauci
1610 1064 1855 1148 aliquot
1896 1063 2216 1163 homines,

259 1159 508 1245 partim
551 1158 708 1224 novi
753 1156 1041 1238 adeoque
1083 1174 1340 1220 morum
1394 1151 1607 1236 ignari
1652 1158 1722 1216 et
1762 1170 1979 1215 omnis
2023 1148 2216 1215 disci-

260 1247 500 1331 plinae,
557 1245 798 1328 partim
840 1242 1098 1307 factiosi
1154 1247 1221 1306 et
1258 1237 1532 1305 rebelles
1549 1288 1564 1315 ,
1622 1243 1829 1302 totam
1872 1234 2218 1302 ecclesiam

261 1331 644 1399 turbassent
660 1380 677 1408 ,
735 1350 810 1394 ac
863 1326 1158 1394 viderem
1213 1332 1482 1409 propter
1522 1323 1670 1388 illos
1711 1342 1952 1406 paucos
1992 1339 2217 1401 novos,

261 1439 427 1485 sane
471 1419 673 1483 bonos
731 1425 799 1480 et
854 1415 1031 1498 pios,
1087 1413 1145 1479 si
1186 1411 1284 1476 ita
1325 1410 1481 1478 lieet
1523 1431 1608 1475 ex
1652 1406 1868 1491 aliquo
1910 1406 2219 1474 convictu

260 1512 334 1570 et
375 1499 851 1570 consuetudine
893 1499 1204 1576 iudicare,
1249 1504 1518 1580 propter
1559 1494 1725 1572 illos,
1768 1494 2059 1576 inquam,
2108 1491 2218 1557 ubi

263 1588 883 1657 animadvertissem
906 1587 990 1650 D.
1020 1584 1368 1650 Stumiam
1391 1585 1439 1661 ¹)
1475 1589 1544 1647 et
1580 1580 1885 1646 Sevcnnm
1902 1580 1959 1658 ²)
1996 1580 2220 1644 fovere

262 1697 534 1743 eausam
588 1671 998 1756 iniquissime
1016 1722 1031 1749 ,
1098 1670 1197 1735 uti
1253 1667 1582 1734 iudicarat
1637 1667 1770 1731 iam
1829 1665 2087 1748 saepius
2131 1662 2217 1730 D.

264 1761 580 1838 Bam-³,
617 1757 884 1825 tandem
907 1755 1284 1824 convocatis
1308 1753 1551 1819 nudius
1572 1753 1811 1818 tertius
1835 1750 2222 1836 symmystis

264 1857 337 1915 et
376 1847 627 1914 Ioanne
676 1844 1009 1922 GameriO,
1029 1841 1085 1927 ⁸)
1141 1840 1449 1908 convenit
1488 1839 1664 1903 inter
1706 1858 1826 1903 nos
1868 1844 1946 1901 ut
1986 1835 2222 1918 aliquis

266 1933 432 2001 ordo
488 1941 863 1998 servaretur
925 1930 995 1994 in
1062 1926 1367 2006 ecclesia,
1433 1946 1650 2007 neque
1716 1930 1902 1987 tanta
1953 1922 2224 1988 licentia

262 2021 446 2106 plebi
503 2020 572 2084 in
637 2027 848 2083 totum
914 2013 1351 2080 ministerium
1407 2008 1887 2107 concederetur.
1991 2007 2223 2090 Itaque

262 2106 702 2173 constitutum
744 2103 919 2167 inter
960 2121 1081 2165 nos
1124 2098 1248 2164 suit
1289 2107 1368 2162 ut
1404 2095 1646 2181 singuli
1690 2092 1920 2159 ordine
1963 2114 2083 2176 per
2124 2101 2222 2157 to-

264 2203 407 2259 tam
451 2186 929 2258 hebdomadam
972 2185 1257 2269 quotidie
1293 2184 1845 2250 concionaremur.
1936 2180 2027 2244 Et
2070 2199 2224 2261 quo-

266 2282 449 2345 niam
492 2279 549 2342 is
599 2274 957 2341 &amerius
999 2277 1278 2337 venerat
1320 2276 1713 2352 postremus,
1759 2287 1835 2331 ac
1879 2286 2000 2331 nos
2037 2273 2222 2347 opta-

261 2367 500 2432 bamus
541 2361 811 2445 purgari
856 2357 1028 2440 apud
1069 2378 1188 2423 nos
1232 2355 1403 2439 quod
1447 2375 1578 2420 non
1625 2359 1799 2418 esset
1838 2352 1897 2418 is
1918 2350 2224 2450 Baptista

265 2451 616 2518 Bacinetus
672 2447 786 2530 qui
849 2444 1133 2527 aliquem
1186 2441 1565 2507 ministrum
1623 2461 1665 2504 a
1717 2459 1883 2504 sana
1927 2436 2226 2502 doctrina

264 2537 582 2608 voluisset
616 2538 913 2599 avertere
948 2531 1134 2614 (nam
1171 2535 1368 2593 antea
1401 2523 1602 2592 semel
1642 2531 1875 2608 rogatu
1909 2522 2224 2590 ecclesiae

263 2622 441 2711 quod
474 2628 650 2688 esset
680 2618 783 2683 illi
816 2637 1074 2692 nomen,
1120 2612 1489 2697 respondit:
1535 2610 1842 2695 Baptista
1863 2608 2226 2708 Bacinetus,

265 2707 448 2779 unde
486 2706 658 2774 mihi
698 2703 817 2770 illa
868 2701 1151 2785 suspicio
1193 2699 1462 2766 incessit
1502 2707 1580 2763 ut
1620 2705 1912 2779 peterem
1955 2692 2022 2759 1d
2067 2714 2224 2778 pur-

266 2796 419 2885 gari
448 2793 740 2870 omnine,
777 2790 959 2874 prius
993 2808 1191 2871 quam
1222 2784 1307 2851 ad
1340 2782 1749 2850 ordinarium
1783 2780 2226 2847 ministerium

265 2903 421 2951 cum
465 2878 739 2945 caeteris
774 2875 1244 2951 admitterem):
1292 2869 1525 2936 deinde
1560 2868 1759 2933 etiam
1803 2877 1882 2931 ut
1920 2865 2226 2964 quod-su-

266 2975 534 3054 pererat
587 2961 990 3047 probationis
1058 2969 1256 3041 atque
1315 2954 1819 3021 examinationis
1874 2971 2226 3017 canonlcae

260 3057 711 3142 perficeretur,
756 3067 963 3133 quum
1002 3045 1169 3111 mihi
1212 3044 1427 3127 prima
1470 3043 1793 3119 cessisset,
1841 3039 1944 3104 illi
1993 3039 2228 3122 quinta

266 3152 373 3210 est
417 3155 741 3204 concessa.
827 3131 1019 3211 Vide,
1076 3152 1197 3216 ego
1241 3127 1544 3212 quamvis
1588 3125 1762 3211 apud
1806 3145 1987 3191 meos
2033 3146 2224 3191 occu-

263 3224 665 3314 patissimus,
705 3229 924 3285 tamen
970 3238 1106 3282 non
1149 3215 1448 3283 recusavi
1484 3215 1553 3278 in
1598 3212 1878 3297 gratiam
1914 3209 2226 3277 ecclesiae

264 3322 531 3380 tantum
584 3306 802 3373 oneris
856 3302 1124 3387 imponi.
1230 3299 1498 3383 Scripta
1544 3310 1646 3365 est
1699 3296 2078 3376 concordia,
2137 3296 2222 3361 D.

265 3399 519 3466 Bucero
559 3392 825 3459 tradita:
873 3391 1125 3475 probat,
1171 3386 1287 3453 sed
1332 3386 1561 3452 referri
1597 3384 1679 3450 ad
1724 3384 2040 3467 populum
2084 3380 2226 3464 pla·

267 3493 395 3554 oet.
461 3480 630 3547 Heri
672 3477 932 3555 adsunt,
977 3473 1094 3542 sed
1135 3481 1462 3540 vocantur
1503 3478 1765 3536 tantum
1806 3469 1910 3533 illi
1950 3467 2226 3547 factiosi,

267 3592 403 3638 non
452 3565 724 3633 ecclesia
768 3564 1100 3628 universa:
1159 3558 1394 3624 deinde
1449 3578 1585 3623 non
1629 3554 1871 3622 caeteri
1913 3553 2226 3631 ministri,

270 3655 392 3724 sed
435 3660 695 3719 tantum
738 3648 823 3715 D.
874 3646 1226 3726 sturmius,
1283 3644 1555 3711 Sevenus
1598 3652 1668 3707 et
1709 3640 1936 3707 doctor
1977 3640 2229 3706 Ander-

268 3759 488 3819 nacus,
532 3738 643 3821 qui
686 3736 812 3801 1100
854 3733 1121 3799 nomine
1164 3750 1396 3796 causae
1439 3727 1716 3805 favebat,
1761 3735 1905 3792 tum
1947 3726 2102 3809 quia
2144 3745 2227 3791 ex

271 3823 663 3895 muliercula
704 3819 1002 3887 audierat
1031 3817 1212 3883 hunc
1254 3815 1644 3882 Garnerium
1685 3812 1931 3897 optime
1974 3812 2230 3878 concio—

271 3912 442 3980 nari.
457 3911 519 3995 ⁴)
606 3907 908 3973 Aderant
959 3905 1160 3971 etiam
1213 3923 1362 3970 cum
1409 3899 1821 3965 Emmanuele
1874 3898 1958 3964 D.
2006 3897 2230 3963 doctor

280 3998 527 4075 Petrus,
548 3996 607 4073 ὅ)
652 3993 762 4077 qui
806 3988 1147 4075 proposuit
1186 3987 1314 4054 duo
1349 3987 1514 4053 haec
1550 3985 1742 4063 mala,
1791 3984 1897 4049 vel
1934 3982 2230 4049 ordinem

274 4088 351 4152 in
393 4080 667 4147 ecclesia
706 4076 1037 4155 confundi,
1082 4073 1141 4140 si
1174 4071 1566 4141 concedatur
1601 4068 1775 4154 quod
1810 4070 2077 4154 petitur,
2125 4067 2235 4135 vel

274 4259 443 4269 ———-—

300 4357 463 4415 604,
504 4356 559 4421 1)
596 4352 684 4410 Io.
723 4351 1024 4418 sacratius,
1071 4348 1248 4404 coetui
1276 4346 1474 4417 pallico
1508 4344 1701 4400 adseri
1757 4360 1840 4412 ue,
1882 4359 1997 4397 non
2029 4344 2082 4396 ie
2114 4347 2237 4398 erat

371 4429 383 4441 '
409 4425 663 4492 factiosis
695 4421 1006 4476 hominibus
1050 4418 1282 4483 foveret,
1330 4416 1396 4471 ob
1430 4421 1543 4469 tam
1572 4413 1641 4480 fn
1735 4429 1763 4467 s
1811 4427 2012 4468 causas
2043 4411 2234 4482 quales

277 4443 380 4554 a
403 4493 779 4563 profanantur.
853 4488 946 4542 Ea:
981 4487 1360 4543 criminatione
1402 4486 1589 4553 potine
1639 4483 1817 4550 ipsius
1851 4480 2074 4537 Pollam·
2107 4495 2233 4535 con·

278 4567 507 4625 citatum
543 4562 783 4615 annnam
819 4564 870 4612 et
903 4555 979 4610 ad
1010 4553 1283 4610 invidiam
1387 4568 1551 4608 onum
1585 4565 1886 4621 coqnosces.

488 4630 550 4692 2)
591 4626 681 4682 De
702 4625 988 4682 Gerhardo
1009 4624 1211 4679 Sevcno
1239 4639 1290 4676 v.
1312 4569 1508 4676 gum.
1524 4620 1621 4702 ‘ad
1655 4618 1943 4675 Calvinum
1961 4616 2066 4682 (N.
2085 4615 2235 4684 406).

490 4698 546 4764 3)
587 4697 713 4751 Fluit
756 4698 807 4750 ie
850 4693 1275 4755 Avenionensis,
1326 4691 1392 4746 ob
1425 4691 1742 4759 reliqionem
1781 4687 2070 4769 prosaque,
2106 4701 2234 4740 mox

283 4771 445 4829 ,Petri
488 4766 692 4848 Brulyi
741 4778 1016 4820 naccessor
1029 4803 1046 4828 ,
1096 4760 1424 4882 ‘³⁶⁸⁰{P²“’⁸⁶.⁶
1467 4757 1856 4814 ecclesiasticae
1900 4755 2131 4821 vindex,
2179 4770 2237 4835 a.

283 4837 425 4895 1549
458 4848 739 4893 occasione
770 4832 1175 4889 constitutionis
1246 4834 1439 4883 nterim
1459 4830 1825 4897 Arqentorato
1852 4825 2065 4894 pulsus.
2131 4823 2235 4878 Oui

280 4904 630 4981 splendidum·
664 4902 1025 4957 testimonium
1060 4898 1266 4953 exhibet
1301 4897 1551 4951 Bucar-ue
1584 4912 1672 4965 ap.
1714 4893 2003 4950 Βοῶν-ἰοὺ.
2040 4891 2131 4948 ΙΙ.
2150 4890 2233 4947 70.

493 4973 555 5039 4)
593 4971 751 5026 Haec
795 4971 875 5025 eie
917 4971 1345 5036 interpretamur
1387 4970 1450 5020 ut
1493 4965 1740 5020 dicamus
1779 4962 2078 5018 Sturmium
2112 4976 2234 5017 cum

285 5046 455 5105 sociis
486 5042 648 5098 etiam
673 5040 854 5108 plebis
887 5038 1207 5093 sententiam
1240 5036 1304 5090 in
1334 5035 1551 5104 neqotio
1580 5033 1818 5103 elioenai
1856 5034 2103 5101 pastoris
2134 5047 2233 5086 an·

342 5118 354 5130 ⁸
510 5111 689 5165 luisse.

287 5116 412 5173 ane
444 5128 556 5247 ωδ)
604 5176 835 5247 Uterque
870 5173 1068 5239 Italus,
1106 5171 1432 5227 Ennianum
1476 5169 1788 5226 Tremellius
1834 5168 2234 5230 Fmarieneib,

290 5253 423 5313 oliui
456 5247 704 5304 Iudaeus
736 5259 887 5301 navic
1101 5244 1111 5255 '
1226 5242 1312 5296 vel
1343 5240 1488 5296 inter
1518 5254 1727 5309 paucos
1760 5240 2001 5293 eminens
2035 5244 2085 5291 et
2115 5235 2238 5306 plu·

290 5321 448 5379 riom
480 5317 756 5387 doctisque
787 5313 1010 5383 scriptis
1041 5310 1243 5367 clarus.
1302 5308 1499 5364 Petrus
1538 5307 1764 5380 Martyr
1803 5305 2093 5362 Ver-miliae
2124 5306 2237 5360 ian

290 5405 391 5462 por
422 5386 698 5445 biennium
731 5381 1091 5453 Aryentorati
1123 5378 1442 5450 theoloqiom
1475 5376 1712 5433 docebat.

2318 633 2576 701 mrbari
2617 635 2780 702 istos
2821 636 3128 704 homines
3182 638 3240 704 si
3292 658 3427 704 non
3484 637 3620 705 illis
3659 639 4059 708 concedatur
4098 639 4277 725 quod

2318 729 2570 805 petunt.
2669 721 2819 788 Hoc
2886 722 3251 790 secundum
3435 725 3589 791 vius
3651 735 3754 791 est
3815 726 4053 794 visum.
4165 726 4276 792 Ita

2321 806 2500 872 enim
2541 807 3018 891 responderant
3079 809 3294 895 rogati
3385 813 3637 877 omines
3678 810 3808 878 illi:
3878 811 4106 895 Quum
4149 811 4274 879 sibi

2321 900 2495 960 esset
2546 891 2925 961 abeundum
2966 895 3437 976 Wormaciam,
3457 897 3516 981 θ)
3573 897 3908 981 postulare
3960 909 4035 964 ut
4089 905 4274 964 tran-

2321 978 2531 1063 quilla
2568 982 2971 1047 conscientia
3024 992 3293 1065 possent
3347 982 3711 1049 discedere:
3768 983 3836 1049 id
3891 1005 4027 1050 non
4082 1004 4275 1069 posse

2322 1065 2457 1131 nisi
2496 1065 2682 1149 prius
2724 1067 2854 1133 isto
2898 1065 3141 1134 audito.
3249 1067 3467 1134 Valde
3524 1068 3698 1136 hanc
3753 1091 4019 1137 causam
4076 1070 4275 1137 susti-

2322 1157 2614 1216 nuerunt
2653 1149 2740 1218 D.
2792 1151 3116 1219 Stumius
3159 1160 3226 1220 et
3271 1153 3557 1221 chenua
3646 1155 3943 1221 Tandem
3986 1156 4275 1221 maxime

2323 1259 2400 1303 ac
2462 1236 2851 1321 gravissime
2916 1242 3311 1306 renitentem
3377 1240 3462 1306 D.
3528 1239 3855 1307 Bucerum
3920 1249 4276 1326 coegerunt

2328 1322 2646 1390 Gamerio
2687 1322 3045 1391 secundum
3105 1326 3322 1392 locum
3376 1326 3747 1393 concedere.
3831 1329 3926 1394 Et
3968 1328 4278 1411 quoniam

2321 1430 2460 1474 non
2502 1423 2656 1475 ante
2699 1412 3069 1493 proximam
3108 1410 3588 1478 hebdomadam
3639 1409 3820 1479 eram
3873 1414 4277 1498 incepturus,

2322 1494 2446 1561 1108
2489 1505 2770 1579 quatuor
2808 1496 2948 1562 dies
2972 1518 3205 1582 passus
3239 1507 3356 1578 est,
3403 1499 3517 1581 qui
3551 1498 3632 1565 de
3675 1501 4004 1583 praesenti
4047 1520 4280 1584 super-

2324 1589 2544 1659 erant,
2610 1583 2850 1666 populo
2904 1582 3049 1650 dari
3106 1583 3189 1649 ad
3267 1584 3668 1650 audiendum
3720 1585 3928 1652 illum.
4032 1584 4280 1685 Rogati

2322 1667 3482 1838 ΞΞ,ΞΞΞΞΞΞ,“ΞΞΞΞ,Ξ,1Ξ
3517 1669 4281 1842 ,ΞΞΞΞΞΞΞΞ

2322 1839 2420 1905 tia
2481 1838 2757 1907 Sevenus
2820 1841 3258 1925 quiritabatur
3315 1841 3639 1930 (allegant
3692 1843 3823 1926 ipsi
3880 1865 4029 1911 cum
4087 1842 4280 1910 sociis

2323 1925 2502 1991 ultra
2547 1929 2717 1992 3000
2753 1928 2818 1992 fl.
2864 1929 3160 1994 amisisse
3204 1948 3403 1994 causa
3436 1929 3784 2015 evangelii,
3829 1951 3985 2015 ergo
4029 1928 4280 2012 aliquid

2325 2010 2862 2093 concedendum),
2907 2013 2967 2078 is
3009 2015 3230 2081 nescio
3273 2012 3431 2098 quid
3479 2014 3748 2081 turbare
3790 2016 4022 2100 coepit,
4066 2015 4160 2079 ita
4201 2020 4280 2082 ut

2326 2097 2491 2162 mihi
2534 2097 3003 2164 discedendum
3056 2100 3270 2166 fuerit.
3375 2098 3553 2182 Quid
3607 2109 3835 2185 postea
3890 2102 3978 2168 sit
4027 2101 4278 2166 factum

2325 2187 2577 2250 nescio:
2624 2184 2740 2250 ubi
2781 2205 3167 2269 cognovere,
3213 2186 3492 2253 scribam
3538 2187 3879 2271 copiosius.
3955 2187 4102 2272 Ego
4144 2187 4279 2251 iam

2325 2271 2397 2334 in
2441 2290 2518 2335 60
2562 2278 2739 2337 statu
2782 2292 2950 2350 sum,
2995 2280 3071 2337 ut
3103 2272 3403 2355 quamvis
3436 2285 3662 2357 peccet
3694 2272 3976 2357 populus
4018 2272 4280 2338 nullum

2326 2363 2553 2422 tamen
2607 2355 2849 2422 habeat
2910 2357 3126 2423 locum
3190 2359 3465 2423 monitio
3530 2379 3698 2425 mea.
3794 2360 3888 2425 Et
3951 2367 4029 2423 ut
4088 2358 4278 2424 illum

2326 2442 2677 2528 placarem,
2722 2444 3025 2526 quamvis
3059 2444 3315 2509 minuta
3349 2445 3642 2529 graviter
3675 2445 4022 2511 ministerii
4065 2444 4129 2509 di
4230 2443 4281 2494 ’-

2327 2536 2489 2607 tate,
2549 2549 2751 2613 quum
2794 2528 2957 2596 haec
3015 2529 3425 2612 postularent
3476 2541 3743 2614 propter
3799 2530 4076 2597 verbum
4199 2529 4281 2608 ei,

2326 2614 2514 2699 quasi
2555 2635 2712 2681 vero
2755 2635 2876 2699 per
2930 2636 3049 2680 nos
3092 2615 3412 2682 hactenus
3470 2617 3604 2682 illis
3659 2616 4002 2696 defuisset,
4060 2629 4283 2681 tamen

2328 2700 2491 2767 haec
2528 2700 2809 2802 ‘omnia-
2841 2701 3332 2768 dissimulantes
3375 2724 3521 2798 ‘non
3577 2701 4022 2769 dubitavimus
4079 2702 4284 2767 etiam

2329 2785 2656 2939 affl?
2664 2785 3072 2951 00¹¹1ff¹02d3325⁰
3111 2785 4285 2957 utsssffossssssmvffifflssoes'ufflmss

2330 2959 2614 3024 sanctuli
2658 2957 3236 3043 deprehendantur
3279 2959 3676 3112 hygocritae.
3747 2961 4072 3027 Dominus
4233 2958 4288 3024 it

2328 3045 2519 3112 nobis
2564 3067 2681 3112 suo
2727 3047 2981 3130 spiritu.
3068 3046 3217 3131 Ego
3262 3046 3370 3113 val
3418 3068 3455 3113 e
3511 3069 3744 3114 vereor
3800 3069 3927 3131 quo
3974 3068 4079 3114 res
4124 3045 4286 3112 haec

2331 3130 2598 3198 evadat:
2659 3133 2862 3199 etiam
2918 3134 2991 3198 in
3044 3133 3422 3216 exemplum
3479 3156 3621 3200 esse
3675 3133 3983 3201 ecclesiae
4025 3153 4286 3219 germar·

2329 3219 2535 3285 nicae.
2605 3219 2751 3304 Ego
2795 3219 2993 3284 etiam
3039 3219 3202 3285 urbe
3246 3218 3478 3285 iubeor
3519 3218 3833 3287 excedere
3876 3229 4146 3305 propter
4180 3218 4284 3282 in-

2329 3303 2659 3370 salubrem
2704 3326 2941 3371 aerem.
3011 3305 3117 3370 Ita
3150 3305 3414 3388 scripsit
3444 3305 3720 3373 illustris
3763 3327 3980 3379 comes
4023 3301 4284 3390 meus7)

2328 3390 2414 3455 D.
2441 3389 2702 3457 Buoero.
2771 3394 3094 3457 Attamen
3137 3390 3220 3457 ad
3265 3394 3466 3458 finem
3511 3414 3632 3477 ego
3672 3414 3873 3476 usque
3917 3393 4285 3476 persistam,

2329 3484 2406 3542 ut
2448 3474 2507 3542 si
2563 3498 2696 3560 qua
2737 3499 2993 3561 possem
3050 3478 3393 3545 ecclesiam
3435 3480 3562 3544 Dei
3619 3479 3946 3544 adiuvem.
4035 3478 4175 3545 Oro
4220 3484 4286 3542 te

2329 3570 2529 3646 atque
2572 3561 2861 3629 obtestor
2919 3574 2994 3629 ut
3048 3585 3244 3647 quam
3296 3572 3483 3648 potes
3541 3566 3855 3632 citissime
3912 3564 3995 3629 ad
4055 3585 4173 3631 nos
4217 3570 4287 3628 et

2331 3646 2418 3716 ad
2459 3649 2802 3716 ecclesiam
2845 3648 3108 3716 scribas.
3184 3650 3466 3717 Caetera
3505 3652 3642 3717 fere
3684 3651 3806 3717 tibi
3849 3648 4143 3716 narrabit
4176 3648 4285 3714 hic

2330 3732 2543 3801 bonus
2585 3735 2792 3801 frater
2834 3745 3058 3802 noster
3114 3735 3228 3819 qui
3281 3757 3525 3821 magna
3577 3759 3660 3803 ex
3718 3745 3908 3822 parte
3963 3735 4281 3802 interfuit.

2332 3818 2647 3888 Christus
2689 3822 2978 3905 optimus
3023 3823 3352 3888 maximus
3394 3830 3462 3887 te
3520 3823 3794 3908 sospitet
3850 3844 3926 3888 ac
3969 3821 4083 3888 diu
4127 3840 4285 3889 suae

2333 3914 2554 3975 servet
2596 3907 2921 3975 ecclesiae.
3020 3908 3296 3994 Argent.
3343 3909 3658 3993 postridie
3700 3906 3861 3974 Idus
3903 3907 4047 3974 Ian.
4101 3912 4284 3973 1545.

2951 4030 3025 4095 Τ.
3148 4028 3442 4094 ternitati
3486 4027 3951 4094 devotissimus
3992 4027 4168 4093 filius
4210 4045 4287 4093 ac

3097 4115 3411 4199 iscipulus
3455 4113 3526 4180 in
3570 4114 3841 4181 Christo

3462 4216 3880 4285 Valerandus
3912 4217 4247 4283 Pollanus.

3106 4428 3516 4436 Ἥ.-

3241 4574 3390 4645 005.

2825 4711 3292 4781 OALVINUS
3337 4710 3806 4780 LU'I'HERO.

2511 4867 2714 4934 Mittit
2766 4869 2828 4935 ei
2883 4867 3117 4936 libellos
3174 4868 3329 4935 duos
3384 4889 3584 4952 nuper
3638 4868 3834 4934 editos
3884 4868 3959 4934 de
4012 4867 4290 4934 vitandis

2336 4955 2901 5038 superstitionibus,
2925 4957 3202 5037 petitque
3234 4959 3304 5020 nt
3345 4955 3712 5020 sententiam
3746 4974 3931 5019 suam
3964 4953 4040 5020 de
4073 4974 4292 5036 quaes-

2327 5041 2934 5212 Zffiaigz'dtractata
2975 5041 3048 5106 in
3080 5040 3458 5107 commodum
3486 5040 3818 5107 Gallorum
3860 5039 4073 5123 aliquo
4110 5039 4292 5107 modo

2546 5299 2607 5368 6)
2645 5298 2722 5353 aa
2752 5298 2988 5353 comitia.

2546 5368 2605 5437 7)
2647 5366 2728 5435 of.
2768 5366 2845 5424 N.
2878 5364 2998 5438 550,
3032 5372 3144 5424 not.
3179 5367 3232 5425 2.
