4825 6175
645 426 778 490 483

647 610 846 676 tione.
907 608 1072 674 Inde
1117 609 1293 674 enim
1338 607 1736 691 colligebant
1775 607 1921 671 fieri
1966 626 2050 671 ex
2094 627 2296 672 coena
2339 607 2615 672 theatri-

649 716 803 762 cum
860 695 1329 777 spectaculum.
1435 697 1655 777 Atque
1722 693 1794 757 in
1859 692 1965 757 his
2030 692 2232 758 etiam
2290 700 2392 759 est
2452 692 2615 758 Phi-

650 782 701 849 ht
833 803 882 847 s.

691 803 1059 949 PPanpite
1101 865 1370 943 decimo,
1416 865 1532 929 ubi
1568 863 1649 928 de
1693 863 1946 947 gratiae
1982 866 2250 929 nomine
2294 863 2612 947 disputas,

650 952 949 1018 addenda
1017 960 1193 1016 esset
1270 952 1710 1034 metonymica
1786 949 2212 1033 significatiO,
2290 950 2463 1033 quod
2530 950 2613 1015 ad

651 1039 822 1104 dona
856 1038 1144 1120 grat-uita
1184 1038 1594 1111 transfertur,
1642 1035 1797 1118 quia
1839 1035 2109 1102 effectus
2145 1045 2306 1101 sunt
2340 1036 2608 1120 gratiae.

819 1124 1030 1188 Paulo
1074 1135 1222 1205 post
1264 1143 1399 1187 non
1441 1120 1656 1205 placet
1701 1120 1900 1184 etiam
1946 1122 2114 1203 quod
2177 1131 2314 1186 tam
2359 1121 2610 1205 rigidus

649 1229 720 1275 es
762 1209 834 1273 in
878 1207 1262 1291 exponendo
1307 1209 1506 1272 verbo
1550 1206 1945 1271 conferendi.
2034 1205 2180 1272 Scis
2238 1207 2606 1274 cavendum

650 1315 908 1376 semper
963 1315 1137 1368 esse,
1208 1314 1292 1357 ne
1345 1293 1580 1358 merito
1649 1301 1963 1374 queratur
2012 1293 2428 1359 adversarius
2492 1314 2611 1375 per

648 1379 1048 1446 calumniam
1095 1379 1453 1454 detortum,
1515 1377 1686 1460 quod
1732 1379 1989 1443 saniore
2034 1387 2150 1442 aut
2192 1381 2403 1463 magis
2447 1378 2607 1443 tole-

649 1463 841 1529 rabili
884 1486 1080 1530 sensu
1126 1464 1398 1528 dixerat.
1484 1464 1695 1527 Porro
1739 1463 1851 1545 qui
1896 1461 2148 1543 docent,
2196 1473 2610 1530 sacramenta

648 1551 941 1616 conferre
997 1552 1306 1633 gratiam,
1379 1571 1513 1614 non
1570 1549 1692 1615 hoc
1749 1569 1909 1613 sane
1965 1549 2382 1635 intelligunt,
2451 1550 2608 1614 dare

649 1638 970 1700 iustitiam
1012 1650 1126 1700 aut
1169 1633 1412 1717 aliquid
1458 1635 1702 1711 simile,
1759 1634 1871 1699 sed
1917 1636 2103 1701 nobis
2147 1636 2608 1700 administrare

649 1722 776 1786 Dei
843 1722 1106 1805 gratias.
1183 1723 1428 1808 ‚Atque
1482 1720 1603 1785 hoc
1661 1742 1858 1785 sensu
1927 1722 2241 1803 accipitur
2307 1743 2345 1785 a
2399 1720 2607 1786 Fabio

647 1828 849 1889 quum
916 1807 1099 1872 dicit:
1168 1827 1321 1870 aves
1388 1827 1499 1870 ore
1566 1825 1685 1870 suo
1752 1806 2048 1870 conferre
2112 1809 2325 1872 cibum
2385 1807 2603 1890 pullis.

647 1893 897 1957 Locum
924 1913 1078 1974 ergo
1101 1893 1393 1975 mitigari
1417 1891 1678 1968 vellem,
1719 1913 1802 1955 ne
1826 1892 2349 1974 reprehendendi
2374 1893 2606 1957 ardore

646 1977 1002 2059 arripuisse
1049 1978 1328 2042 videaris
1386 1977 1554 2060 quod
1612 1989 1755 2040 erat
1798 1977 2017 2041 minus
2056 1979 2367 2044 odiosum.
2459 1978 2605 2042 Imo

643 2063 800 2146 quid
845 2073 948 2127 est
991 2064 1058 2126 in
1105 2064 1230 2128 hac
1267 2064 1594 2126 sententia
1631 2060 1915 2136 absurdi,
1963 2070 2371 2129 sacramenta
2418 2064 2604 2129 nobis

640 2149 1017 2213 adiumenta
1061 2170 1201 2213 esse
1246 2147 1326 2211 ad
1373 2148 1858 2231 percipiendam
1895 2148 2022 2213 Dei
2057 2149 2383 2231 gratiam?
2464 2150 2603 2214 Ex-

640 2235 869 2316 cipies,
940 2234 1063 2299 hoc
1117 2255 1259 2298 esse
1328 2234 1551 2297 minus
1605 2254 1800 2316 quam
1857 2234 2172 2299 conferre.
2276 2235 2597 2302 Concedo.

642 2319 775 2385 Sed
821 2322 1098 2403 gratiam
1146 2319 1413 2401 spiritus
1455 2319 1792 2402 adiunges,
1839 2321 1949 2401 qui
1988 2329 2085 2384 est
2124 2321 2346 2385 anima
2381 2343 2599 2386 sacra-

638 2413 1044 2469 mentorum:
1083 2414 1242 2469 tunc
1270 2426 1536 2486 prorsus
1573 2404 1732 2469 illud
1771 2426 2005 2471 verum
2042 2407 2184 2482 erit,
2223 2428 2598 2472 sacramen-

640 2492 726 2556 tis
771 2490 1057 2555 conferri
1103 2490 1401 2574 gratiam.
1472 2494 1566 2554 At
1611 2490 1900 2572 loquutio
1943 2499 2045 2556 est
2088 2490 2327 2557 durior.
2415 2493 2598 2576 Ergo

642 2583 758 2641 aut
816 2576 975 2641 satis
1032 2577 1116 2640 sit
1176 2580 1256 2640 ab
1316 2599 1391 2639 ea
1452 2576 1799 2654 abstinere,
1846 2585 1963 2641 aut
2006 2598 2168 2643 sana
2211 2578 2601 2662 interpreta-

639 2662 817 2725 tione
865 2661 1211 2725 molliatur.

814 2746 1045 2829 Capite
1104 2747 1328 2810 eodem
1389 2767 1655 2810 causam
1718 2766 1855 2811 non
1921 2748 2175 2829 reperio
2243 2758 2319 2812 ut
2380 2747 2597 2815 locum

637 2833 1147 2918 Bonaventurae
1193 2843 1536 2914 tantopere
1594 2834 1903 2915 exagites.
1974 2833 2311 2910 Carentes,
2358 2835 2596 2918 inquis,

638 2917 765 2981 Dei
813 2917 1028 3001 gratia
1074 2917 1435 2982 inconsulte
1491 2919 1769 2981 remittit
1812 2916 1897 2982 ad
1947 2931 2372 2984 sacramenta.
2465 2920 2597 3000 Qui

637 3003 775 3067 sic?
850 3001 1074 3084 Quum
1113 3003 1274 3068 haec
1310 3003 1494 3067 nobis
1531 3002 1928 3069 adminicula
1963 3002 2368 3070 ordinaverit
2390 3007 2594 3084 Deua,

637 3087 870 3171 quibus
940 3090 1020 3154 ad
1100 3090 1317 3171 ipsum
1379 3087 1785 3172 dirigamur?
1897 3093 2018 3155 At·
2057 3091 2240 3157 Deus
2317 3093 2592 3176 gloriam

637 3195 821 3239 suam
868 3197 996 3239 non
1043 3175 1356 3240 transfert
1399 3175 1480 3239 ad
1527 3175 1868 3239 elementa.
1936 3176 2196 3241 Fateor.
2266 3177 2400 3243 Sed
2439 3178 2592 3243 hoc-

636 3260 780 3325 cine
825 3273 925 3325 est
967 3261 1313 3325 transferri
1357 3261 1487 3324 Dei
1531 3261 1810 3343 gloriam
1851 3261 1935 3325 ad
1980 3268 2335 3337 creaturae,
2390 3285 2594 3346 quum

637 3356 947 3428 tanquam
993 3346 1257 3428 organis
1301 3346 1511 3409 utitur
1546 3344 1630 3410 ad
1665 3344 2180 3411 distribuendam
2219 3370 2403 3414 suam
2444 3371 2594 3433 gra-

633 3431 839 3494 tiam?
911 3432 1089 3514 Ergo
1134 3431 1230 3495 sol
1278 3451 1360 3494 ne
1403 3430 1733 3495 illuminet
1775 3438 2038 3511 terram,
2086 3454 2241 3517 ergo
2285 3456 2371 3498 ne
2403 3435 2594 3518 panis

635 3517 785 3580 alat.
877 3517 1170 3580 Rursum
1220 3517 1498 3598 excipis:
1545 3515 1730 3581 Deus
1765 3515 1849 3580 ad
1891 3538 1961 3582 so
2005 3528 2200 3583 vocat
2241 3541 2370 3584 non
2415 3521 2594 3586 able-

635 3613 745 3685 gat
789 3622 907 3665 nos
951 3602 1033 3666 ad
1072 3612 1498 3668 sacramenta.
1584 3600 1793 3683 Quasi
1829 3624 1983 3668 vero
2020 3614 2431 3671 sacramenta
2472 3627 2592 3671 nos

634 3686 963 3751 retineant
1020 3689 1088 3750 in
1144 3712 1214 3753 se
1259 3688 1451 3770 ipsis.
1510 3710 1584 3752 ac
1641 3709 1773 3752 non
1829 3690 2048 3770 potius
2106 3687 2187 3753 ad
2246 3691 2589 3756 Christum

631 3793 835 3836 manu
878 3773 1137 3837 ducant.
1228 3773 1310 3837 In
1356 3773 1478 3839 hoc
1523 3773 1825 3856 sacrilegi
1872 3784 2026 3838 sunt
2072 3776 2389 3857 papistae,
2436 3778 2592 3859 quia

633 3880 714 3921 ex
783 3859 1210 3922 sacramentis
1274 3858 1742 3942 impedimenta
1809 3861 2057 3924 faciunt
2117 3883 2203 3925 ne
2269 3876 2449 3926 recta
2507 3864 2592 3928 ad

634 3942 977 4007 Christum
1035 3945 1310 4008 veniant
1361 3945 1506 4026 piae
1567 3945 1858 4022 animae,
1934 3954 2008 4008 ut
2068 3968 2152 4010 ex
2225 3949 2420 4012 unico
2476 3948 2590 4013 illo

632 4028 831 4092 fonte·
860 4028 1171 4092 hauriant
1213 4030 1527 4111 quidquid
1575 4040 1675 4093 est
1717 4031 1886 4094 boni.

810 4114 889 4176 In
944 4116 1076 4178 fine
1121 4117 1350 4196 capitis
1395 4118 1487 4180 ita
1530 4115 1861 4191 concludis
1907 4116 2201 4182 demum:
2276 4118 2591 4201 Quisquis

633 4199 705 4262 in
753 4199 1089 4264 Christum
1138 4201 1375 4278 credit,
1437 4201 1826 4266 iustificatus
1883 4213 1980 4266 est
2037 4202 2166 4267 fide
2211 4225 2329 4268 sua
2373 4205 2589 4288 prius-

633 4306 830 4367 quam
898 4287 1324 4350 sacramentis
1389 4288 1854 4352 communicet:
1924 4308 2080 4370 ergo
2146 4299 2400 4355 constat
2455 4312 2589 4355 non

632 4372 910 4435 conferri
957 4372 1236 4453 gratiam
1293 4392 1411 4455 per
1457 4382 1882 4438 sacramenta.
1974 4374 2170 4456 Apud
2215 4396 2322 4439 me
2367 4387 2588 4441 autem

632 4457 808 4521 valet
851 4458 1251 4521 contrarium
1299 4470 1787 4540 argumentum:
1851 4458 2026 4538 Quia
2085 4459 2213 4524 fide
2273 4462 2587 4528 iustifica-

631 4563 808 4619 mur,
867 4541 1012 4606 ideo
1067 4563 1184 4624 per
1240 4553 1652 4607 sacramenta
1703 4545 1981 4608 conferri
2039 4544 2225 4611 nobis
2330 4550 2584 4624 ratiam,

629 4627 785 4709 quia
819 4626 968 4691 fidei
1006 4628 1317 4692 exercitia
1351 4640 1527 4704 sunt,
1575 4650 1742 4711 quae
1782 4640 2056 4694 eatenus
2092 4569 2435 4697 cumulant
2466 4656 2586 4699 nos

629 4712 819 4776 donis
876 4713 1354 4793 spiritualibus,
1416 4716 1702 4797 adeoque
1762 4718 2111 4798 participes
2170 4717 2424 4781 Christi
2490 4720 2584 4782 fa-

628 4800 828 4872 ciunt,
868 4811 1189 4879 quatenus
1227 4801 1424 4862 fidem
1461 4812 1748 4864 nostram
1787 4812 2197 4882 promovent.
2259 4803 2368 4867 Ex
2406 4825 2582 4883 sene,

627 4885 916 4965 inquies,
978 4897 1092 4947 aut
1152 4907 1268 4967 per
1313 4886 1425 4949 se?
1537 4886 1984 4967 Nequaquam.
2074 4886 2206 4951 Sed
2264 4900 2585 4970 quatenus

628 4970 928 5033 serviunt
972 4969 1157 5043 fidei,
1217 4986 1276 5031 et
1337 4994 1453 5053 per
1496 4993 1574 5035 ea
1616 4971 1884 5053 spiritus
1929 4972 2177 5038 Christi
2234 4976 2584 5040 efficaciter

628 5058 766 5136 agit
811 5056 876 5117 in
924 5055 1178 5132 electis,
1243 5058 1383 5120 sine
1439 5080 1562 5138 quo
1607 5067 1863 5121 mortua
1908 5068 2009 5122 est
2053 5080 2155 5122 res
2201 5079 2277 5123 ac
2334 5062 2583 5127 inutilis

627 5156 1125 5204 Sacramentum.

801 5226 878 5288 In
926 5230 1134 5307 capite
1184 5226 1521 5291 undecimo
1569 5228 1759 5293 valde
1818 5230 2096 5294 miratus
2155 5252 2300 5295 sum
2361 5254 2579 5297 rerum

625 5310 1088 5374 exhibitionem
1143 5334 1270 5375 non
1319 5314 1505 5377 modo
1569 5316 1795 5398 negari
1852 5315 1966 5379 abs
2025 5330 2119 5395 te,
2175 5318 2288 5381 sed
2345 5321 2583 5384 acriter

2317 414 2846 485 EPISTOLAE
2891 420 3019 480 880

4523 422 4616 484 484

2717 605 2917 670 etiam
2959 604 3208 669 vexari.
3298 603 3550 669 Vocem
3596 607 3806 687 ipsam
3851 602 4208 670 Themistis
4256 605 4391 669 fers

2716 697 2873 755 tam.
2965 688 3100 756 Sed
3145 690 3275 766 ubi,
3322 711 3580 773 quaeso,
3626 691 3752 755 erit
3792 691 3921 756 Dei
3965 689 4213 755 veritas
4256 689 4512 756 sublata·
4536 714 4620 757 ex-

2716 776 3080 841 hibitione?
3184 775 3494 841 Christus
3561 797 3799 860 panem
3870 785 3938 841 et
3993 776 4224 841 vinum
4283 778 4623 860 porrigendo

2715 882 2948 945 corpus
2993 874 3059 925 et
3103 863 3492 946 sanguinem
3527 884 3723 927 suum
3768 862 3933 926 mihi
3977 863 4320 944 promittit.
4390 859 4625 947 Signum

2716 949 2975 1031 accipio,
3076 948 3246 1012 Rem
3307 947 3471 1012 mihi
3528 948 3726 1013 simul
3786 947 3930 1012 dari
3985 968 4206 1031 negas.
4312 947 4532 1013 Nonne
4572 951 4627 1015 id

2713 1034 3032 1099 lusorium
3078 1033 3219 1099 est?
3290 1034 3462 1098 Nam
3499 1033 3810 1098 exhibere
3845 1034 3916 1097 in
3955 1034 4079 1099 hoc
4114 1033 4253 1099 loco
4288 1033 4455 1097 nihil
4486 1035 4627 1100 aliud

2712 1119 2877 1184 mihi
2921 1130 3037 1184 est-
3063 1140 3258 1201 quam
3303 1118 3655 1184 fruendum
3701 1118 3874 1184 dare.
3942 1118 4025 1183 Id
4068 1121 4137 1184 in
4183 1131 4627 1186 sacramentum

2713 1204 2983 1289 negabis
3038 1214 3405 1289 competere
3463 1207 3616 1288 quia
3666 1206 4004 1288 proprium
4052 1201 4183 1277 Dei
4238 1213 4353 1271 est.
4445 1204 4538 1269 De
4571 1227 4629 1271 eo

2710 1291 2982 1356 minime
3026 1292 3333 1374 pugnabo
3378 1302 3592 1356 tecum
3612 1342 3626 1368 ,
3688 1294 3841 1374 quia
3898 1290 4067 1354 nihil
4111 1291 4262 1373 plus
4306 1289 4518 1356 tribuo
4550 1313 4629 1357 aa·

2710 1384 3079 1452 erament0,

2712 1462 2860 1527 dem
2922 1462 3192 1528 nullius
3254 1463 3578 1527 efficaciae
3658 1463 3785 1528 nisi
3853 1483 4052 1544 quam
4121 1482 4161 1525 a
4226 1462 4470 1545 spiritu
4532 1464 4632 1529 Dei

2709 1559 3066 1613 mutuatur.
3158 1548 3290 1614 Sed
3339 1548 3524 1613 dicis:
3568 1548 3719 1613 Non
3762 1548 4103 1613 continent
4141 1549 4214 1612 in
4260 1571 4330 1614 se
4356 1549 4481 1613 Dei
4513 1571 4633 1632 gra-

2709 1634 2873 1698 tiam
2932 1643 3370 1711 sacramenta,
3447 1655 3602 1718 ergo
3660 1655 3794 1698 non
3855 1631 4184 1698 exhibent.
4288 1635 4437 1700 Non
4487 1635 4635 1699 valet

2711 1720 2873 1784 haec
2939 1723 3417 1802 consequentia.
3541 1719 3938 1802 Quanquam
4004 1719 4123 1784 tibi
4188 1740 4322 1784 non
4390 1720 4634 1796 concedo

2710 1808 3137 1871 sacramentis
3196 1828 3326 1870 non
3387 1806 3710 1869 contineri
3755 1804 3881 1869 Dei
3940 1806 4228 1889 gratiam
4273 1805 4488 1888 quoad
4528 1805 4634 1871 dis-

2708 1891 3193 1973 pensationem,
3254 1913 3453 1973 quum
3513 1893 3607 1956 ita
3662 1892 3891 1973 loquor
3946 1912 4080 1955 non
4125 1892 4424 1974 significo
4466 1892 4638 1958 inclu-

2708 1998 2849 2041 sam
2896 1998 3054 2054 esse,
3102 1977 3215 2041 sed
3251 1976 3798 2059 quemadmodum
3835 1975 4049 2041 dicere
4083 1977 4392 2052 solemus,
4439 1977 4639 2042 Chris·

2707 2070 2849 2126 tum
2915 2065 2988 2126 in
3055 2063 3397 2146 evangelio
3452 2065 3790 2127 contineri.
3892 2063 4064 2127 Nam
4125 2073 4300 2128 certe
4358 2063 4639 2129 Christus

2706 2168 2824 2230 per
2864 2148 3282 2231 evangelium
3328 2149 3516 2213 nobis
3559 2147 3929 2224 exhibetur,
3975 2157 4090 2212 aut
4132 2148 4376 2213 falsum
4420 2150 4542 2214 erit
4578 2149 4641 2213 il-

2703 2231 2822 2298 lud
2868 2233 3081 2297 Pauli:
3130 2235 3385 2298 venisse
3422 2234 3798 2299 Corinthios
3840 2234 3909 2297 in
3957 2234 4099 2298 eius
4134 2235 4641 2299 communionem

2704 2340 2823 2401 per
2865 2320 3298 2403 evangelium.
3368 2321 3515 2384 Hoc
3555 2319 3747 2385 modo
3793 2320 3972 2383 nulla
4009 2321 4214 2386 oculis
4251 2322 4423 2386 meis
4459 2321 4643 2404 caligo

2702 2404 2912 2470 offusa
2948 2417 3063 2480 est,
3109 2407 3455 2488 quominus
3492 2408 3830 2489 perspicue
3867 2405 4272 2489 distinguam
4308 2427 4479 2490 quae
4514 2427 4641 2472 con·

2699 2490 2888 2555 fundi
2934 2513 3062 2555 non
3109 2490 3361 2556 debent.

2875 2577 3230 2642 Desideras
3268 2586 3489 2642 tamen
3525 2578 3890 2660 scripturae
3924 2577 4097 2642 locos
4137 2576 4378 2659 quibus
4417 2578 4483 2643 id
4521 2599 4641 2661 pro·

2702 2662 2908 2727 betur.
2996 2663 3422 2747 Respondeo,
3495 2663 3552 2726 si
3610 2671 3757 2727 tuas
3818 2662 4229 2728 admittimus
4282 2664 4644 2736 solutiones,

2703 2748 2870 2812 nihil
2917 2769 3003 2812 ex
3048 2749 3390 2830 scripturis
3435 2747 3783 2831 probatum
3827 2751 3927 2812 iri.
3996 2749 4167 2813 Nam
4212 2748 4373 2813 dum
4409 2750 4643 2815 Paulus

2702 2833 3009 2898 mundari
3054 2835 3393 2900 ecclesiam
3441 2835 3598 2900 dicit
3640 2834 3904 2899 lavacro
3951 2855 4157 2917 aquae
4201 2836 4270 2898 in
4314 2835 4524 2900 verbo
4564 2837 4648 2898 vi·

2701 2927 2824 2996 tae,
2863 2920 3109 3004 allegas
3149 2919 3571 3004 symbolicam
3610 2941 3752 2985 esse
3788 2921 4256 3003 loquutionem.
4328 2921 4501 2986 Inde
4534 2921 4645 2986 col-

2701 3004 2871 3089 ligis,
2918 3027 3151 3087 aquam
3195 3006 3396 3091 igitur
3436 3028 3575 3071 esse
3612 3008 3891 3091 signum.
3961 3006 4332 3089 Utrumque
4379 3007 4646 3073 libenter

2699 3092 2818 3156 tibi
2862 3092 3161 3169 conced0,
3209 3102 3561 3176 utrumque
3606 3093 3805 3157 etiam
3855 3103 4070 3158 tecum
4118 3093 4457 3176 profiteor.
4526 3092 4647 3160 Sed

2699 3177 2993 3241 nondum
3030 3198 3100 3242 es
3144 3177 3486 3259 expeditus
3532 3177 4079 3261 quemadmodum
4140 3186 4354 3262 putas.
4450 3180 4645 3245 Inane

2698 3262 2874 3327 enim
2910 3262 3038 3327 erit
3073 3272 3140 3327 et
3173 3263 3373 3327 fallax
3408 3265 3796 3348 symbolum,
3842 3266 3972 3329 nisi
4014 3267 4430 3348 purgationis
4466 3285 4645 3349 quam

2698 3350 2944 3432 figurat
2986 3371 3215 3413 verum
3259 3349 3346 3414 sit
3388 3352 3661 3433 pignus,
3730 3371 3885 3413 vera
3931 3352 4314 3434 obsignatio,
4377 3371 4643 3436 quorum

2698 3444 3050 3516 utrumque
3095 3434 3563 3499 exhibitionem
3608 3436 3902 3518 requirit.

2891 3518 3143 3585 Similis
3204 3530 3307 3585 est
3370 3522 3648 3585 aliorum
3713 3524 3898 3586 ratio.
4010 3520 4317 3603 Proinde,
4387 3535 4468 3589 ut
4530 3523 4642 3587 sim

2695 3604 2986 3681 brevior,
3046 3605 3190 3671 aliis
3245 3607 3563 3689 exemplis
3618 3609 3989 3689 praeteritis
4048 3628 4257 3671 unum
4314 3609 4489 3675 illud
4552 3629 4644 3674 su-

2696 3712 2901 3755 mam:
2960 3692 3109 3757 Hoc
3152 3703 3250 3756 est
3294 3713 3529 3774 corpus
3572 3715 3790 3757 meum
3836 3694 4005 3776 quod
4054 3715 4169 3776 pro
4215 3696 4403 3761 vobis
4451 3692 4641 3759 tradi-

2695 3786 2822 3841 tur.
2890 3777 3144 3842 Panem
3186 3799 3327 3843 esse
3362 3780 3625 3862 signum
3661 3779 4014 3845 contendis.
4084 3778 4266 3845 Idem
4307 3782 4640 3847 sentimus.

2694 3861 3187 3927 Exhibitionem
3236 3885 3457 3947 negas.
3547 3866 3694 3948 Ego
3739 3879 3964 3930 contra
4000 3887 4236 3930 assero.
4306 3868 4391 3932 In
4439 3870 4641 3951 figura

2692 3948 2938 4012 nodum
2979 3962 3170 4029 putas
3206 3951 3537 4032 explicari.
3605 3951 3755 4015 Non
3791 3951 4080 4015 admitto.
4148 3952 4436 4037 Signum
4476 3953 4643 4017 enim

2692 4053 2730 4097 a
2772 4033 2918 4098 Deo
2964 4054 3242 4098 vacuum
3285 4057 3415 4100 non
3462 4037 3913 4118 proficiscitur.
4003 4037 4229 4118 Neque
4289 4060 4451 4105 vero
4508 4050 4643 4103 tan·

2692 4127 2831 4184 tum
2890 4120 3081 4201 panis
3134 4122 3375 4203 figurat
3418 4122 3666 4188 Christi
3720 4141 3955 4203 corpus
4012 4123 4214 4188 fuisse
4270 4124 4481 4189 semel
4538 4144 4645 4206 pro

2691 4227 2797 4270 me
2838 4205 3266 4285 immolatum,
3314 4205 3429 4271 sed
3472 4208 3635 4271 mihi
3681 4206 3876 4272 hodie
3932 4209 4005 4271 in
4050 4208 4266 4273 cibum
4318 4208 4469 4275 dari
4528 4230 4642 4292 quo

2691 4311 2938 4355 vescar.
3005 4291 3338 4375 Religiose
3385 4293 3561 4356 enim
3608 4292 3889 4375 expendi
3926 4292 4165 4359 debent
4208 4295 4369 4361 haec
4416 4297 4643 4361 verba:

2691 4378 3005 4459 Accipite,
3051 4377 3240 4442 edite.
3310 4378 3502 4444 Unde
3546 4381 3745 4442 etiam
3789 4379 4038 4444 Paulus
4081 4391 4275 4445 vocat
4316 4390 4638 4445 κοινωνίαν.

2691 4462 2828 4527 Ν66
2872 4483 2978 4527 me
3021 4462 3181 4527 latet
3226 4474 3295 4528 ut
3340 4474 3721 4546 torqueatur
3755 4467 3950 4529 etiam
3988 4466 4109 4532 hoc
4148 4468 4443 4533 verbum.
4515 4465 4639 4534 Sed

2691 4549 2980 4631 argutias
3048 4551 3213 4612 nihil
3279 4571 3514 4614 moror.
3641 4551 3821 4614 Vera
3885 4561 4062 4616 certe
4125 4552 4641 4636 repraesentatio

2690 4654 2928 4698 coenae
2971 4656 3101 4698 non
3159 4637 3314 4714 erit,
3372 4638 3499 4700 nisi
3556 4638 3904 4718 participes
3952 4636 4201 4703 Christi
4247 4642 4517 4715 fiamus,
4576 4639 4639 4702 in

2689 4739 2817 4801 quo
2864 4719 3177 4784 exhibitio
3223 4730 3323 4784 est
3366 4722 3458 4784 rei
3506 4723 3840 4804 figuratae.

2861 4804 3071 4869 Venio
3119 4805 3200 4869 ad
3246 4807 3404 4870 alios
3448 4806 3625 4871 locos
3663 4811 3769 4891 qui
3820 4830 3953 4872 non
3998 4820 4155 4873 sunt
4201 4811 4282 4876 de
4319 4812 4639 4894 baptismo

2686 4912 2807 4955 nec
2868 4912 3084 4956 coena.
3190 4891 3509 4974 Spiritum
3577 4906 3871 4958 sanctum
3941 4915 4143 4979 negas
4221 4897 4423 4963 fuisse
4494 4917 4637 4962 cum

2684 4978 2874 5052 flatu,
2943 4999 3141 5058 quum
3210 4980 3279 5043 in
3344 4980 3671 5060 apostolos
3737 4981 4029 5045 sufflavit
4085 4980 4410 5049 Christus.
4508 4982 4639 5047 Cur

2683 5062 2819 5127 ita?
2913 5061 3088 5141 Quia
3133 5086 3261 5127 non
3300 5065 3874 5141 circumscribitur,
3921 5068 4153 5148 inquis.
4223 5073 4317 5133 At
4356 5071 4635 5136 circum·

2684 5149 3107 5231 scriptionem
3156 5171 3237 5214 ne
3276 5152 3566 5232 papistae
3602 5152 3861 5232 quidem
3899 5164 4218 5218 asserunt.
4288 5157 4373 5220 Et-
4414 5168 4633 5220 tamen

2683 5256 2905 5298 eorum
2952 5236 3243 5317 argutias
3278 5237 3499 5301 reiicio
3534 5259 3609 5300 ac
3645 5236 3901 5302 damno.
3970 5239 4133 5321 Ege,
4178 5245 4289 5322 qui
4331 5242 4631 5323 spiritum

2682 5323 3003 5403 coniunge
3041 5344 3187 5385 cum
3212 5323 3389 5399 flatu,
3430 5345 3556 5386 non
3594 5325 3920 5408 imaginor
3942 5326 4469 5392 coniunctionem
4492 5328 4629 5395 loci.

3175 1398 3373 1460 quam
3458 1385 3534 1441 ut
3603 1376 3691 1441 sit
3746 1375 3874 1441 Dei
3935 1396 4292 1460 organum,
4380 1387 4449 1442 et
4516 1379 4630 1460 qui·
4742 1413 4752 1434 .
