4825 6175
209 439 315 504 237

203 627 337 693 dam
377 623 823 708 possessiones
867 646 909 690 a
941 623 1098 692 clar.
1134 633 1371 692 senatu
1406 633 1624 694 vestro
1667 629 1996 695 emissent.
2053 629 2137 696 Id

199 710 655 795 improbissime
695 712 778 777 ab
820 731 897 776 eo
939 712 1139 778 fuisse
1181 714 1534 779 confictum
1550 765 1566 792 ‚
1609 735 1733 781 nos
1776 722 1978 782 testes
2023 736 2134 782 su·

195 817 332 863 mus
373 803 438 861 et
479 818 586 862 res
628 797 772 881 ipsa
812 797 1069 863 clamat.
1128 798 1385 865 Verum
1428 799 1636 866 multo
1679 800 1940 885 longius
1982 823 2133 886 per-

193 883 372 965 rupit.
457 882 686 948 Berua
737 883 918 947 enim
972 903 1276 950 reversus
1317 885 1769 951 testimonium
1813 908 1852 951 a
1895 895 2132 953 senatu

190 975 399 1035 nostro
442 989 647 1051 quum
682 975 936 1052 peteret
967 969 1194 1035 multis
1229 977 1298 1036 et
1330 969 1746 1039 mordacibus
1784 973 2131 1038 calumniis

188 1075 299 1120 nos
339 1053 428 1118 im
515 1054 684 1120 tivit.
762 1053 1071 1133 Senatus,
1115 1055 1187 1120 id
1229 1056 1401 1139 quod
1444 1066 1605 1137 erat,
1649 1058 1951 1142 iniquum
1987 1060 2132 1124 fore

188 1146 359 1206 ratus
401 1161 461 1205 s1
502 1160 622 1206 nos
667 1140 750 1206 ad
791 1142 1254 1225 purgationem
1297 1164 1434 1207 non
1468 1141 1862 1224 admitteret,
1908 1144 2130 1210 triduo

183 1233 325 1309 post
364 1245 517 1290 eum
561 1224 789 1291 adesse
832 1227 1040 1292 iussit.
1127 1227 1267 1293 Nos
1309 1248 1564 1311 quoque
1610 1231 1820 1296 vocati
1881 1252 2125 1297 sumus.

183 1310 467 1380 Praefati
510 1333 631 1378 nos
671 1312 944 1378 minime
986 1313 1435 1378 voluntarium
1481 1336 1633 1381 cum
1677 1335 1754 1381 eo
1799 1318 2131 1400 suscipere

183 1404 528 1472 certamen,
573 1398 803 1463 mirari
846 1419 968 1463 nos
1011 1397 1320 1479 diximus,
1367 1400 1515 1483 quis
1559 1422 1708 1467 eum
1749 1402 1984 1485 genius
2027 1403 2130 1467 in·

181 1482 436 1549 citasset
477 1491 553 1548 ut
593 1504 715 1548 nos
759 1484 1170 1549 criminando
1226 1484 1562 1551 meliorem
1618 1508 1805 1552 suam
1865 1508 2129 1554 causam

177 1568 581 1635 existimaret
642 1590 714 1635 se
777 1570 1124 1635 facturum.
1222 1572 1396 1636 Tum
1472 1572 1589 1637 illa
1663 1574 1886 1639 omnia
1964 1593 2130 1656 quae

179 1654 446 1720 audistis
489 1653 720 1721 ordine
776 1657 1200 1723 recitavimus
1239 1664 1319 1722 ut
1358 1656 1514 1722 inde
1557 1657 1875 1724 iudicium
1919 1661 2126 1724 fieret.

176 1739 354 1805 Nihil
397 1761 668 1823 prorsus
709 1743 1010 1826 negavit,
1067 1762 1281 1826 neque
1333 1744 1592 1809 silentio
1635 1751 1983 1811 contentus
2024 1746 2127 1809 in—

177 1827 351 1910 genti
407 1827 707 1892 omnium
764 1840 1034 1912 stupore
1088 1829 1427 1895 confessus
1471 1837 1573 1895 est
1613 1830 1684 1894 id
1728 1836 1939 1895 totum
1984 1851 2127 1896 esse

174 1932 419 1978 verum.
508 1912 764 1979 Iterum
805 1914 1136 1997 permissu
1181 1922 1448 1979 senatus
1489 1934 1774 2000 purgare
1817 1936 1939 1980 nos
1981 1937 2125 1982 coe-

173 1998 384 2080 pimus
418 2018 462 2062 a
495 1998 998 2065 malevolentiae
1033 2002 1400 2084 suspicione
1435 2021 1628 2084 quam
1662 2002 1853 2067 nobis
1893 2001 2127 2068 absen-

171 2081 339 2149 tibus
382 2085 733 2151 inusserat.
777 2084 1115 2152 Diluimus
1149 2088 1306 2152 item
1342 2085 1706 2152 calumnias
1739 2106 1902 2170 quas
1936 2086 2126 2153 nobis

168 2178 558 2252 asperserat.
648 2170 800 2252 Qua
855 2172 925 2236 in
983 2178 1174 2255 parte
1238 2172 1498 2238 servilis
1557 2173 1810 2257 ingenii
1874 2174 2129 2239 malitia

169 2274 205 2318 a
244 2257 492 2337 paruit.
539 2257 848 2323 Testatus
883 2259 1060 2323 enim
1098 2263 1200 2323 est
1232 2278 1452 2323 coram
1488 2267 1740 2336 senatu,
1778 2279 1850 2324 se
1884 2260 2128 2342 absque

234 2341 367 2406 lius
433 2353 598 2407 nota
661 2350 887 2426 petere
954 2344 1330 2409 missionem
1349 2395 1364 2422 ,
1421 2363 1541 2409 nec
1596 2344 1723 2410 sibi
1778 2346 1850 2410 in
1903 2348 2125 2411 animo

164 2446 304 2492 esse
345 2429 726 2512 quempiam
768 2450 1050 2514 gravare
1082 2430 1349 2496 invidia.
1417 2431 1605 2495 Actis
1648 2437 1868 2496 autem
1910 2430 2125 2514 publi·

163 2512 252 2577 cis
285 2514 511 2579 multa
545 2514 1050 2581 continebantur
1084 2516 1319 2598 quibus
1354 2514 1543 2581 nobis
1580 2515 1803 2581 odium
1839 2518 2124 2583 conflare

164 2597 525 2665 studuerat.
585 2598 900 2666 Defensio
937 2610 1165 2668 nostra
1198 2602 1350 2667 talis
1385 2602 1528 2678 fuit,
1571 2609 1651 2666 ut
1683 2604 2123 2685 nequissimus

162 2683 605 2752 calumniator
646 2687 728 2752 ab
772 2688 1078 2754 omnibus
1119 2687 1535 2753 iudicaretur.
1601 2685 1737 2755 Sed
1772 2688 1925 2770 quid
1971 2709 2123 2772 pro-

162 2769 434 2837 ferimus
481 2771 759 2838 aliorum
801 2771 1089 2840 iudicia?
1149 2774 1304 2857 Ipse
1346 2773 1851 2840 obmutescendo
1893 2795 1965 2840 se
2007 2795 2123 2858 pa-

159 2854 288 2921 lam
344 2857 713 2925 damnavit.
802 2859 1031 2942 Neque
1102 2859 1172 2925 id
1222 2859 1448 2926 modo:
1523 2857 1638 2925 sed
1691 2860 1981 2924 maxima
2038 2880 2124 2925 ex

159 2951 342 3023 parte
386 2965 554 3010 vera
596 2966 741 3011 esse
783 2946 1010 3011 omnia
1050 2946 1226 3012 ultro
1261 2945 1512 3012 annuit.
1572 2944 1750 3027 Quia
1783 2966 1923 3012 non
1958 2945 2121 3011 adeo

157 3028 469 3113 &equens
493 3037 636 3097 erat
662 3039 953 3112 senatus,
999 3033 1243 3098 reiecta
1266 3032 1392 3098 fuit
1415 3051 1614 3099 causa
1635 3033 1702 3097 in
1727 3030 2120 3098 hodiernum

158 3112 346 3182 diem.
441 3118 805 3202 Postquam
857 3117 1217 3185 introducti
1260 3120 1505 3184 fuimus
1521 3170 1538 3197 ,
1584 3126 1854 3183 senatus
1897 3118 2119 3185 nobis-

156 3217 300 3266 cum
343 3204 797 3288 expostulavit
828 3202 1003 3287 quod
1036 3226 1170 3270 non
1204 3205 1397 3271 citius
1433 3203 1516 3270 ad
1551 3225 1625 3269 se
1659 3204 2119 3270 detulissemus

153 3286 354 3353 talem
413 3309 702 3356 causam.
792 3285 1036 3356 Facilis
1093 3291 1224 3356 fuit
1278 3298 1347 3356 et
1387 3299 1694 3374 prompta
1748 3293 2116 3357 excusatio:

157 3373 322 3455 quod
359 3395 576 3458 quum
606 3377 956 3442 fuissemus
988 3376 1162 3444 iusto
1196 3377 1637 3456 humaniores,
1674 3384 1902 3442 tamen
1925 3398 2117 3443 accu-

153 3477 460 3527 saremur
499 3462 745 3530 nimiae
781 3461 1113 3530 saevitiae.
1172 3463 1526 3530 Caeterum
1557 3461 1669 3527 vel
1703 3461 2118 3528 clementiam

154 3544 256 3609 vel
298 3546 793 3633 indulgentiam
851 3555 1148 3615 nostram
1200 3569 1286 3613 ne
1330 3568 1612 3632 usquam
1670 3568 1747 3613 eo
1789 3557 2119 3632 spectasse

152 3636 226 3694 ut
267 3632 570 3700 aleretur
623 3634 697 3700 in
741 3634 878 3699 suis
932 3635 1113 3700 vitiis
1127 3687 1145 3714 ‚
1204 3656 1273 3701 se
1373 3656 1458 3700 ne
1514 3634 1937 3718 praecipitem
1991 3635 2117 3698 im-

151 3717 571 3798 pelleremus.
659 3719 902 3787 Postea
957 3721 1337 3805 rogavimus
1394 3742 1526 3786 uno
1570 3721 1771 3787 verbo
1814 3727 2118 3785 senatum

150 3810 222 3866 ut
254 3804 720 3871 testimonium
761 3827 845 3870 ex
880 3807 1043 3872 actis
1085 3805 1364 3889 publicis
1405 3805 1713 3873 redderet
1754 3805 2117 3872 clarissimo

151 3897 369 3956 vestro
440 3892 725 3957 senatui.
814 3891 1013 3972 Quod
1069 3913 1141 3958 se
1194 3893 1524 3957 facturum
1577 3913 1712 3957 non
1767 3890 2119 3957 difficulter

147 3977 414 4060 recepit.
461 3975 686 4043 Deum
722 3983 792 4042 et
825 3976 1123 4043 homines
1159 3986 1499 4057 testamur,
1536 3977 1704 4043 nihil
1727 3977 1850 4044 hoc
1874 3978 2117 4061 scripto

18 4091 21 4125 J
149 4058 370 4126 hostili
416 4063 645 4128 animo
686 4068 801 4128 aut
844 4066 1246 4132 accusatorio
1297 4065 1551 4129 dictum
1594 4064 1918 4130 contineri
1962 4085 2116 4129 con-

18 4163 21 4215 }
148 4145 411 4214 flandae
475 4148 765 4215 invidiae
819 4170 1049 4227 causa,
1105 4150 1221 4215 sed
1275 4171 1417 4215 rem
1471 4148 1756 4215 fideliter
1798 4157 1876 4215 ut
1918 4148 2119 4214 habet

147 4232 404 4300 sincero
442 4234 758 4302 ecclesiae
791 4234 1118 4301 iuvandae
1152 4234 1367 4302 studio
1400 4255 1543 4301 esse
1576 4235 1871 4301 relatam.
1929 4234 2115 4301 Deus

148 4335 262 4383 vos
298 4330 653 4386 conservet
686 4321 1176 4406 ministerioque
1210 4329 1434 4389 vestro
1468 4320 1832 4400 benedicat,
1877 4321 2117 4386 fratres

150 4402 565 4472 dilectissimi
610 4414 679 4473 et
718 4408 905 4474 nobis
950 4406 1220 4473 colendi.

319 4491 662 4574 Genevae,
717 4498 812 4558 13.
857 4493 1245 4560 Decembris
1295 4497 1478 4558 1545.

1066 4578 1352 4646 Ioannes
1397 4578 1733 4646 Calvinus.

1064 4666 1315 4731 Abelus
1357 4662 1760 4749 PouppinuS.

1066 4752 1348 4818 Ioannes
1388 4750 1769 4816 Ferronius.

1064 4837 1377 4904 Nicolaus
1422 4836 1774 4903 Gallasius.

1069 4923 1506 5075 ‚Raygjnondus
1547 4920 1948 4989 Ohauvetus.

1065 5010 1162 5074 M.
1267 5031 1369 5093 op.

1064 5094 1349 5161 Ioannes
1395 5094 1715 5162 Calvinus
1756 5093 1999 5157 iterum

1152 5182 1521 5248 absentium
1564 5179 1846 5246 nomine.

931 5339 1224 5350 *m
1255 5341 1338 5348 ἡ.

1882 444 2047 507 1545
2091 440 2501 512 ΒΕΟΕΜΒ.

4069 416 4194 518 23'8

3140 632 3293 705 ¹142.

2734 783 3210 856 OPORINUS
3255 788 3695 857 oALviNo.

2411 954 2810 1023 Commendat
2857 958 2918 1023 ei
2973 957 3208 1025 librum
3251 958 3518 1027 Heroldi
3575 981 3785 1028 recens
3849 963 4084 1030 editum
4136 972 4196 1032 et

2237 1040 2580 1126 Maynifico
2627 1042 2905 1127 Maiyret
2944 1045 3311 1112 dedicatum.

2561 1212 2668 1278 (Ex
2704 1215 3043 1285 autographo
3080 1214 3206 1270 Cod.
3245 1215 3409 1271 Goth.
3443 1215 3564 1287 404,
3600 1218 3690 1273 fol.
3728 1217 3870 1287 771.)

2405 1382 2478 1449 S.
2569 1385 2757 1450 Nihil
2820 1394 2964 1451 erat
3028 1408 3293 1467 causae,
3350 1389 3588 1455 saltem
3647 1391 3883 1471 seriae,
3941 1395 4190 1478 optime

2231 1474 2426 1552 atque
2463 1468 2833 1537 doctissime
2868 1473 2952 1537 D.
2985 1470 3258 1551 Calvina,
3304 1495 3422 1540 cur
3463 1475 3586 1541 hoc
3618 1483 3913 1562 tempore
3947 1481 4190 1564 ineptis

2230 1555 2398 1620 meis
2453 1556 2663 1622 literis
2719 1555 3100 1623 melioribus
3167 1560 3706 1645 gravioribusque
3764 1564 3999 1631 studiis
4054 1568 4188 1635 tuis

2229 1640 2710 1724 obstreperem,
2772 1643 2898 1708 nisi
2953 1665 3062 1710 me
3117 1644 3399 1713 Ioannes
3451 1647 3799 1729 Rev-oldus,
3826 1652 3881 1733 ¹)
3936 1653 4186 1720 amicus

2230 1734 2483 1807 noster,
2539 1727 2864 1793 hortando
2920 1729 3004 1794 ad
3071 1730 3197 1796 hoc
3250 1733 3638 1814 impulisset.
3724 1736 4078 1804 Dedicavit
4127 1740 4186 1805 is

2227 1809 2475 1876 librum
2520 1814 2820 1880 Alesonii
2873 1814 2956 1880 de
3009 1817 3265 1883 Exsilio
3319 1817 3405 1883 D.
3449 1820 3788 1887 Ludovico
3832 1824 4187 1908 Magnifica

2230 1895 2533 1981 Maiyret,
2552 1901 2610 1978 ²)
2669 1921 2865 1984 quem
2922 1907 2992 1966 et
3044 1903 3220 1984 apud
3274 1924 3393 1970 vos
3447 1927 3626 1972 nunc
3683 1928 3879 1992 agere
3936 1910 4184 1994 tibique

2227 2002 2347 2064 per
2388 2004 2546 2049 uam
2588 1985 2979 2052 familiarem
3033 2007 3175 2054 esse
3213 1989 3560 2057 intellexit.
3647 1993 3853 2077 Cupit
3892 1996 4102 2081 igitur
4143 2019 4185 2063 a

2229 2076 2295 2133 te
2328 2069 2375 2133 il
2407 2071 2421 2084 '
2471 2071 2757 2137 officium
2801 2094 2997 2138 suum
3040 2076 3505 2158 commendari,
3552 2077 3723 2161 quod
3755 2080 3854 2145 ita
3890 2082 4184 2149 animum

2229 2175 2425 2220 suum
2488 2177 2647 2241 erga
2709 2157 2899 2223 illum
2962 2159 3145 2224 nulla
3196 2180 3270 2225 re
3324 2162 3455 2227 alia
3510 2162 3845 2231 declarare
3902 2167 4180 2249 licuerit,

2230 2238 2428 2324 idque
2470 2243 2571 2308 uti
2613 2244 2729 2309 abs
2772 2252 2840 2309 te
2882 2245 3304 2328 impetrarem
3361 2249 3558 2313 enixe
3602 2252 3953 2318 contendit.
4042 2252 4183 2320 Oro

2229 2326 2449 2410 itaque
2506 2336 2602 2406 te,
2658 2330 2750 2393 mi
2793 2328 2878 2395 D.
2928 2328 3209 2411 Calvinc,
3271 2334 3529 2415 quando
3583 2336 3977 2403 eiuscemodi
4032 2361 4073 2405 a
4113 2349 4183 2407 tc

2228 2412 2517 2512 officium
2560 2415 2846 2515 petimus
2889 2424 3162 2500 uterque
3176 2468 3193 2497 ,
3237 2439 3365 2501 quo
3408 2429 3475 2484 et
3516 2421 3852 2488 devincire
3895 2446 4015 2491 nos
4056 2424 4183 2491 tibi

2227 2510 3404 2673 fflffi2 ⁰tsss⁸q133105330⁸sn233133
3461 2510 4183 2675 {Emffrffoeffliimfflffi

2227 2670 2419 2735 nobis
2478 2690 2643 2754 opus
2701 2680 2832 2751 est,
2890 2674 3080 2740 nobis
3123 2682 3199 2739 ut
3240 2675 3601 2759 gratificari
3645 2680 3769 2746 hac
3813 2701 4066 2765 quoque
4107 2684 4182 2748 in

2225 2775 2299 2819 re
2353 2755 2637 2822 libenter
2702 2767 2898 2842 atque
2964 2761 3171 2826 amice
3231 2762 3416 2828 velis.
3506 2762 3701 2845 Quod
3767 2768 3823 2831 si
3891 2767 4181 2833 vicissim

2226 2861 2612 2925 quacunque
2656 2843 2787 2908 alia
2827 2846 2899 2909 in
2942 2867 3014 2910 re
3057 2847 3379 2928 praestari
3433 2847 3681 2933 aliquid
3734 2851 3854 2917 tibi
3898 2862 4013 2918 aut
4048 2855 4180 2920 tuis

2224 2927 2435 3078 possit
2468 2949 2508 2993 a
2539 2928 2746 3008 nobis,
2793 2950 3055 3014 semper
3095 2930 3358 3016 quidem
3401 2954 3522 3000 nos
3561 2939 3898 3019 experiere
3933 2942 4182 3024 accepti

2269 3014 2527 3079 eneficii
2567 3036 2908 3082 memores.
2996 3018 3183 3083 Bene
3226 3018 3401 3098 vale,
3456 3027 3525 3085 et
3566 3022 3909 3090 Timotheo
3965 3033 4098 3106 tu0,
4119 3027 4179 3106 Β)

2224 3119 2419 3182 quem
2463 3103 2760 3184 proxime
2804 3110 3023 3169 tecum
3069 3104 3177 3170 hic
3218 3104 3524 3172 Basileae
3568 3108 3885 3190 habebas,
3933 3114 4179 3195 optimo

2222 3192 2418 3269 atque
2483 3188 2925 3255 eruditissimo
2988 3190 3232 3271 iuveni,
3297 3191 3651 3275 plurimam
3714 3216 3863 3262 meo
3914 3198 4179 3265 nomine

2222 3270 2507 3338 salutem
2550 3272 2764 3340 dicito.
2853 3274 3175 3355 Basileae,
3226 3281 3323 3343 16.
3369 3276 3756 3348 Decembris
3804 3288 3986 3349 1545.

3453 3414 3548 3483 Ic.
3595 3416 3936 3503 Oporinus

3406 3509 3563 3570 tuus
3605 3524 3691 3569 ex
3735 3506 3969 3574 animo.

2992 3688 3405 3702 ψ.

3129 3910 3171 3978 7
3172 3907 3282 3982 43.

2757 4059 3231 4131 CALVIN'US
3276 4061 3648 4129 V'IRETO.

2389 4228 2643 4296 Valerio
2678 4230 3092 4297 Lausannam
3135 4238 3338 4299 vocato
3379 4234 3554 4299 alius
3590 4231 3950 4316 Gapuncuzo
3991 4255 4177 4318 quae-

2223 4316 2461 4382 rendus
2501 4335 2827 4382 successor.
2872 4313 2958 4382 In
3004 4316 3420 4400 Gkamperclli
3462 4321 3695 4404 myotio
3735 4321 3972 4402 fratres
4014 4321 4176 4388 Ber-

2239 4604 2389 4663 742.
2428 4606 2485 4674 1)
2528 4606 2623 4660 Ex
2661 4606 2915 4663 Ioechero
2960 4605 3252 4660 didicimus
3298 4607 3441 4662 hunc
3472 4608 3649 4675 fuisse
3683 4609 3835 4664 verbi
3865 4609 4176 4665 ministrum

2106 4679 2109 4682 ’
2219 4677 2282 4731 in
2317 4691 2455 4745 ayro
2483 4675 2809 4740 Basileensi,
2843 4691 2912 4731 ex
2946 4676 3065 4729 vico
3084 4674 3394 4731 Hochsffidt
3428 4676 3505 4731 ad
3522 4675 3845 4732 Danubium
3881 4678 4173 4732 oriundum

2218 4751 2270 4801 et
2290 4745 2676 4800 macenorum
2695 4747 3019 4813 scriptorum
3042 4744 3292 4800 historici
3322 4747 3539 4813 generis
3560 4752 3818 4801 autorem.
3853 4745 4174 4801 Alesonium

2216 4831 2344 4870 vero
2371 4829 2609 4883 prorsus
2638 4815 2977 4884 ionoramus.

2424 4883 2486 4948 2)
2527 4883 2666 4938 Fuit
2708 4886 2761 4938 is
2799 4883 3047 4937 Gmevae
3097 4881 3313 4936 αᾱυεηα
3358 4884 3423 4938 ob
3467 4884 3778 4951 reliyumem
3826 4884 4176 4950 proscriptus

2215 4958 2264 5005 et
2314 4952 2615 5020 prosaque,
2669 4955 2780 5006 iam
2828 4950 2964 5005 1536
3002 4967 3038 5003 a
3084 4959 3277 5005 senatu
3320 4953 3714 5018 stipendiatus,
3764 4950 3984 5006 Calvina·
4023 4953 4174 5018 fidus

2216 5021 2454 5087 assecla,
2502 5037 2651 5076 anno
2687 5018 2821 5074 1547
2867 5021 2930 5074 in
2975 5034 3146 5074 causa
3180 5022 3301 5072 Am.
3342 5020 3573 5074 Pcrrini
3613 5026 3806 5075 contra
3851 5021 3996 5075 hunc
4029 5022 4174 5077 inter

2209 5091 2515 5158 primarios
2549 5096 2707 5144 testes
2812 5106 2923 5143 ens.
2986 5087 3094 5143 Sea
3125 5088 3179 5142 ei
3208 5103 3400 5142 nomen
3433 5089 3547 5154 fuit
3584 5089 3887 5143 Laurentio
3921 5087 4170 5159 (Galiffe,

2226 5156 2491 5229 Quelques
2517 5174 2691 5227 paqes
2724 5158 2777 5213 α’
2818 5160 3003 5212 istoire
3033 5174 3087 5228 p.
3126 5156 3192 5209 13
3228 5159 3327 5222 ss.)
3364 5169 3475 5211 non
3512 5173 3637 5212 vero
3672 5158 3955 5212 Ludovieo
3989 5165 4051 5213 ut
4084 5158 4173 5215 hic

2216 5227 2387 5294 habet,
2426 5243 2595 5297 neque
2633 5227 2924 5283 Lamberto
2958 5232 3021 5281 ut
3056 5227 3328 5295 Haayius,
3366 5226 3586 5281 Franco
3613 5232 3761 5294 prot.
3800 5227 3929 5280 vn.
3963 5226 4083 5280 361.

2425 5295 2483 5360 3)
2525 5297 2647 5352 Hoc
2667 5299 2780 5350 viri
2797 5311 2990 5351 nomen
3011 5312 3123 5351 non
3149 5297 3443 5364 proprium
3465 5295 3658 5362 fuisse,
3694 5295 3791 5348 sed
3824 5297 4172 5366 symbolicum

2214 5365 2285 5419 ab
2327 5363 2575 5434 Oporino
2606 5365 2859 5433 inditum,
2890 5371 3057 5434 patet.
